4012 6190
537 198 648 255 219
1580 198 1640 253 S.
1684 187 2068 253 HIERONYMI
2103 190 2392 252 OPERUM
2431 190 2794 248 MAN'I'ISSA.
3732 187 3835 250 320

547 312 726 367 ctibus
746 311 996 385 agitatur,
1018 308 1266 365 Christus
1288 306 1473 363 mundi
1495 306 1799 362 turbinibus
1818 314 2126 362 exercetur.
2158 307 2211 367 Α
2238 303 2526 374 pretiosus.
2558 300 2716 358 Unde
2742 315 2903 373 quam
2937 299 3096 355 fortis
3123 312 3246 357 esse
3283 301 3462 372 possis
3499 308 3693 359 eontra
3730 302 3835 359 lto-

546 404 660 460 Nisi
690 404 853 460 Jonas
885 402 1153 473 perditum
1186 399 1367 465 detur,
1398 399 1549 454 navis
1581 397 1877 468 periculum
1907 412 2013 452 non
2042 412 2133 451 se-
2234 405 2369 452 stem
2402 403 2553 450 tuum
2580 410 2594 453 :
2628 395 2899 466 interroga
2929 402 3129 449 statum
3161 404 3332 462 tuum,
3366 394 3509 464 quod
3537 394 3635 451 tibi
3656 394 3838 452 Domi-

546 500 730 554 datur.
761 498 853 552 Sic
877 510 982 550 non
1010 494 1275 549 liberatur
1303 494 1562 559 Ecclesia,
1595 492 1696 547 nisi
1729 491 1931 547 Christi
1960 500 2135 546 morte
2237 504 2338 543 nus
2364 488 2432 543 ad
2459 488 2842 543 debellandum
2872 488 2925 543 in
2958 487 3220 542 membris
3245 486 3353 542 tuis
3400 485 3588 547 mundi
3635 487 3835 556 princi-

547 597 800 651 salvetur.
831 591 1017 646 Nauta:
1046 589 1322 645 dlmissuri
1349 589 1560 651 Jonam,
1594 595 1772 642 tamen
1798 595 2053 642 verentur
2081 595 2138 642 et
2238 599 2382 656 pem,
2405 592 2460 638 et
2482 582 2758 653 spiritales
2788 582 3057 652 nequitias
3087 579 3424 648 superandus
3456 580 3680 635 liberam
3710 594 3836 637 cou-

548 687 776 741 dicunt:
814 683 1062 744 Domine.
1103 699 1167 736 ne
1202 682 1293 735 des
1327 698 1481 753 super
1513 697 1606 734 nos
1642 682 1949 750 sanguith
1986 681 2137 733 inno-
2236 678 2362 734 tulit
2400 676 2751 732 facultatem:
2787 691 2849 729 ac
2894 676 2972 730 sic
3017 673 3362 743 impossibile
3408 688 3516 730 non
3561 682 3739 744 putes,
3784 684 3840 731 ut

545 788 741 833 centem
770 775 931 849 (Ion.
963 791 1013 843 ι,
1044 776 1110 830 Η
1132 773 1173 843 ).
1207 775 1396 829 Nonne
1427 775 1580 827 vobis
1614 774 1827 827 videtur
1854 782 2138 828 nautarum
2239 769 2523 825 transferri
2553 768 2801 823 obtineas
2823 767 2877 820 in
2902 766 3182 835 angelicas
3205 766 3569 821 beatitudines
3594 781 3610 821 :
3638 780 3759 820 cum
3784 766 3835 821 in

548 870 865 942 imprecatio
880 867 1037 924 Pilati
1058 882 1183 924 esse
1203 867 1506 924 confessio?
1527 866 1629 933 Qui
1655 867 1820 922 tradit
1836 866 2134 933 Cbrismm,
2242 863 2343 917 hoc
2370 862 2568 917 saeculo
2593 861 2866 931 angelicas
2903 859 3172 915 deviceris
3194 866 3509 926 potestates.
3541 858 3658 916 Non
3710 873 3839 931 ergo

549 974 604 1020 et
631 975 805 1018 tamen
829 963 972 1017 lavat
995 976 1183 1017 manus
1206 975 1350 1025 suas,
1378 971 1428 1014 et
1452 961 1619 1015 dicit:
1654 958 1885 1013 Mundus
1906 974 2000 1030 ego
2028 975 2141 1011 sum
2241 966 2295 1011 te
2320 956 2647 1026 degenerem
2691 969 2757 1009 ac
2801 953 3118 1023 despectum
3168 950 3332 1006 faciat
3379 953 3509 1016 vita,
3554 966 3715 1022 quem
3760 952 3840 1009 vel

548 1056 853 1129 asanguine
870 1055 1006 1128 justi
1032 1053 1191 1127 hujus
1223 1051 1438 1126 (Matth.
1471 1068 1640 1118 xxvtt,
1665 1050 1783 1121 24).
1808 1054 1981 1118 Quam
2004 1065 2140 1105 cun-
2243 1052 2444 1105 factura
2496 1050 2687 1119 probat
2728 1047 2995 1102 illustrem
3046 1045 3339 1115 protulisse
3377 1046 3461 1101 vel
3507 1045 3716 1116 gratia:
3748 1045 3841 1102 sed

547 1164 683 1220 grue
726 1162 825 1217 per
863 1160 1149 1219 personam
1180 1144 1439 1217 gentilem
1485 1144 1621 1200 lides
1646 1144 1898 1216 'gentium
1942 1142 2141 1215 prmdi-
2244 1156 2460 1196 cursum
2492 1141 2667 1195 lidelis
2694 1139 2903 1194 Christi
2935 1138 3157 1209 sanguis
3176 1137 3244 1193 ad
3270 1154 3502 1206 superna
3529 1137 3845 1195 fiducialitet'

550 1242 738 1298 eatur!
2246 1234 2484 1289 extollat.
2514 1232 2644 1288 Nam
2667 1233 2756 1303 qui
2785 1248 2845 1287 se
2869 1232 3077 1287 rmlesti
3103 1231 3278 1301 pretio
3306 1230 3489 1287 vident
3510 1231 3840 1302 redemptos,

624 1335 717 1389 XI.
754 1332 891 1388 Dicit
923 1334 1103 1403 itaque
1128 1331 1295 1387 Jonas
1325 1331 1379 1385 in
1415 1331 1664 1386 oratione
1695 1346 1792 1386 sua
1828 1348 1843 1387 :
1869 1329 2019 1385 Tolle
2049 1330 2147 1400 igi-
2247 1328 2313 1383 ad
2343 1328 2586 1383 coelestia
2616 1342 2721 1382 non
2752 1325 3004 1381 dubitent
3035 1334 3384 1395 praeparatos.

552 1436 658 1492 tur,
692 1426 1184 1528 Dontinelanimam
1207 1439 1396 1528 meam,
1422 1424 1545 1528 quia
1571 1423 1840 1525 meliorest
1860 1422 2147 1528 milii-mors
2387 1458 2698 1516 MUNITUM
2732 1458 2797 1514 IN
2825 1458 3210 1515 EPISTULA“
3241 1418 3678 1528 SEQUENTE“.

554 1536 711 1591 quam
753 1519 877 1573 sita.
924 1518 1076 1572 Dicat
1120 1517 1222 1572 hoc
1267 1516 1422 1571 nobis
1465 1517 1724 1569 Dominus
1764 1523 1949 1569 noster
1986 1514 2147 1570 Jesus
2522 1514 2547 1584 .’
2859 1575 2869 1585 .
2922 1514 2925 1515 '
3335 1514 3401 1528 ν
3502 1572 3512 1583 .

558 1612 810 1667 Christus
846 1628 858 1661 :
897 1610 1018 1667 quia
1059 1609 1244 1662 melior
1278 1618 1354 1663 est
1387 1608 1515 1661 mihi
1552 1626 1689 1663 mors
1723 1625 1877 1667 quam
1902 1609 2006 1662 vita
2039 1625 2056 1661 :
2092 1607 2143 1662 id
2260 1574 2499 1667 ,.§’_"_’.'_"‘
2516 1572 3853 1667 "‘Ifmffwjfgfatidttvttutgiperat

644 1620 810 1666 ristus
846 1628 858 1661 :
897 1620 1018 1674 quia
1059 1620 1244 1662 metior
1278 1620 1354 1663 est
1387 1620 1513 1661 mtm
1552 1626 1689 1663 mors
1723 1625 1877 1679 quam
1902 1620 2006 1662 vita
2039 1625 2056 1661 :
2092 1620 2143 1662 lt]
2286 1649 2296 1658 .
2601 1620 2892 1655 '."""'"'".
2914 1620 3064 1645 ἰη’-⁷
3089 1620 3285 1627 ""“""'
3306 1620 3828 1641 ""“'""“"r"""

765 1707 774 1715 _
1177 1704 1191 1715 _
1253 1702 1265 1715 _
1634 1711 1643 1715 Δ
1850 1702 1862 1715 _
2184 1688 2226 1715 η
2258 1656 2397 1715 liquo
2426 1662 2548 1711 ms.,
2579 1646 2683 1702 Inc.
2716 1655 2761 1696 et
2802 1662 2891 1715 qut
2936 1648 3321 1715 subsequuntur
3368 1645 3470 1698 duo
3498 1658 3760 1715 sermones
3798 1644 3856 1695 de

561 1713 672 1770 est,
726 1707 918 1758 vivens
959 1718 1119 1756 unam
1166 1702 1472 1756 ludat-orum
1523 1711 1737 1771 gentem
1787 1702 1998 1755 salvare
2046 1715 2145 1755 non

2265 1688 2561 1786 E'pipltzmiiz
2587 1725 2633 1770 et
2669 1688 3449 1788 Quad'ragesima,’Hieronymo
3479 1714 3849 1788 inscribuntur.

564 1796 713 1866 potui
748 1812 761 1849 :
794 1794 1016 1859 moriar,
1046 1803 1105 1847 ut
1133 1794 1421 1848 universus
1448 1795 1679 1849 mundus
1703 1809 1816 1848 mea
1848 1802 2025 1847 morte
2049 1793 2158 1849 sal-
2264 1788 2511 1866 Erasmus
2533 1789 2629 1866 ait.
2660 1788 2806 1866 video
2836 1785 3129 1840 dubitatum
3154 1796 3205 1866 et
3229 1787 3294 1840 ab
3317 1785 3456 1854 aliis,
3491 1786 3729 1866 cujus'st't
3750 1790 3855 1837 hac

561 1896 739 1942 vetur.
763 1886 955 1941 Jonam
979 1894 1128 1940 cetus
1151 1886 1313 1956 piscis
1336 1885 1547 1955 excepit
1568 1887 1905 1952 numnum,
1930 1885 2023 1939 sed
2050 1902 2155 1939 nou
2258 1858 3278 1956 ’jfizttiljff;Egi}?“afﬁciturffﬁffiyL
3290 1854 3855 1956 9}‘{'j{‘l“"_‘f,£f°}ffm

564 1983 786 2051 contigit
814 1928 1182 2035 devoratum
1209 1992 1261 2035 et
1300 1928 1695 2047 quemlmalitia
1725 1930 2004 2033 immitinm
2038 1995 2159 2048 per-
2261 1942 2350 1985 am
2379 1930 2669 1986 Maxmmm
2694 1933 2873 2001 ’.ἤθε’
2902 1929 3214 2002 Hieronymi
3248 1947 3348 1984 non
3375 1946 3499 1995 csse’
3531 1928 3705 2001 palam
3734 1939 3825 1982 es"

563 2073 720 2137 didit,
765 2072 936 2127 bestia
978 2074 1224 2127 esuriens
1259 2074 1547 2128 custodivit.
1592 2089 1605 2126 :
1653 2072 1821 2142 plenis
1860 2072 2159 2130 visceribus
2792 2060 3127 2119 EPISTULA
3158 2060 3328 2129 XXV,

556 2166 758 2220 famem
800 2166 1023 2236 patitur,
1062 2174 1115 2221 et
1160 2166 1212 2219 in
1260 2165 1493 2234 pne-dam
1534 2182 1694 2235 quam
1741 2165 2049 2232 absorbuit,
2087 2165 2160 2220 nil
2548 2171 2648 2210 SEU
2694 2168 2872 2211 θεηηο
2903 2170 2970 2209 DE
2999 2169 3328 2209 NATI\'ITATE
3360 2166 3562 2208 00!!!"-

562 2259 664 2315 sibi
694 2260 860 2315 licere
887 2258 1135 2314 miratur.
1169 2258 1299 2327 Quis
1325 2267 1408 2313 est
1448 2261 1545 2312 iste
1576 2259 1667 2329 qui
1698 2258 1840 2312 inter
1868 2258 2056 2311 avidos
2092 2258 2146 2311 ri-

2332 2272 2373 2327 l.
2410 2271 2579 2326 llodie
2601 2284 2760 2325 verus
2785 2269 2862 2323 sol
2892 2278 3043 2322 ortus
3068 2277 3152 2323 e~t
3180 2267 3383 2322 mundo
3408 2283 3423 2320 :
3452 2267 3612 2321 hodie
3639 2265 3693 2319 in
3720 2275 3862 2319 tene-

564 2363 682 2406 mus
711 2353 921 2407 absumi
956 2360 1156 2423 Ρυιθδίο
1191 2355 1432 2407 c‘msu'm
1475 2368 1580 2404 ""n
1610 2350 1831 2421 Ρθωεῑῗ
1863 2351 2025 2404 Ciims
2058 2358 2158 2413 “Si:
2263 2367 2374 2421 bris
2396 2364 2582 2419 saeculi
2612 2364 2790 2416 lumen
2822 2362 3121 2431 ingressum
3150 2370 3252 2415 est.
3288 2360 3433 2415 Deus
3466 2360 3640 2414 factus
3663 2368 3747 2414 cst
3777 2359 3867 2410 lto-

564 2446 845 2515 corruptio
875 2460 981 2500 non
1011 2455 1114 2499 est.
1145 2445 1404 2498 Traditur
1438 2442 1756 2511 perditionis
1790 2441 2079 2511 profundo,
2108 2450 2164 2494 et
2266 2475 2375 2521 mn,
2411 2467 2467 2510 ,ιι
2501 2455 2664 2509 homo
2705 2456 2843 2509 Deus
2891 2454 3063 2508 πίεται,
3119 2452 3374 2507 Formam
3426 2451 3565 2506 εει-νε
3605 2449 3862 2505 Dominus

564 2546 813 2592 servntur
850 2538 1023 2606 ipsius
1056 2536 1248 2589 mortis
1286 2536 1570 2604 obsequio.
1617 2535 1748 2601 Quis
1785 2546 1867 2587 est
1906 2534 2037 2601 iste,
2069 2535 2148 2602 qtr

2280 2553 2491 2623 tecepit,
2525 2561 2582 2604 ttt
2606 2565 2797 2605 servus
2827 2558 3133 2604 verteretur
3168 2547 3219 2601 in
3249 2546 3554 2601 Dominum.
3594 2542 3864 2599 leorunt

562 2630 906 2684 vastissimas
947 2628 1095 2682 sinus
1137 2628 1501 2696 periculorum
1545 2636 1690 2681 totus
1731 2627 2052 2696 ingreditur,
2105 2637 2146 2681 et

2283 2646 2536 2700 tabitator
2562 2653 2615 2699 et
2644 2643 2892 2697 conditor
2927 2641 3129 2694 habitat
3163 2640 3215 2694 in
3238 2640 3416 2705 terris,
3447 2647 3502 2691 ιιι
3534 2639 3700 2691 homo
3726 2635 3866 2690 colo-

567 2721 670 2774 sub
698 2719 987 2773 altitudine
1016 2718 1305 2773 conclusus
1336 2717 1599 2771 immensa
1639 2725 1802 2788 atque
1843 2718 2151 2786 mortifera,

2284 2753 2364 2792 ius
2392 2748 2549 2793 terre
2578 2738 2839 2807 migraret
2865 2734 2932 2791 ad
2962 2735 3148 2790 eteius.
3181 2732 3226 2789 Ο
3255 2733 3372 2788 dies
3401 2731 3549 2787 omni
3582 2731 3703 2784 sole
3734 2729 3864 2783 luci-

569 2812 719 2867 Vita“
756 2827 888 2867 aere
919 2813 1179 2882 Ρθεείίυτν
1220 2821 1275 2866 ει
1322 2812 1577 2866 dimissus
1619 2811 1676 2866 in
1712 2812 1945 2867 alienam
1978 2828 2159 2867 rerum
2266 2830 2420 2885 dior!
2454 2847 2483 2881 o
2516 2842 2727 2899 tempus
2759 2830 2970 2883 cunctis
3015 2827 3230 2881 srrcttlis
3271 2824 3677 2892 exspectatius!
3720 2820 3869 2889 Quod

570 2915 842 2971 naturam,
874 2905 925 2959 in
957 2905 1083 2960 vita:
1109 2905 1357 2960 essilium
1384 2921 1505 2959 cum
1535 2904 1639 2959 vita
1673 2908 2073 2976 peregrinatur,
2108 2917 2154 2961 et

2292 2921 2719 2977 iraastolabantur
2741 2922 2936 2992 angeli,
2959 2920 3099 2991 quod
3124 2918 3403 2975 cherubim
3427 2928 3484 2974 et
3518 2916 3795 2987 seraphim
3826 2923 3876 2972 et

571 2999 761 3052 mortis
792 3006 1071 3067 superstes
1100 2998 1384 3053 annuntiat
1413 2998 1596 3053 mundi
1628 2999 1894 3054 salutem?

2292 3016 2525 3070 :mlorum
2549 3013 2845 3068 ministeria
2865 3014 3207 3069 nesciebant:
3234 3012 3404 3066 hocin
3425 3021 3612 3066 nostro
3637 3019 3876 3079 tempore

642 3090 753 3145 XII.
805 3089 940 3145 Puto
987 3090 1132 3161 quad
1187 3091 1274 3147 hic
1326 3102 1409 3146 est
1466 3090 1728 3145 Dominus
1776 3100 1959 3147 noster
2004 3094 2159 3148 Jesus
2189 3079 2226 3143 C

2296 3110 2561 3164 cvelatum
2591 3120 2695 3163 θεῖ.
2723 3108 2874 3175 Quod
2898 3108 2974 3162 illi
3000 3107 3257 3161 videbant
3284 3123 3378 3177 per
3411 3105 3693 3176 speculum
3715 3113 3769 3159 et
3792 3119 3877 3171 per

566 3182 852 3245 Christus,
892 3199 1049 3253 quem
1086 3199 1227 3238 saeva
1262 3199 1439 3251 mors,
1472 3184 1816 3253 inexplebilis
1846 3186 2021 3240 bellua
2048 3228 2062 3253 ,
2107 3188 2150 3240 iu

2289 3201 2594 3273 maginem:
2643 3216 2742 3254 nos
2789 3202 3065 3256 cernimus
3115 3200 3167 3254 in
3220 3199 3470 3255 veritate.
3518 3198 3619 3263 Qui
3672 3194 3865 3267 populo

574 3292 752 3331 escam
786 3294 936 3332 3"3'“
965 3280 1166 3347 ΓθΡυίίν
1201 3291 1253 3333 εί
1286 3280 1525 3349 Primam
1556 3296 1707 3334 5"3'“
1737 3280 2003 3351 οεψιίναω
2032 3297 2163 3337 0οη-
2265 3293 2558 3349 l~raelitic't
2583 3293 2907 3362 loquebatur
2929 3310 3025 3362 per
3053 3292 3270 3358 Isaiam,
3298 3290 3585 3346 Jeremiam
3611 3297 3868 3343 caeteros-

573 3370 789 3424 tremuit
817 3388 830 3423 :
862 3386 1022 3441 quem
1054 3373 1154 3427 etsi
1195 3383 1333 3426 terra
1367 3372 1653 3427 sorbuerat
1692 3375 2006 3429 crucifixum
2038 3392 2050 3428 :
2084 3384 2163 3428 ta-
2265 3402 2371 3457 que
2404 3385 2722 3456 prophetas,
2758 3402 2900 3441 nunc
2930 3388 3086 3441 nobis
3120 3403 3213 3456 per
3242 3386 3435 3440 Filium
3464 3384 3735 3453 loquitur.

578 3478 700 3518 men
729 3479 888 3531 quem
924 3480 1028 3517 non
1062 3465 1345 3520 invenerat
1375 3481 1524 3519 reum
1547 3510 1559 3533 ,
1596 3481 1701 3519 non
1736 3475 1949 3535 poterat
1979 3477 2162 3523 tenere

2336 3476 2400 3531 ll.
2436 3476 2621 3531 Videte
2643 3478 2768 3548 quid
2793 3480 2862 3532 sit
2888 3480 3026 3533 inter
3049 3488 3203 3534 vetus
3225 3477 3633 3532 Testamentum
3687 3483 3742 3529 et
3783 3488 3872 3528 no-

575 3556 925 3624 ἀωηηθυηηῖ
958 3557 1080 3625 ‘1“in
1101 3559 1312 3631 culpa")
1345 3572 1452 3610 "0"
1487 3557 1612 3611 fac“
1640 3573 1821 3628 Ραθηίι»
1852 3560 1945 3615 59d
1976 3575 2157 3614 caui“-
2267 3587 2410 3626 vum.
2463 3570 2520 3624 In
2552 3571 2642 3624 illo
2667 3572 2989 3641 loquebatur
3015 3587 3112 3642 per
3135 3571 3385 3625 nebulam
3414 3586 3429 3622 :
3463 3568 3618 3623 nobis
3643 3569 3880 3638 loquitur

579 3648 747 3713 Quasi
776 3651 993 3703 solitum
1025 3651 1199 3703 cibum
1231 3653 1499 3722 perditum
1534 3654 1585 3707 in
1617 3654 1823 3724 origine
1856 3654 2038 3708 mundi
2070 3655 2163 3708 lto-

2287 3680 2363 3718 ter
2383 3679 2656 3717 serenum.
2692 3663 2763 3717 lbi
2803 3665 2943 3718 llcns
2971 3664 3252 3718 videbatur
3278 3664 3330 3717 itt
3355 3663 3510 3721 rubo,
3545 3662 3631 3715 hic
3664 3661 3730 3715 de
3760 3661 3871 3713 vir-

584 3740 784 3795 minem
834 3741 1109 3795 devoravit
1151 3762 1163 3796 :
1219 3744 1315 3797 sed
1374 3760 1620 3814 magnam
1677 3762 1799 3801 esse
1847 3747 1949 3802 sibi
1998 3749 2165 3816 ipsius
2268 3757 2389 3827 giue
2410 3757 2548 3810 Deus
2572 3758 2826 3810 nasrttttr.
2857 3756 2932 3810 lbi
2957 3757 3092 3825 ignis
3112 3755 3423 3825 er.ttpopuli
3451 3762 3671 3823 peccatu
3694 3769 3881 3807 consu-

582 3833 895 3902 dignitatem
935 3834 1223 3902 przefocata
1262 3837 1535 3904 cognovit.
1573 3839 1745 3907 Atque
1783 3838 1908 3892 ideo
1951 3838 2167 3892 divinus
2271 3862 2457 3902 mens:
2489 3848 2574 3901 hic
2607 3847 2774 3901 homo
2804 3859 2888 3901 est
2920 3849 3097 3916 pepuli
3131 3855 3348 3917 peccata
3371 3846 3674 3905 dimittens,
3707 3845 3869 3898 immo

578 3940 761 3981 sermo
789 3939 1201 3995 ⁰⁰¹¹¹¹²¹θ¹η¹π²¹ν
1230 3938 1277 3981 εί
1302 3929 1545 3998 Ρνίῑτσερίῑ
1573 3931 1721 3998 pisci,
1750 3942 1795 3985 et
1818 3936 2039 3986 evomuit
2066 3930 2165 3986 Ιο·
2271 3940 2555 4010 ignescens
2586 3940 2756 3994 servis
2781 3941 2915 3995 suis.
2955 3940 3121 3995 Nemo
3158 3944 3291 3994 enim
3335 3950 3495 4009 βριάει
3541 3949 3757 4011 peccata
3798 3938 3875 3990 di-

580 4034 701 4072 nam
748 4019 802 4071 in
848 4018 1052 4071 aridam
1094 4035 1112 4073 :
1152 4018 1421 4089 Praecepit
1463 4037 1593 4092 ergo
1632 4022 1858 4093 bestiae,
1911 4027 2169 4096 praecepit
2272 4035 2489 4098 mittere,
2521 4033 2617 4087 nisi
2644 4034 2785 4087 solus
2819 4032 2974 4086 Deus.
3025 4033 3151 4088 Sive
3202 4031 3362 4087 hodie
3410 4032 3677 4086 Domitius
3722 4030 3878 4085 legas

582 4112 742 4166 ιηυηί
768 4127 982 4182 ’θηψυτ
1011 4114 1295 4182 θειηἯῚιῑῘν
1326 4117 1585 4183 Ρηεεοβίι
1615 4118 1824 4189 =|by~sis
1848 4130 1903 4172 et
1933 4120 2167 4186 inferno,
2274 4139 2450 4196 natus,
2482 4128 2597 4180 sive
2629 4126 2787 4179 hodie
2817 4127 3119 4195 baptizatus
3140 4133 3246 4191 est,
3273 4125 3489 4179 diversa
3521 4123 3741 4190 quidem
3769 4121 3882 4189 opi-

582 4219 641 4263 ut
665 4208 864 4263 mundo
887 4208 1137 4263 restituat
1163 4213 1519 4266 salvatorem.
1555 4212 1804 4266 Evomuit
1832 4228 2032 4283 au'cm,
2065 4216 2170 4271 hoc
2275 4220 2364 4271 nio
2391 4216 2563 4270 fertur
2589 4216 2639 4269 in
2678 4217 2900 4282 mundo,
2947 4224 3002 4269 et
3051 4230 3147 4285 pro
3196 4213 3543 4268 traditioaum
3591 4214 3881 4271 varietate.

580 4302 845 4357 debemus
875 4303 1147 4372 accipere,
1183 4302 1323 4372 quod
1353 4320 1418 4357 ex
1459 4304 1580 4357 imis
1621 4305 1928 4361 visceribus
1979 4308 2170 4362 mortis
2275 4307 2540 4363 sententia
2564 4320 2646 4362 est
2667 4308 2900 4363 diversa.
2926 4306 3090 4361 Nobis
3114 4306 3243 4361 illttd
3267 4305 3565 4360 constatad
3594 4304 3879 4375 liquidum,

581 4397 776 4450 victrix
806 4396 915 4450 vita
944 4397 1264 4452 remeaverit
1299 4416 1313 4453 :
1344 4407 1505 4468 atque
1538 4414 1657 4454 eam
1691 4397 1903 4454 eximis
1940 4418 2171 4471 praecor-
2208 4469 2221 4471 Α
2277 4401 2419 4471 quod
2450 4402 2565 4456 sive
2598 4400 2756 4454 hodie
2790 4409 2946 4454 natus
2977 4415 3038 4452 ex
3075 4397 3241 4454 Maria
3272 4397 3479 4468 virgine
3507 4406 3612 4462 Cal,
3643 4397 3761 4451 sive
3798 4412 3884 4451 re-

582 4489 688 4545 diis
729 4489 929 4545 inferni
960 4490 1191 4561 perditio
1218 4493 1528 4547 exulcerata
1561 4493 1880 4548 reddiderit.
2206 4469 2252 4529 ί)
2282 4469 2437 4549 natus
2461 4511 2525 4548 ex
2555 4494 2843 4562 baptismo.
2877 4504 2931 4548 ct
2960 4493 3213 4547 uativitas
3239 4494 3420 4548 carnis
3451 4502 3506 4546 ct
3537 4492 3761 4561 spiritus
3800 4505 3892 4543 tto-

655 4580 2179 4657 Xlll.Videmusitaqueinpropheta:afﬂictionibusaper—
2278 4587 2362 4642 bis
2390 4586 2639 4655 prolicit:
2676 4596 2968 4656 utrumque
3001 4585 3319 4656 mysterium
3354 4600 3555 4646 meum,
3604 4594 3896 4650 utrumque

577 4675 784 4729 tissime
814 4676 1209 4746 prteliguratam
1243 4679 1441 4747 pariter
1467 4688 1519 4732 et
1568 4686 1796 4734 mortem
1838 4688 1892 4734 et
1930 4696 2178 4737 resurre-
2283 4679 2489 4735 utilitas
2515 4695 2631 4735 mea
2661 4690 2766 4733 est.
2797 4680 2885 4733 Dei
2911 4679 3077 4734 Filius
3103 4696 3208 4733 non
3235 4679 3466 4733 habebat
3495 4678 3889 4743 necessarimu,

581 4770 837 4825 ctionem.
880 4770 1219 4841 Quapropter
1250 4771 1392 4841 quod
1418 4771 1693 4840 impletum
1726 4771 1905 4827 cernis
1928 4773 1978 4827 in
2000 4789 2180 4840 servo,
2286 4784 2339 4823 ut
2365 4780 2697 4837 nasceretur,
2726 4781 2781 4825 ut
2806 4771 3192 4842 baptizaretur.
3220 4770 3403 4841 Neque
3431 4771 3576 4825 enim
3606 4779 3893 4840 peccatum

583 4862 807 4917 credere
836 4878 941 4914 non
972 4862 1245 4917 cuncteris
1274 4863 1326 4916 in
1362 4862 1608 4917 Domino.
1638 4864 1770 4930 Qua:
1800 4880 1923 4919 cum
1957 4865 2027 4919 ita
2051 4867 2181 4932 sint,
2289 4864 2498 4920 fecerat
2542 4865 2685 4933 quod
2714 4865 2764 4919 ei
2797 4866 3166 4920 remitteretur
3193 4866 3244 4919 in
3279 4864 3547 4933 baptismo
3576 4880 3590 4916 :
3624 4863 3724 4918 sed
3754 4862 3903 4918 illius

588 4952 853 5021 perspice,
887 4952 1070 5020 homo,
1102 4964 1357 5023 quantum
1386 4954 1589 5017 valcas,
1637 4966 1688 5010 et
1733 4957 2007 5026 perpende
2053 4959 2182 5028 quid
2289 4956 2591 5021 humilitas,
2624 4967 2805 5011 nostra
2831 4956 3174 5011 sublimitas:
3210 4956 3350 5011 illius
3378 4971 3534 5022 crus,
3579 4963 3771 5008 nostra
3822 4954 3904 5007 vi-

586 5042 814 5098 debeas:
842 5046 1085 5111 perstrice
1103 5056 1360 5117 quantum
1384 5047 1584 5113 valeas,
1609 5058 1666 5103 ut
1687 5049 1896 5105 tandem
1919 5050 2042 5107 vilis
2064 5068 2187 5109 esse
2290 5052 2460 5106 ctoria
2493 5060 2607 5105 est:
2641 5050 2783 5105 illius
2816 5050 3137 5120 patibulum,
3164 5057 3352 5104 noster
3375 5045 3688 5115 triumphus
3722 5053 3833 5100 ρει.

588 5138 683 5193 tibi
713 5137 965 5193 desinas:
999 5151 1053 5193 ut
1078 5142 1160 5196 vel
1196 5157 1289 5211 per
1332 5141 1433 5196 hoc
1478 5144 1859 5200 erubescendis
1904 5148 2186 5216 subiacere
2366 5130 2452 5201 ill.
2487 5144 2799 5201 Gattdentcs
2852 5143 2953 5197 hoc
3002 5144 3214 5212 signum
3264 5141 3506 5195 levemus
3556 5140 3610 5192 iu
3660 5137 3909 5193 humeris

587 5232 733 5289 vitiis
778 5232 1104 5302 dedigneris.
1142 5234 1269 5289 dum
1307 5238 1729 5307 generositatem
1761 5248 1907 5295 tuam
1938 5240 2007 5295 de
2038 5256 2192 5297 crea-
2298 5238 2536 5295 nostris:
2569 5238 2923 5293 victoriarum
2957 5236 3176 5300 vexilla,
3206 5245 3259 5290 et
3286 5233 3595 5289 immortale
3622 5233 3908 5289 lavacrum

591 5328 726 5382 toris
754 5340 817 5380 ac
852 5328 1183 5394 reparatoris
1212 5327 1477 5397 dignitate
1521 5331 1751 5385 metiris.
1791 5331 1960 5385 liabet
1998 5348 2193 5389 causas
2300 5343 2573 5397 portemus
2616 5331 2669 5385 in
2720 5329 3009 5385 frontibus.
3058 5328 3194 5384 Cum
3247 5329 3348 5382 hoc
3395 5325 3615 5394 signum
3658 5325 3912 5382 diabolus

586 5420 782 5488 quibus
811 5428 861 5472 te
893 5418 1008 5487 ipse
1033 5416 1325 5472 confundat
1352 5437 1363 5471 :
1406 5434 1501 5474 cur
1530 5419 1762 5491 indignis
1791 5422 2024 5477 dominis
2055 5424 2194 5481 victo
2296 5422 2651 5493 etinspexerit
2685 5424 2738 5477 in
2767 5422 3036 5477 frontibus
3084 5420 3305 5484 nostris,
3352 5417 3761 5474 contremiscit.
3814 5416 3912 5483 Qui

585 5510 752 5565 corde
776 5510 1057 5575 subdatur,
1082 5512 1166 5565 cui
1194 5511 1366 5580 gloria
1391 5520 1594 5566 :nterna
1626 5514 1957 5577 promittitur
1982 5532 1997 5575 ;
2031 5525 2087 5571 et
2115 5518 2197 5573 sic
2297 5523 2482 5576 aurata
2504 5514 2769 5585 Capitolia
2793 5532 2900 5570 non
2927 5515 3137 5579 timent,
3160 5528 3378 5569 crucem
3409 5512 3625 5566 timent.
3648 5514 3759 5581 Qui
3787 5528 3915 5567 cou-

591 5601 808 5667 Βοιηῖηο
834 5599 1950 5673 Ρΐίνὶιεείυνψιέὠιαυιιιὼνὶηπξίηιειείηἰε
1974 5604 2193 5675 partici-
2300 5617 2547 5663 temnunt
2588 5617 2803 5675 sceptra
2852 5606 3055 5679 regalia
3106 5616 3163 5661 et
3206 5618 3476 5672 purpuras
3524 5602 3818 5659 Cwsarum
3867 5614 3921 5659 et

587 5688 806 5757 patioue
827 5688 1085 5759 fulgebas,
1110 5692 1341 5750 eﬂicwis
1362 5692 1525 5749 etiam
1551 5696 1859 5752 commercii
1891 5697 2179 5755 nobilitate
2300 5703 2482 5774 dapc.~,
2506 5699 2939 5758 Christianorum
2968 5700 3157 5757 sordes
3185 5708 3235 5755 et
3257 5696 3464 5766 jejunio
3494 5697 3921 5768 pertimescunt.
