4012 6190
1055 231 1392 293 EPISTOLA
1420 229 1613 299 XXVI,
1652 227 1786 288 SEU
1822 224 2060 286 SERHO
2096 225 2188 283 DE
2225 222 2620 282 EPIPHANIA.

202 359 508 431 Deaiquein
531 355 817 416 Ezechiele
842 351 1134 426 propheta,
1161 363 1289 405 cum
1319 357 1513 402 omnes
1535 343 1629 414 qui
1660 342 1790 397 mis-
1814 342 1865 403 Δ
1889 339 2068 395 luerat
2115 350 2450 408 congregare
2480 375 2498 402 ,
2548 344 2611 389 ut
2654 331 2898 431 Domini.
3176 327 3491 431 attingeret.

201 466 286 508 sus
313 450 488 507 fuerat
513 449 737 520 angelus
768 445 1080 510 occidisset,
1110 449 1169 496 et
1195 437 1503 495 interiectio
1539 434 1795 505 cepisset

201 559 228 598 a
254 544 475 609 sanctis,
509 542 584 597 illi
609 539 984 596 tantummodo
1003 535 1242 605 εοενίιθθ
1263 539 1637 596 reservantl‘t',
1658 541 1795 599 quos

200 633 343 690 Tltau
374 633 573 700 littera,
603 632 656 686 id
679 643 783 698 est,
809 631 986 687 crucis
1006 629 1218 699 pictura
1241 631 1575 681 servaverat.
1604 620 1795 676 Exsul-

200 735 366 784 temus
388 724 570 797 itaque
590 725 659 780 ad
683 724 864 780 crucis
887 718 1302 777 similitudinem
1325 733 1342 772 :
1370 723 1589 771 sanctas
1611 715 1667 770 in
1685 728 1797 770 cte-

195 821 296 876 lutn
323 819 573 875 levemus
601 832 834 874 manus:
861 832 983 872 cum
1011 815 1090 868 sic
1120 827 1221 867 nos
1250 818 1496 868 armatos
1519 808 1796 865 damones

193 909 444 976 viderint,
467 910 870 980 opprimentur.
891 905 1118 974 Quando
1147 903 1365 976 Moyses
1391 912 1604 958 erectas
1632 899 1796 956 habe-

189 1004 282 1060 bat
330 1017 564 1068 manus,
611 1001 931 1059 vincebatur
976 997 1349 1056 Amalech:si
1381 993 1656 1066 paululum
1686 991 1796 1050 illa

191 1094 586 1160 conciderant,
635 1093 1027 1149 invalescebat.
1077 1098 1103 1127 ⁸
1147 1088 1420 1144 Antennte
1464 1082 1685 1139 navium
1735 1091 1794 1140 et

189 1189 439 1244 velorum
469 1202 696 1252 cornua,
721 1185 826 1240 sub
855 1184 1024 1254 ﬁgura
1072 1189 1271 1235 nostrae
1313 1177 1494 1250 crucis
1539 1175 1786 1233 volitant.

191 1281 332 1335 Aves
363 1293 576 1350 quoque
607 1278 738 1347 ipsa:
765 1275 980 1347 quando
1011 1275 1064 1328 iu
1094 1272 1411 1327 sublimiora
1442 1269 1705 1325 tolluntur
1729 1277 1788 1326 et

191 1370 425 1442 pendent
452 1383 556 1439 per
583 1383 790 1436 aerem,
822 1366 1061 1422 extensis
1088 1362 1190 1420 alis
1215 1361 1499 1418 imitantur
1539 1373 1780 1416 crucem.

195 1466 300 1521 Sed
328 1475 380 1519 et
407 1461 646 1532 trepbaaa
679 1461 795 1531 ipsa
825 1469 880 1515 et
913 1458 1135 1514 victoria
1167 1454 1568 1525 triumphorum
1624 1468 1782 1508 orna-

192 1563 368 1612 menta
396 1552 576 1609 crucis
604 1561 768 1607 sunt:
803 1566 964 1620 quam
1009 1565 1117 1604 non
1161 1546 1337 1602 solum
1387 1547 1441 1600 in
1489 1543 1781 1610 frontibus,

190 1647 281 1702 sed
320 1647 374 1701 in
411 1644 661 1699 manibus
692 1658 905 1713 quoque
931 1642 1132 1695 nostris
1162 1638 1365 1695 habere
1389 1637 1690 1694 debemus:
1725 1646 1782 1692 ut

1968 431 2034 486 ll.
2069 429 2282 496 Videte,
2310 427 2524 496 intres,
2551 424 2824 496 quomodo
2850 423 2901 479 id
2921 422 3066 495 quod
3093 423 3150 478 in
3199 420 3494 492 Evangelia

1895 524 2095 579 lectum
2139 531 2244 587 est,
2293 522 2347 576 in
2393 520 2657 590 vigesimo
2703 527 2899 576 octavo
2934 520 3140 585 psalmo
3168 516 3334 572 fuerit
3357 525 3485 571 ante

1895 612 2216 684 praedictum
2235 630 2248 666 :
2276 609 2393 666 Vox
2412 607 2622 664 Domini
2640 624 2796 678 super
2812 624 2972 677 aquas
2991 605 3164 677 (Psal.
3189 621 3384 672 xxvnt,
3407 606 3487 676 '5).

1897 703 2134 760 Locutus
2164 703 2306 759 enim
2330 701 2423 756 Det
2452 699 2619 756 Filius
2642 699 2710 756 ad
2731 697 3029 755 Joannem:
3062 696 3192 754 Sine
3221 697 3393 760 modo,
3417 696 3490 750 sic

1897 797 2033 850 enim
2058 803 2261 866 oportet
2286 809 2378 848 nos
2398 790 2611 862 implere
2638 805 2836 846 omnem
2853 788 3116 860 justitiam
3145 784 3379 858 (Matth.
3408 801 3489 858 ut,

1900 888 2009 955 15).
2035 888 2294 958 Sequitur
2317 903 2330 940 :
2357 883 2493 939 Deus
2518 881 2804 956 majestatis
2829 880 3070 946 intonuit,
3096 876 3311 948 quando
3335 877 3494 934 Pater

1898 977 2037 1032 Filio
2086 976 2452 1031 testimonium
2497 971 2759 1036 reddidit,
2803 969 3027 1024 dicens:
3059 966 3166 1024 Hic
3204 975 3279 1021 est
3321 963 3494 1022 Filius

1896 1084 2039 1121 meus
2077 1066 2314 1133 dilectus,
2355 1065 2410 1118 in
2449 1079 2552 1132 quo
2581 1061 2709 1116 mihi
2736 1061 2859 1115 bene
2887 1058 3203 1131 complacni.
3240 1055 3355 1113 V0.1:
3384 1055 3496 1111 Do-

1890 1159 2018 1212 mini
2054 1158 2426 1228 confringentis
2453 1155 2656 1210 cedrus.
2700 1155 3014 1224 Baptizatus
3053 1163 3136 1209 est
3161 1150 3305 1208 enim
3342 1150 3498 1207 Citri—

1887 1262 2024 1320 stus,
2055 1261 2110 1307 et
2136 1250 2304 1306 erecti
2329 1248 2478 1320 prius
2498 1257 2658 1319 atque
2678 1247 2943 1302 sublimes
2967 1246 3246 1302 daemones
3271 1259 3492 1301 corrue-

1887 1353 2012 1398 runt
2038 1358 2054 1397 :
2085 1341 2322 1400 Succidit
2350 1357 2436 1396 eos
2462 1339 2721 1395 Dominus
2745 1349 3016 1410 tamquam
3055 1338 3235 1393 cedros
3262 1336 3450 1392 Libani
3477 1353 3497 1393 :

1885 1446 1931 1489 et
1958 1434 2260 1489 comminuit
2287 1449 2372 1488 eos
2406 1432 2658 1486 Dominus
2680 1439 2944 1501 tamquam
2984 1431 3176 1484 vitulus
3206 1429 3498 1502 fragmenta

1883 1528 2128 1582 arborum
2173 1527 2446 1591 t'entilans,
2490 1536 2539 1582 et
2573 1524 2803 1579 calcibus
2848 1524 3036 1596 stirpes
3079 1525 3132 1578 in
3171 1523 3372 1577 diversa
3413 1525 3498 1576 di-

1883 1638 2145 1696 spergens.
2191 1623 2258 1678 Et
2285 1622 2590 1677 ccontrario
2634 1620 2700 1676 de
2743 1620 3023 1676 Salvatore
3053 1617 3179 1688 quid
3218 1617 3386 1672 dicit?
3423 1616 3494 1672 Et

190 1743 230 1795 si
252 1741 334 1795 sic
360 1738 625 1794 fuerimus
653 1734 871 1800 annuli,
917 1733 1194 1791 calcemus
1235 1748 1396 1803 super
1440 1731 1684 1800 aspidem
1729 1741 1784 1787 ει
1816 1725 1860 1790 Β
1886 1719 2102 1774 dilectus
2127 1719 2255 1775 sicut
2278 1717 2420 1787 ﬁlius
2445 1715 2790 1770 unicornium.
2825 1713 3062 1768 DiiCCltlS
3089 1713 3354 1768 Dominus
3391 1727 3491 1767 no-

189 1833 523 1896 basiliscum,
551 1845 650 1902 per
679 1830 970 1884 Dominum
1001 1837 1246 1882 nostrum
1279 1824 1464 1881 Jesum
1487 1824 1782 1888 Chrismm,

191 1927 270 1983 cui
291 1937 379 1982 est
406 1925 579 1981 honor
601 1933 657 1980 et
681 1923 853 1995 gloria
882 1922 936 1978 in
963 1922 1163 1978 sarcula
1191 1919 1538 1976 saeculorum.
1588 1920 1782 1974 Amen.

323 2081 645 2139 MONlTUM
676 2081 741 2136 IN
773 2078 1165 2136 EPISTOLAM
1196 2075 1636 2146 SEQUENTE“.

259 2194 511 2267 Ejusdem
542 2196 741 2250 videtur
767 2212 829 2248 ac
861 2194 1092 2264 proxime
1108 2192 1781 2267 superiorauctorisesse.

195 2267 254 2322 Ut
290 2263 427 2320 nihil
458 2267 604 2321 aliud
631 2263 868 2334 accedat,
889 2274 1027 2319 certe
1052 2269 1188 2335 quod
1216 2265 1288 2317 ait
1319 2263 1428 2335 ille,
1471 2265 1586 2319 sive
1625 2263 1786 2318 hodie

190 2339 444 2393 Dominus
475 2338 635 2393 Jesus
664 2352 841 2397 unus,
871 2340 986 2390 sive
1008 2334 1170 2390 hOdie
1201 2334 1500 2403 baptizatus
1539 2343 1656 2388 est:
1698 2335 1785 2388 di-

191 2425 334 2464 wrsa
363 2411 572 2478 quippe
610 2413 794 2479 opinio
819 2411 989 2463 l'rrtur
1024 2410 1078 2461 in
1103 2407 1324 2479 mundo,
1354 2416 1409 2460 et
1436 2407 1782 2461 traditionum

190 2481 448 2536 varietate
488 2478 752 2536 sententia
796 2490 877 2534 est
917 2481 1154 2539 diversa,
1185 2478 1410 2530 immane
1440 2489 1690 2546 quantum
1721 2479 1784 2532 ab

190 2552 497 2624 Hieronymi
542 2562 710 2624 tuente
755 2553 1055 2624 ingenioque
1094 2549 1394 2624 oblinire-at,
1435 2549 1526 2624 qui
1544 2549 1598 2600 in
1629 2547 1787 2624 com-

190 2618 454 2678 mentariis
479 2626 529 2676 in
551 2622 810 2678 Ezechiel.
835 2621 926 2675 lib.
951 2618 988 2683 t,
1015 2637 1128 2691 cap.
1153 2635 1192 2682 1,
1218 2618 1630 2689 Epiphaniorum
1647 2621 1783 2674 client

192 2711 218 2746 α
247 2694 428 2775 Ναιαιί
460 2711 562 2748 non
593 2696 743 2777 modo
771 2692 1246 2777 probcldistingu'it,
1272 2691 1361 2744 sed
1389 2703 1435 2743 et
1463 2707 1544 2772 eos
1567 2691 1780 2777 refellit,

187 2768 266 2829 qui
292 2784 388 2835 pro
423 2782 531 2820 uno
558 2766 833 2832 eodemque
857 2759 1130 2835 habebant:
1163 2759 1414 2816 Erasmus
1439 2761 1547 2835 ait:
1582 2759 1691 2815 Nec
1720 2763 1786 2816 de

189 2833 604 2909 liae—quidquam
642 2836 804 2909 habeo
846 2834 997 2909 quod
1023 2836 1370 2909 pronuntiem,
1415 2833 1516 2888 nisi
1542 2849 1645 2909 non
1676 2849 1784 2888 esse

189 2903 519 2980 Hieronymi.
552 2906 620 2961 Et
649 2908 953 2960 addubitnnt
983 2905 1340 2976 inscriptiones
1386 2903 1782 2976 exemplarium.

716 3067 1048 3124 EPISTOLA
1091 3066 1284 3135 XXVI,

509 3220 606 3260 εει]
633 3218 804 3260 SERNO
833 3220 901 3259 DE
931 3219 1216 3260 ΕΡΙΡΗΔΝΙΔ
1246 3218 1450 3258 υΟΙΙΙΝΙ.

251 3336 293 3393 1.
327 3337 456 3394 Dies
495 3337 916 3408 Epiphaniorum
943 3337 1137 3393 Grates
1171 3338 1390 3393 nomine
1428 3339 1506 3393 sic
1541 3345 1782 3393 vocatur.

181 3433 336 3500 Quod
366 3436 518 3488 enim
551 3449 650 3488 nos
680 3433 1101 3503 apparitionem,
1133 3432 1214 3487 vel
1244 3433 1608 3487 osten-iuuem
1649 3434 1786 3488 dici-

179 3543 318 3593 mus,
349 3527 541 3584 Graeci
571 3529 863 3600 ἐπιφάνειαν
893 3536 1107 3580 vocant.
1133 3525 1244 3580 Hoc
1275 3535 1454 3579 autem
1486 3528 1628 3587 ideo.
1661 3528 1784 3594 quin

178 3620 439 3676 Dominus
479 3631 670 3674 noster
698 3620 858 3675 hodie
883 3628 941 3674 et
969 3619 1217 3674 Salvator
1246 3617 1494 3685 apparuit
1536 3619 1588 3672 iu
1631 3628 1782 3672 tene-

175 3712 300 3768 bris.
333 3713 509 3770 Licet
526 3713 670 3767 enim
693 3712 822 3767 olim
846 3722 1005 3766 natus
1027 3721 1172 3766 esset
1194 3726 1261 3766 cx
1284 3710 1469 3777 Maria,
1492 3720 1544 3765 et
1569 3711 1786 3779 triginta

168 3806 271 3874 jam
301 3823 589 3863 annorum
619 3806 892 3874 explesset
917 3813 1171 3859 :etatem:
1219 3813 1397 3857 tamen
1439 3802 1790 3872 ignorabatur

168 3915 193 3949 ει
217 3899 446 3955 mundo.
513 3899 592 3954 lio
625 3907 868 3965 tempore
892 3897 1140 3965 cognitus
1163 3905 1271 3962 est,
1302 3911 1408 3964 quo
1433 3895 1500 3948 ad
1522 3894 1786 3949 Joannem

170 3989 494 4059 Baptistatu,
519 4002 579 4045 ut
603 3990 657 4045 in
680 3989 916 4044 Jurdanc
941 3990 1329 4058 baptizaretur,
1353 3986 1592 4048 advenit,
1610 3999 1661 4038 et
1684 4002 1785 4039 vos

165 4084 228 4139 de
252 4086 400 4142 caelo
428 4086 622 4142 Patris
652 4085 943 4138 intonantis
975 4084 1155 4137 audita
1182 4091 1300 4137 est:
1349 4079 1448 4134 Hic
1494 4089 1568 4134 est
1613 4077 1664 4131 F
1665 4079 1788 4133 ilius

165 4195 300 4234 meus
329 4179 602 4242 dilec-Ius,
626 4181 680 4232 in
711 4195 813 4248 quo
841 4179 964 4231 mihi
987 4178 1112 4231 bene
1131 4175 1421 4246 eamplacui
1446 4172 1677 4245 (Matth.
1701 4188 1782 4238 ut,

165 4271 271 4342 l7).
303 4274 487 4342 Quem
520 4275 686 4327 Pater
713 4273 780 4324 de
808 4273 962 4328 cretis
994 4278 1398 4324 monstraverat
1424 4282 1560 4323 voce
1589 4285 1601 4320 :
1637 4268 1781 4321 hunc

160 4365 396 4432 Spiritus
424 4376 663 4421 sanctus
695 4380 886 4419 versus
909 4366 962 4418 in
991 4365 1318 4429 columbam,
1351 4373 1408 4419 et
1437 4378 1603 4433 super
1621 4371 1787 4431 caput

160 4456 296 4515 illius
327 4461 574 4526 sedens,
613 4465 765 4514 tactu
792 4472 1006 4528 quoque
1035 4459 1155 4529 ipso
1183 4457 1354 4513 voluit
1381 4456 1778 4523 demonstrare,

162 4568 221 4606 ne
248 4555 378 4623 quis
404 4554 564 4608 alius
595 4553 690 4608 Dei
717 4551 885 4606 Filius
906 4558 1189 4622 putaretur
1217 4566 1246 4604 a
1271 4552 1490 4620 populo.
1518 4550 1660 4618 Quid
1687 4550 1787 4606 hac

159 4646 472 4706 humilitate
531 4646 863 4702 sublimius?
908 4645 1038 4715 quid
1089 4644 1188 4698 hac
1237 4644 1448 4699 vilitate
1497 4642 1793 4698 nobilius?

163 4737 485 4810 Baptizatur
520 4757 555 4795 a
594 4753 781 4803 servo,
813 4749 870 4793 et
907 4757 936 4790 ει
982 4737 1213 4793 Domino
1255 4737 1426 4792 Filius
1457 4735 1786 4806 appellatur.

159 4830 290 4890 Inter
343 4835 716 4906 publicanos,
767 4841 822 4886 et
867 4831 1205 4894 meretrices,
1249 4841 1304 4886 et
1354 4839 1687 4900 peccatores,
1717 4830 1784 4884 ad

157 4923 430 4983 lavacrum
457 4926 650 4990 venit,
670 4931 732 4979 et
759 4923 998 4979 sanctior
1024 4931 1108 4979 est
1137 4922 1374 4992 Baptista
1397 4937 1516 4978 suo.
1549 4923 1788 4978 Lavatur

160 5033 184 5072 a
208 5021 426 5077 Joanne
459 5019 526 5075 in
559 5032 754 5083 carne,
787 5026 842 5072 et
869 5018 986 5087 ipse
1013 5016 1280 5072 Joannem
1311 5016 1362 5069 in
1397 5015 1589 5085 Spiritu
1617 5015 1786 5069 lavat.

159 5111 314 5181 Aquae
341 5128 484 5184 quae
517 5117 733 5165 cetera
775 5109 1040 5164 mundare
1086 5115 1508 5169 consueverunt,
1563 5107 1793 5160 Domino

164 5214 337 5261 nostro
383 5206 662 5267 iuvante,
691 5200 959 5257 munda-ta:
985 5208 1131 5254 sunt.
1161 5199 1416 5255 Jordanis
1454 5196 1673 5263 ﬂuvius,
1705 5197 1796 5266 qui

161 5311 218 5351 eo
243 5307 509 5369 tempore
547 5295 781 5366 «ruendo
815 5294 1070 5362 populum
1102 5293 1262 5346 Israel
1303 5290 1491 5345 eduxit
1530 5289 1695 5346 Jesus
1730 5291 1796 5344 ad

164 5399 356 5450 terram
389 5388 888 5463 repromissionis,
921 5389 1090 5442 luerat
1111 5389 1441 5442 exsiccatos:
1468 5400 1609 5440 nunc
1630 5399 1799 5439 tuem-

161 5482 263 5542 bris
289 5486 533 5542 Domini
568 5480 756 5546 taet-is,
786 5480 831 5534 si
862 5481 1146 5551 pruinisset,
1177 5478 1348 5533 undas
1386 5491 1494 5532 uno
1536 5477 1658 5531 loco
1699 5489 1797 5529 vo-

223 5720 247 5749 ι
269 5712 458 5769 Verus
486 5710 885 5777 hieronymus,
901 5705 1059 5777 epist.
1080 5704 1144 5758 14
1166 5703 1230 5777 ad
1255 5701 1612 5759 Heliodorum
1631 5740 1644 5763 ,
1668 5713 1784 5777 cru-

160 5780 224 5840 cis
263 5793 516 5843 mimum
545 5775 757 5854 ﬁgatur
784 5779 836 5834 in
875 5775 1152 5849 frontibus.
1197 5775 1372 5842 Quam
1421 5775 1788 5842 comparatio-

1885 1819 1999 1864 ster
2024 1820 2186 1878 atque
2215 1810 2464 1864 Salvator
2488 1815 2597 1872 est,
2629 1805 2771 1876 ﬁlius
2801 1805 3149 1870 unicornium,
3183 1802 3326 1859 ﬁlius
3357 1817 3488 1858 cru-

1885 1904 1962 1957 cis
1987 1919 2002 1958 :
2030 1903 2097 1958 de
2125 1918 2232 1974 quo
2260 1902 2454 1958 dicitur
2485 1900 2538 1955 in
2585 1902 2798 1956 cantico
2848 1898 3136 1956 llabncuc;
3182 1896 3394 1953 Cornua
3435 1898 3489 1952 in

1887 1995 2122 2048 manibus
2157 1997 2296 2066 ejus,
2328 1994 2395 2045 ibi
2424 1990 2693 2046 abscondit
2727 1990 3088 2061 fortitudinem
3126 2007 3277 2043 suant
3313 1990 3490 2059 (Ilab.

1886 2103 1966 2154 tu,
1993 2088 2078 2159 4).
2105 2087 2394 2156 Postquam
2416 2100 2546 2155 ergo
2569 2084 2797 2138 dilectus
2819 2083 2918 2137 iste
2941 2081 3232 2136 crucil‘mis
3251 2090 3355 2148 est,
3382 2083 3455 2136 im
3471 2112 3491 2122 -

1889 2182 2088 2249 pletum
2111 2187 2196 2234 est
2217 2178 2346 2233 illud
2367 2177 2513 2249 quod
2535 2177 2778 2245 sequitur
2797 2176 2848 2228 in
2871 2173 3077 2242 psalmo
3101 2172 3243 2227 :Voa:
3273 2172 3485 2232 Domini

1886 2272 2237 2327 intercidentis
2264 2273 2531 2342 ﬂammam
2559 2269 2716 2341 ignis.
2761 2267 2858 2322 Illo
2898 2264 3044 2321 enim
3087 2266 3358 2335 baptizata
3390 2307 3407 2333 ,
3445 2275 3500 2322 et

1886 2366 2137 2420 universo
2167 2363 2390 2428 mundo,
2417 2362 2633 2416 Christo
2664 2361 2896 2422 levante.
2933 2357 3212 2424 mundata,
3230 2357 3496 2428 geheunzn

1885 2459 2024 2529 ignis
2043 2457 2341 2514 exstinctus
2357 2465 2460 2512 est.
2497 2455 2608 2509 Vox
2627 2452 2839 2508 Domini
2855 2453 3194 2507 concutientis
3216 2453 3496 2506 desertum.

1886 2551 2110 2606 Deserta
2139 2548 2240 2604 fuit
2271 2547 2534 2608 Ecclesia.
2569 2562 2688 2617 quze
2719 2545 2871 2614 prius
2903 2545 3043 2599 tilios
3070 2560 3176 2598 non
3206 2543 3463 2599 habebat.

1959 2643 2044 2699 lli.
2076 2643 2154 2698 Ad
2198 2641 2638 2712 pnedicationem
2687 2639 2914 2706 Christi,
2957 2641 3175 2695 deserta
3219 2647 3495 2696 commota

1884 2746 1992 2803 est,
2020 2750 2070 2792 et
2104 2736 2394 2808 parturivit
2422 2745 2476 2791 et
2507 2734 2752 2805 peperit:
2784 2742 2838 2788 ct
2869 2741 2994 2788 nata
3032 2744 3118 2788 est
3161 2732 3215 2788 in
3254 2747 3359 2788 una
3405 2731 3495 2787 die

1883 2845 2017 2900 gens
2047 2840 2158 2884 tota
2182 2829 2341 2884 simul
2370 2827 2483 2897 illa,
2513 2843 2632 2898 qua:
2659 2837 2782 2881 ante
2806 2825 3088 2882 dicebatur
3111 2825 3369 2880 desertum
3392 2823 3491 2878 Ca-

1885 2923 1994 2989 des,
2031 2923 2134 2978 hoc
2158 2932 2262 2988 est,
2285 2921 2558 2978 desertum
2583 2919 2917 2976 sanctitatis:
2941 2917 3218 2990 Siquidem
3244 2934 3364 2990 quin
3387 2933 3498 2974 non

1891 3017 2150 3070 habuerat
2197 3018 2563 3080 sanctitatem,
2608 3013 2772 3082 coepit
2801 3026 2988 3081 parere
3015 3026 3232 3075 cervos,
3268 3020 3322 3065 et
3367 3025 3495 3064 san-

1814 3109 1860 3171 C
1893 3120 2100 3162 ctorum
2127 3105 2376 3163 emittere
2405 3121 2622 3177 greges,
2673 3104 2764 3176 qui
2801 3110 3086 3172 serpentes
3137 3101 3494 3167 interﬁciunt,

1890 3204 1978 3270 qui
2027 3219 2232 3258 venena
2281 3209 2675 3257 contemnunt:
2723 3198 2916 3269 quibus
2963 3194 3398 3250 discurrentibus
3441 3195 3495 3248 in

1892 3304 2004 3350 toto
2034 3296 2182 3360 orbe,
2218 3306 2271 3350 et
2301 3294 2501 3348 Christi
2547 3291 2904 3360 Evangelium
2953 3285 3392 3355 prmdicnutibus,
3439 3284 3495 3338 in

1890 3391 2076 3461 templo
2096 3390 2209 3460 ejus
2242 3403 2415 3442 omnes
2437 3386 2605 3437 dicent
2637 3383 2857 3454 gloriam
2893 3377 3017 3433 Deo.
3059 3376 3347 3444 Sequitur:
3386 3375 3496 3429 Do-

1891 3485 2060 3537 minus
2089 3481 2338 3536 dilurinm
2373 3477 2662 3530 inhabitare
2691 3475 2838 3544 facit.
2869 3471 3292 3526 CllllSitierelliUS
3325 3479 3500 3524 totum

1891 3573 2112 3637 orbem,
2165 3570 2520 3639 respiciamus
2559 3566 2820 3620 barbaras
2869 3562 3140 3618 nationes.
3195 3562 3496 3616 ltomanum

1891 3681 2112 3737 quoque
2140 3672 2319 3718 mente
2350 3661 2639 3715 lustremus
2672 3657 2958 3725 imperium
2985 3672 2998 3708 :
3033 3656 3230 3725 ubique
3260 3653 3313 3708 in
3343 3652 3504 3710 Chri-

1893 3769 2033 3813 stum
2064 3755 2316 3820 credunt,
2341 3753 2537 3823 ubique
2568 3751 2619 3804 in
2644 3746 2866 3804 nomine
2895 3747 3108 3802 Domini
3132 3747 3492 3814 baptizantur:

1893 3861 1947 3905 et
1980 3851 2052 3903 ita
2085 3848 2143 3902 lit
2170 3855 2227 3900 nt
2253 3863 2358 3900 non
2390 3860 2491 3898 una
2526 3858 2688 3911 aqua,
2717 3841 2811 3896 sed
2834 3839 3233 3912 quodammodo
3257 3841 3329 3896 sit
3353 3841 3486 3896 dilu-

1893 3941 2040 3995 vium
2097 3939 2511 4008 baptismorutn.
2562 3932 2906 4002 Qttnpruptcr
2965 3942 3377 3985 consummatum
3425 3942 3501 3986 est

1894 4033 2283 4090 tabernaculum
2301 4047 2320 4085 :
2349 4029 2450 4083 hoc
2471 4027 2613 4082 enim
2652 4026 2844 4096 psalmi
2869 4027 3024 4081 istius
3049 4028 3204 4080 titulo
3229 4035 3498 4094 praenota-

1896 4138 2020 4182 tur:
2055 4124 2308 4196 quoniam
2343 4122 2582 4177 Ecclesia
2621 4135 2687 4173 ex
2727 4119 2866 4172 νίγὶε
2910 4118 3182 4186 lapidibus
3223 4125 3499 4172 exstructa

1895 4233 1998 4277 est.
2035 4219 2341 4274 Aﬂ'eramus
2373 4215 2604 4270 Domino
2636 4213 2774 4268 ﬁlios
2806 4211 2925 4277 Dei,
2953 4210 3246 4264 all‘cramus
3275 4207 3323 4263 ei
3358 4205 3499 4262 filios

1895 4315 2145 4375 arietum.
2198 4308 2580 4380 Aposmlorum
2629 4314 2684 4362 et
2727 4313 3078 4361 sanctorum:
3131 4311 3184 4355 et
3223 4299 3500 4354 imitemur

1895 4409 2227 4465 Salvatorctn
2270 4413 2513 4458 nostrum
2559 4400 2716 4472 (quia
2764 4399 2880 4469 ipse
2915 4406 2970 4452 et
3019 4404 3203 4466 pastor
3244 4401 3299 4448 et
3323 4407 3494 4462 agnus

1814 4519 1868 4582 (ι
1896 4511 1952 4556 et
1981 4502 2122 4556 aries
2152 4495 2492 4569 appellatur)
2523 4495 2612 4564 qui
2646 4509 2746 4566 pro
2777 4491 2934 4547 nobis
2968 4488 3282 4544 immolatur
3317 4485 3369 4539 iu
3409 4483 3505 4556 ZE-

1897 4606 2078 4668 gypto,
2114 4592 2204 4664 qui
2237 4607 2333 4661 pro
2362 4590 2510 4646 Isaac
2536 4586 2794 4643 cornibus
2825 4594 3040 4638 tenetur
3067 4583 3119 4634 in
3148 4578 3416 4641 sentibus,
3448 4587 3505 4633 et

1897 4688 2176 4742 dicamus:
2209 4682 2460 4736 Dominus
2506 4678 2670 4749 pascit
2698 4693 2797 4740 me,
2832 4682 2878 4726 et
2913 4673 3044 4726 nihil
3080 4671 3206 4724 nti/ti
3231 4669 3416 4734 deerit,
3449 4670 3502 4726 in

1897 4782 2008 4836 loco
2037 4792 2262 4848 pascute,
2298 4775 2366 4828 ibi
2391 4790 2468 4827 me
2485 4771 2775 4826 collocavit.
2804 4767 2974 4835 Super
2995 4780 3183 4832 aquam
3204 4763 3503 4832 refectionis

1895 4871 2130 4928 educavit
2154 4882 2270 4931 me;
2298 4868 2382 4919 cui
2414 4874 2497 4918 εει
2528 4861 2706 4916 honor
2731 4867 2786 4914 et
2813 4856 2983 4928 gloria
3013 4853 3066 4908 in
3094 4853 3292 4909 ssecula
3326 4868 3497 4910 satcu-

1893 4964 2094 5018 lorum.
2127 4959 2323 5013 Amen.

2030 5109 2342 5170 MONITUM
2381 5108 2449 5162 IN
2491 5103 2879 5163 EPISTOLAM
2917 5103 3366 5173 SEQUENTEM.

1968 5243 2603 5324 ,Ingeniumscri‘ptionis,‘
2636 5240 2912 5324 ae'stylns,
2947 5242 3074 5324 ordo
3094 5259 3299 5324 quoque
3335 5245 3494 5324 ipse”,

1901 5311 2126 5398 qtt'em’in
2149 5315 2476 5398 editioni‘bus,
2510 5314 2640 5396 enin
2675 5311 2959 5394 Ver'oncnsi
2991 5330 3086 5365 ms.
3109 5311 3301 5398 Vobtinet
3323 5355 3334 5372 ,
3363 5311 3501 5362 indi-

1903 5382 1980 5450 ιίὶο
2019 5402 2135 5447 sunt
2162 5435 2176 5455 ,
2221 5386 2469 5460 ejusdem
2491 5384 2716 5460 (mitique
2756 5384 2880 5460 istos
2913 5397 3174 5460 sermones
3201 5423 3214 5443 ,
3245 5382 3308 5433 ab
3337 5397 3497 5460 supe-

1903 5470 2038 5522 riore
2063 5451 2174 5518 illo
2196 5451 2260 5516 di
2291 5451 2575 5512 Natiuitnte
2619 5453 2863 5519 Domini,
2897 5451 3128 5506 auctoris
3158 5466 3285 5506 esse.
3333 5451 3492 5507 Hunc

1892 5704 2039 5752 nem,
2078 5695 2129 5738 nt
2173 5693 2226 5738 et
2255 5681 2384 5734 alias
2413 5678 2479 5734 ab
2508 5687 2729 5735 auctore
2753 5675 3019 5734 adductas
3042 5709 3059 5734 ,
3115 5669 3318 5738 passim
3361 5675 3501 5748 apud

1893 5769 2106 5825 veteres
2133 5754 2386 5812 invenire
2412 5758 2519 5810 est.
