4012 6190
497 188 607 249 223

1534 188 1593 245 S.
1637 186 2016 246 HIERONYMI
2053 186 2340 245 OPERUM
2378 184 2744 246 MAN'IISSA.

3682 191 3795 249 924

500 320 671 366 tamen
701 310 949 366 Erasmus
973 308 1123 377 pauci
1150 306 1282 360 adeo
1304 306 1441 378 fecit,
1470 314 1524 360 ut
1544 322 1732 378 parum
1756 304 1987 376 abfuisse
2009 304 2092 357 di-
2116 306 2168 366 Α
2194 302 2355 369 verit,
2384 302 2566 357 divina
2587 304 2858 360 sententia
2880 303 3166 376 punietur!
3192 305 3299 363 Sed
3333 315 3390 364 et
3417 308 3801 369 sacerdotibus

502 389 585 436 cat
610 422 626 451 ,
649 386 779 454 quin
808 384 862 436 iu
890 390 1167 435 extremam
1192 380 1407 433 classem
1434 378 1697 449 reiegarit.

1005 490 1340 547 EPISTULA
1380 489 1595 555 XXVII,

865 600 963 640 σευ
993 599 1165 640 SERIO
1202 601 1271 640 DE
1308 598 1732 647 QUADBAGBSIIIA.

576 680 616 735 1.
641 677 923 746 Quomodo
955 677 1113 731 miles
1145 690 1361 745 semper
1386 685 1672 731 exercetur
1698 673 1764 729 ad
1800 674 2045 743 praelium
2075 717 2090 742 ,

504 779 559 828 et
586 769 853 824 simulatis
885 768 1109 833 ictibus,
1142 768 1287 823 veris
1326 775 1511 835 postea
1536 766 1853 823 vulneribus
1883 781 2096 837 pracpa-

504 872 691 920 ratur:
726 862 797 917 ita
836 861 1013 917 omnis
1042 861 1256 931 quidem
1287 860 1723 916 Christianorum
1755 860 1864 916 vita
1893 860 2099 929 indiget

503 954 829 1011 abstinentia
860 970 874 1008 :
904 953 1001 1010 sed
1040 953 1278 1007 maxime
1319 953 1534 1024 quando
1567 953 1742 1008 hostis
1773 968 1947 1025 prope
1971 963 2054 1009 est
2081 993 2097 1019 ,

504 1056 556 1103 et
579 1053 935 1116 prmparatum
966 1044 1255 1101 adversum
1286 1060 1385 1101 nos
1407 1046 1711 1100 exercitum
1744 1044 1893 1099 ducit
1921 1045 2100 1099 inimi-

504 1153 621 1196 cus.
645 1136 806 1195 Omni
832 1138 1006 1194 servis
1034 1138 1126 1193 Dei
1151 1146 1395 1208 tempore
1432 1136 1789 1208 jejunandum
1830 1146 1914 1193 est
1950 1156 1961 1190 :
2001 1138 2098 1192 sed

505 1238 635 1286 tunc
660 1230 896 1301 amplius
915 1245 1037 1285 cum
1066 1229 1135 1285 ad
1162 1229 1588 1285 immolationem
1612 1230 1768 1300 agni,
1796 1229 1862 1284 ad
1890 1236 2098 1301 myste-

509 1328 649 1382 rium
685 1325 1024 1397 baptismatis
1050 1365 1064 1389 ,
1112 1324 1179 1379 ad
1208 1324 1412 1380 Christi
1451 1339 1670 1379 carnem
1702 1332 1756 1379 et
1782 1323 2099 1395 sanguinem

506 1441 897 1499 pracparamur.
929 1425 1121 1482 Statim
1148 1426 1290 1481 enim
1314 1434 1371 1480 ut
1391 1439 1520 1481 oves
1541 1438 1667 1480 suas
1688 1424 1946 1480 recedere
1960 1425 2101 1480 vclle

506 1523 576 1578 de
608 1521 827 1593 proprio
854 1535 1018 1592 grege
1044 1520 1239 1575 viderit
1258 1519 1536 1585 diabolus,
1566 1519 1748 1574 fremit
1773 1560 1787 1581 .
1818 1518 2099 1585 irascitur,

509 1613 671 1681 furit,
728 1622 781 1668 et
829 1612 962 1668 foris
990 1611 1251 1668 adversus
1293 1627 1387 1668 eas
1432 1612 1637 1666 viribus
1678 1620 2051 1667 commovetur
2082 1655 2097 1679 ,

514 1706 693 1777 perire
722 1705 823 1761 sibi
855 1705 1172 1761 existimans
1198 1703 1456 1774 quidquid
1485 1702 1703 1758 Christo
1729 1704 1969 1758 salvatur
2000 1721 2014 1761 :
2047 1713 2099 1759 et
2129 1703 2178 1764 B

513 1802 652 1858 mori
675 1814 963 1874 synagoga:
990 1815 1102 1854 sua:
1127 1843 1141 1867 ,
1176 1798 1431 1869 quidquid
1456 1798 1713 1853 Ecclesia:
1738 1797 2061 1853 viviﬁcatur.

583 1893 649 1949 II.
681 1892 814 1962 Quia
849 1907 1011 1963 ergo,
1058 1891 1253 1946 fratres
1291 1888 1625 1957 charissimi,
1668 1889 1734 1943 ad
1766 1890 1978 1944 Domini
2012 1904 2104 1942 sa-

510 1996 845 2041 cramentum
901 1984 1255 2055 quadraginta
1309 1983 1519 2039 dierum
1568 1980 1782 2052 jejunio
1830 1996 2102 2052 prtepara-

513 2095 663 2146 mur,
716 2077 1021 2149 jejunetnns
1059 2085 1137 2131 tot
1176 2076 1372 2132 diebus
1418 2091 1521 2144 pro
1567 2079 1808 2146 peccatis
1856 2078 2058 2131 nOStris
2087 2122 2100 2144 ,

510 2180 641 2242 quot
669 2184 769 2240 pro
794 2168 1093 2226 sceleribus
1124 2169 1324 2224 nostris
1350 2168 1612 2224 Dominus
1633 2168 1917 2239 jejunavit.
1948 2168 2105 2225 Illum

510 2272 629 2334 post
654 2261 977 2333 baptismum
1017 2268 1193 2316 teutat
1229 2261 1497 2316 diabolus.
1542 2260 1659 2315 Non
1701 2261 1846 2316 enim
1892 2261 2105 2318 sciebat

509 2370 637 2412 eum
661 2369 783 2411 esse
815 2353 1009 2410 Filium
1048 2354 1143 2409 Dei
1175 2373 1186 2406 :
1218 2364 1505 2425 propterea
1550 2354 1862 2425 negligebat
1895 2370 1910 2410 :
1944 2355 2110 2411 Deni-

510 2464 613 2519 que
640 2458 829 2519 postea
852 2462 1189 2519 cognoscere
1209 2447 1361 2518 cupit
1390 2448 1442 2502 in
1482 2447 1781 2503 tentatione
1807 2493 1820 2515 ,
1864 2448 2056 2503 dicens
2089 2464 2105 2502 :

513 2541 576 2599 Si
602 2538 776 2595 Filius
797 2538 896 2594 Dei
917 2556 973 2595 es
993 2581 1008 2607 ,
1035 2540 1118 2593 dic
1141 2549 1196 2594 ut
1227 2538 1424 2611 lapides
1446 2540 1532 2594 isti
1553 2555 1709 2610 panes
1732 2539 1881 2609 ﬁant.
1907 2539 2010 2607 Et,
2045 2538 2111 2595 Si

512 2633 688 2688 Filius
712 2633 806 2687 Dei
830 2649 882 2688 es
901 2675 916 2699 ,
945 2634 1087 2686 mitte
1116 2642 1163 2686 te
1185 2632 1422 2687 deorsum
1454 2631 1670 2703 (Matth.
1701 2647 1754 2686 tv
1776 2673 1791 2699 ,
1835 2632 1869 2687 5
1897 2647 2037 2703 seqq.

511 2725 623 2783 Nos
646 2732 828 2781 autem
859 2727 983 2797 quia
1015 2726 1119 2781 scit
1145 2726 1284 2781 velle
1314 2724 1458 2780 filios
1486 2725 1580 2780 Dei
1616 2724 1733 2780 ﬁeri
1757 2766 1771 2791 ,
1815 2733 2108 2798 prepterea

513 2833 826 2890 expugnare
856 2818 1050 2874 nititur
1072 2860 1086 2883 ,
1117 2827 1172 2874 et
1201 2819 1352 2890 quasi
1374 2832 1602 2889 serpens
1626 2817 1867 2874 lubricus
1893 2830 2111 2875 nosu'os

516 2914 799 2971 involvere
824 2915 993 2987 pedes
1018 2961 1031 2986 ,
1062 2932 1131 2973 ne
1158 2915 1457 2972 ascendere
1483 2916 1755 2973 valeamus
1786 2918 1853 2973 ad
1880 2919 2104 2975 coelum.

526 3008 585 3065 Si
615 3018 794 3066 autem
822 3010 1107 3066 Dominum
1142 3019 1354 3067 tentare
1398 3026 1565 3065 ausus
1605 3021 1687 3066 est
1714 3012 2021 3083 versipellis
2049 3022 2102 3067 et

2197 393 2520 465 simpliciter
2574 399 2993 465 praecavendum
3045 409 3170 467 est,
3224 415 3294 456 ne
3326 400 3556 472 ;duplici
3614 413 3800 462 mente

2198 488 2329 555 sint,
2366 502 2436 543 ne
2468 489 2680 545 Domini
2710 491 2982 563 ambigam
3006 501 3352 563 potestatem.
3378 496 3439 553 Si
3460 497 3626 553 etiam
3648 499 3802 573 Moy-

2197 596 2287 638 ses
2313 592 2369 637 et
2391 586 2568 639 Aaron
2595 584 2709 657 (qui
2732 586 2801 641 ad
2834 602 3029 657 aquam
3053 589 3511 648 contradictionis
3540 594 3642 649 visi
3674 604 3802 652 sunt

2199 675 2487 748 ﬂuctuare)
2513 691 2618 732 non
2653 688 2968 734 meruerunt
2998 689 3200 737 terram
3232 685 3679 751 repromissionis
3708 689 3795 744 in-

2201 775 2343 821 trare
2368 781 2381 820 :
2407 768 2592 837 utique
2620 770 2789 824 ntulto
2829 772 2997 842 magis
3029 788 3127 827 nos
3162 776 3250 844 qui
3281 788 3628 845 peccatorum
3666 797 3790 850 prc-

2201 858 2401 913 mimur
2453 859 2723 929 pondere,
2761 877 2869 917 non
2900 864 3201 922 valebimus
3233 867 3496 926 ﬂuentum
3541 872 3796 930 Jordanis

2200 958 2553 1014 transire:et
2585 958 2651 1011 ad
2701 959 2874 1015 locum
2928 960 3375 1031 circumcisionis,
3414 966 3465 1021 id
3506 978 3626 1036 est,
3676 971 3800 1027 Cal-

2201 1050 2323 1121 gala
2354 1052 2668 1120 pervenire,
2693 1053 2739 1107 si
2765 1054 3315 1113 scandalizaverimus
3347 1075 3513 1113 unum
3547 1060 3615 1117 de
3644 1064 3803 1119 mini-

2202 1144 2306 1199 mis
2346 1144 2485 1199 istis.
2538 1143 2697 1201 Unde
2733 1153 2839 1199 tam
2869 1145 3086 1202 labores
3119 1150 3354 1218 pastoris
3380 1193 3395 1218 ,
3428 1168 3589 1223 quam
3618 1156 3799 1227 gregis

2201 1237 2540 1294 fecunditas:
2568 1248 2674 1293 tam
2709 1238 2926 1295 ubertas
2971 1242 3226 1297 messium
3256 1286 3272 1311 ,
3320 1260 3476 1314 quam
3525 1248 3792 1316 agricola:

2202 1333 2441 1389 studium
2467 1376 2481 1402 ,
2508 1334 2725 1389 Domini
2753 1334 2968 1391 horreis
3001 1345 3393 1408 praeparentur.
3417 1339 3553 1395 Toto
3583 1341 3707 1397 nisu
3735 1358 3803 1399 ac

2204 1427 2395 1483 labore
2434 1427 2724 1483 tendamus
2751 1470 2767 1495 ,
2808 1439 2865 1483 ut
2897 1428 3043 1500 digni
3078 1430 3381 1488 efficiamur
3408 1434 3641 1491 adventu
3671 1452 3797 1508 pas-

2205 1519 2321 1576 cha:
2342 1560 2357 1587 ,
2383 1528 2439 1576 et
2462 1535 2627 1576 carne
2656 1535 2719 1575 ac
2748 1522 3015 1592 sanguine
3036 1524 3158 1594 agni
3184 1523 3387 1581 Christi
3416 1524 3565 1585 Jcsu.
3594 1529 3769 1586 Amen
3788 1571 3801 1585 .

2691 1634 3027 1693 EPISTOLA
3066 1636 3305 1707 XXVIII,

2540 1764 2637 1806 εει]
2678 1765 2852 1809 SERIO
2890 1768 2942 1809 IN
2983 1768 3181 1810 VIGILIA
3222 1768 3456 1812 PASCHd-I.

2794 1849 2874 1906 De
2898 1849 3011 1906 Esu
3035 1851 3193 1923 Agui.

2272 1958 2521 2031 (Habe-tut:
2543 1966 2596 2031 et
2620 1963 2759 2031 inter
2772 1964 3087 2031 supposititia
3104 1963 3364 2031 Augustini
3384 1977 3533 2031 Opera
3554 1967 3603 2031 in
3620 1978 3809 2031 appono

2207 2020 2316 2093 dice
2331 2021 2540 2093 tomi‘Yl,
2569 2020 2849 2093 inscriptus;
2871 2020 2935 2093 In
2954 2020 3207 2093 pervigilio
3227 2020 3443 2093 pascam,
3469 2028 3531 2078 de
3543 2030 3638 2079 Esu
3654 2020 3806 2093 ligni.

2208 2082 2346 2153 gilius
2370 2082 3036 2153 itt_}’eronensi'pe_t'antiquo
3068 2082 3159 2153 ms.
3193 2082 3308 2153 huic
3342 2082 3669 2153 praimittitur,
3704 2082 3809 2142 Iros

2211 2145 2352 2219 titulo
2378 2160 2388 2194 2
2420 2147 2559 2219 Unde
2577 2160 2729 2218 supra
2746 2145 3301 2219 ‘Moysegquadraginta
3323 2145 3492 2202 diebus
3522 2157 3569 2219 et
3589 2145 3811 2219 quadra-

2207 2208 2343 2271 ginta
2384 2208 2599 2278 noctibus
2642 2208 3154 2278 iejuttavt’t.‘Erasmus
3169 2208 3334 2278 'hujus
3365 2224 3417 2264 et
3456 2216 3542 2277 qui
3582 2208 3808 2278 proxime

2210 2271 2463 2330 precedit,
2493 2284 2606 2321 esse
2626 2271 2855 2322 eumdem
2875 2279 3124 2324 auctorem
3148 2271 3343 2335 sentit.)

2338 2374 2655 2435 MONITUM
2696 2377 2764 2435 IN
2804 2378 3227 2446 SEQUENTEM
3271 2381 3680 2440 EPISTOLAM.

2285 2492 2539 2572 Erasmus
2564 2497 2637 2572 ait
2657 2512 2676 2551 :
2693 2495 2796 2572 (Ea;
2819 2499 2998 2572 eadem
3024 2509 3071 2553 et
3112 2498 3197 2553 hic
3223 2515 3390 2555 sermo
3438 2504 3704 2572 profectus
3736 2510 3813 2557 cst

2211 2565 2449 2635 ofﬁcina,
2479 2575 2527 2621 et
2558 2567 2627 2620 ad
2652 2568 2983 2624 charissimos
3015 2572 3205 2640 fratres
3231 2565 3468 2642 pertittei.

2718 2681 3059 2740 EPISTOLA
3098 2685 3299 2754 XXIX,

2445 2808 2543 2851 δεῖ]
2571 2810 2745 2851 SERIO
2784 2813 2851 2852 DE
2890 2813 3324 2855 RESUBBECTIONE
3354 2814 3557 2857 DOIINI.

2283 2907 2325 2963 I.
2355 2906 2472 2963 Non
2503 2924 2666 2980 queo,
2701 2909 2899 2966 fratres
2919 2910 3254 2980 charissimi,
3279 2929 3443 2986 quem
3475 2923 3660 2972 mente
3681 2932 3816 2974 con-

2211 3001 2371 3071 cepi,
2400 3016 2499 3057 ore
2544 3001 2795 3072 proferre
2840 3018 3175 3073 sermonem,
3220 3016 3275 3062 et
3321 3006 3501 3062 cordis
3529 3008 3635 3063 mei
3669 3010 3816 3065 laeti-

516 3117 751 3174 nequam
778 3120 792 3160 :
832 3112 1033 3173 quanto
1080 3102 1252 3172 magis
1295 3117 1397 3157 nos
1429 3102 1683 3172 decipere
1712 3119 1819 3159 non
1854 3105 2063 3161 timebit
2092 3108 2105 3163 !
2140 3084 2185 3149 Ο
2222 3095 2351 3149 tiam
2378 3094 2559 3165 ""803
2586 3111 2693 3150 "0"
2722 3097 2976 3166 explicat
3005 3097 3121 3152 "0°
3146 3109 3326 3154 amem
3359 3114 3467 3155 ηοη
3499 3100 3673 3156 εοιυηι
3705 3116 3815 3173 (⁵80

516 3198 575 3255 Si
624 3205 813 3254 contra
848 3197 943 3253 Dei
978 3196 1172 3251 Filium
1204 3205 1255 3253 et
1285 3197 1502 3266 figulum
1530 3212 1685 3251 suum
1710 3238 1726 3265 ,
1778 3214 1872 3254 vas
1920 3200 2104 3270 perdi-

516 3297 630 3342 tum
658 3288 977 3359 repugnavit
1004 3305 1017 3340 :
1046 3296 1248 3358 quanto
1278 3287 1450 3357 magis
1490 3298 1682 3343 contra
1715 3303 1815 3343 nos
1846 3289 1938 3358 qui
1971 3292 2109 3347 inie-

515 3378 680 3435 rioris
710 3380 778 3434 ab
797 3394 864 3434 eo
888 3388 1096 3435 naturae
1120 3395 1306 3435 sumus
1329 3378 1555 3434 audebit
1577 3380 1856 3451 insurgere
1880 3384 1893 3437 !
1919 3382 1974 3438 Si
1991 3383 2109 3453 jus-

516 3481 605 3529 tus
631 3472 719 3528 vix
768 3473 1069 3529 salvabitur
1092 3516 1106 3541 ,
1157 3474 1308 3545 impii
1339 3482 1393 3529 et
1427 3483 1741 3544 peccatores
1768 3476 1859 3531 ubi
1892 3492 2111 3546 perma-

516 3564 723 3618 nebunt
766 3565 807 3635 (Ι
835 3564 980 3619 Petr.
1010 3580 1085 3631 tv,
1121 3564 1249 3635 18)?
1304 3564 1424 3620 Non
1476 3580 1583 3635 quo
1619 3565 1876 3623 Dominus
1925 3578 2112 3625 noster

516 3652 699 3722 decipi
727 3655 1011 3718 potuerita
1041 3654 1281 3723 diabolo,
1312 3655 1406 3710 sed
1436 3671 1542 3726 quo
1573 3656 1799 3714 formam
1831 3660 1979 3715 servi
2013 3675 2108 3716 ac-

519 3743 759 3813 ceperit,
794 3744 845 3798 in
870 3744 1121 3800 omnibus
1155 3760 1214 3800 se
1247 3746 1484 3802 tribuere
1526 3747 1718 3803 volens
1754 3752 2061 3820 exemplum
2094 3793 2110 3819 ,

520 3850 578 3894 ιιι
603 3854 765 3894 nemo
798 3838 901 3893 sibi
933 3838 985 3893 in
1015 3840 1302 3895 sanctitate
1330 3841 1573 3897 confidat
1596 3884 1611 3910 ,
1663 3858 1783 3898 cum
1827 3846 1989 3900 etiam
2023 3846 2114 3904 ille

522 3944 764 3991 tentatur
785 3977 798 4000 ,
822 3949 980 4004 quem
1010 3950 1115 3990 nou
1147 3944 1373 4004 possunt
1403 3944 1734 3993 teutamenta
1764 3953 2046 4010 superare.

593 4027 683 4084 lll.
713 4027 827 4083 Hoc
858 4037 1027 4083 totum
1054 4027 1253 4083 idcirco
1281 4029 1611 4101 replicamus
1637 4073 1651 4097 ,
1695 4032 1887 4089 fratres
1907 4034 2111 4091 charis-

524 4122 684 4185 simi,
720 4133 777 4175 ut
806 4122 1038 4179 sollicita
1067 4133 1245 4179 mente
1274 4139 1568 4181 caveamus
1594 4168 1609 4193 ,
1656 4142 1724 4182 ne
1747 4140 2007 4185 exeuntes
2046 4129 2114 4186 de

522 4213 780 4285 Egypto,
811 4224 866 4270 et
895 4228 992 4283 per
1013 4214 1366 4285 quadraginta
1396 4216 1536 4286 dies,
1561 4218 1715 4285 quasi
1747 4232 1845 4287 per
1874 4219 2112 4290 quadra-

515 4308 661 4377 ginta
708 4323 883 4363 annos
918 4308 985 4361 ad
1028 4309 1469 4379 repromissionis
1502 4320 1704 4366 terram
1747 4327 1843 4383 per
1869 4328 2112 4371 eremum

518 4400 840 4458 festinantes
863 4447 877 4470 ,
912 4400 1286 4458 desideremus
1316 4417 1509 4459 carnes
1538 4411 1594 4458 ct
1617 4404 1754 4459 ollas
1785 4405 2025 4478 )Egypti,
2058 4416 2113 4463 et

2216 3185 2415 3257 patior,
2445 3186 2543 3257 qui
2585 3186 2745 3256 cupio
2774 3202 2999 3243 narrare
3027 3204 3149 3259 qua:
3175 3191 3353 3245 sentio
3383 3208 3398 3250 :
3427 3191 3524 3247 sed
3556 3192 3725 3248 etiam
3760 3203 3817 3250 et

2217 3296 2318 3337 vos
2337 3297 2548 3338 mecum
2572 3281 2842 3351 patimini,
2868 3284 2991 3352 plus
3012 3284 3352 3340 exsultantes
3373 3285 3424 3341 in
3448 3286 3818 3356 conscientia,

2215 3390 2375 3445 quam
2426 3376 2647 3445 eloquio
2697 3375 3059 3446 profcrentes.
3110 3378 3336 3435 Videtur
3383 3381 3515 3435 mihi
3562 3381 3652 3438 hic
3693 3383 3819 3440 dies

2216 3469 2429 3522 caeteris
2470 3468 2665 3524 diebus
2711 3483 2835 3524 esse
2883 3470 3120 3525 lucidior
3172 3488 3187 3527 :
3232 3474 3313 3529 sol
3359 3474 3561 3531 mundo
3609 3476 3822 3533 clarior

2215 3559 2463 3616 illuxisse
2494 3578 2507 3613 :
2540 3570 2689 3615 astra
2716 3576 2937 3633 quoque
2966 3571 3022 3619 et
3070 3565 3251 3619 omnia
3283 3567 3551 3622 elementa
3582 3568 3769 3625 lauari
3802 3590 3815 3626 :

2216 3660 2272 3707 et
2301 3666 2444 3722 qum,
2479 3651 2725 3723 patiente
2751 3652 3001 3723 Domino,
3037 3658 3324 3726 proprium
3352 3658 3542 3713 lumen
3568 3669 3822 3717 retraxe-

2216 3750 2338 3797 rant
2367 3751 2422 3797 et
2450 3742 2725 3813 fugerant,
2752 3754 2807 3800 et
2830 3744 3118 3801 noluerant
3143 3747 3459 3806 Creatorem
3481 3766 3637 3806 suum
3666 3756 3821 3826 aspi-

2215 3851 2343 3891 cere
2388 3835 2732 3896 crucifixum.
2764 3836 2881 3895 htec
2918 3854 3061 3895 nunc
3109 3839 3379 3896 victorem
3430 3842 3604 3908 illum,
3656 3854 3715 3899 et
3748 3846 3821 3901 ab

2216 3928 2406 3984 inferis
2433 3941 2835 4000 resurgentem,
2865 3946 2964 3987 suo
2990 3932 3059 4003 (si
3083 3933 3191 3989 dici
3220 3935 3420 4007 potest)
3451 3936 3680 4008 fulgore,
3712 3954 3822 3994 suo

2218 4033 2627 4093 prosequuntur
2652 4024 2856 4081 officio.
2903 4027 3093 4082 Credit
3117 4028 3340 4096 cmlum,
3391 4031 3566 4087 credit
3621 4041 3816 4092 terra:

2217 4125 2273 4170 et
2302 4131 2500 4187 sagena
2540 4131 2662 4187 qum
2711 4126 2884 4173 totum
2924 4120 3184 4176 mundum
3216 4120 3418 4191 piscata
3448 4131 3563 4192 est,
3592 4123 3820 4183 Judznos

2219 4218 2409 4266 tenere
2440 4226 2545 4267 non
2580 4212 2776 4280 potuit.

2288 4303 2349 4357 11.
2396 4304 2526 4359 Ilazc
2564 4304 2677 4359 dies
2726 4322 2879 4374 quant
2922 4308 3046 4377 fecit
3076 4307 3362 4376 Dominus,
3410 4312 3727 4369 (nummus
3768 4324 3820 4370 et

2218 4394 2451 4450 (retentur-
2481 4396 2534 4449 iu
2564 4413 2625 4450 ea
2670 4396 2897 4468 (Psalm.
2930 4414 3098 4467 cxvu,
3142 4401 3259 4471 24).
3308 4402 3597 4470 Quomodo
3643 4404 3817 4463 Maria

522 4511 550 4548 a
600 4495 944 4565 serpentibus
987 4497 1355 4552 mordeamur.
1407 4498 1689 4552 Exivimus
1724 4498 1793 4553 de
1829 4474 2062 4573 ngypto
2094 4520 2105 4558 :

2216 4485 2369 4556 virgo
2400 4494 2574 4541 mater
2606 4486 2821 4544 Domini
2848 4488 2993 4546 inter
3013 4506 3204 4549 omnes
3235 4493 3491 4550 mulieres
3516 4497 3818 4568 principa-

516 4589 644 4659 quid
672 4590 833 4647 nobis
862 4605 984 4645 cum
1008 4590 1279 4663 Egypliis
1324 4591 1462 4646 cibis
1486 4592 1509 4647 ?
1551 4591 1655 4660 Qui
1699 4593 1965 4650 habemus
1993 4612 2109 4653 cm-

526 4681 716 4737 lcstem
769 4697 965 4753 panem
994 4723 1010 4748 ,
1049 4692 1263 4738 terrena
1299 4682 1556 4737 alimenta
1598 4683 1728 4752 quid
1772 4686 2113 4755 quaerimus?

519 4774 858 4846 Reliquimus
882 4775 1224 4831 PharaOncm
1251 4816 1264 4840 ,
1298 4776 1608 4831 inrocetnus
1638 4776 1894 4833 auxilium
1926 4778 2111 4835 Domi-

520 4868 572 4919 ni
608 4884 623 4920 :
652 4876 712 4921 ut
734 4868 890 4924 nobis
913 4868 1204 4940 [Egyptius
1223 4883 1319 4923 rex
1348 4868 1400 4922 in
1432 4867 1773 4924 credentium
1788 4870 2112 4941 baptismate

515 4960 922 5031 submergatttr.
952 4962 1027 5016 lbi
1058 4970 1281 5031 pereant
1300 4960 1425 5030 equi
1451 4970 1506 5016 et
1529 4977 1851 5019 ascensores
1874 4980 2062 5020 corum
2092 4983 2107 5025 :

519 5053 592 5108 ibi
621 5051 864 5109 fremens
888 5053 1193 5110 adversarii
1217 5064 1442 5111 necetur
1467 5058 1763 5112 exercitus.
1811 5056 1926 5112 Non
1958 5074 2109 5113 mur-

520 5157 797 5199 muremus
827 5144 1090 5200 adversus
1120 5146 1406 5202 Dominum
1436 5189 1450 5213 ,
1490 5162 1558 5202 ne
1587 5163 1615 5201 a
1647 5147 1881 5203 Domino
1918 5164 2108 5218 percu-

515 5240 733 5296 tiamur.
784 5236 901 5293 Non
942 5237 1291 5294 detrahamus
1332 5240 1398 5296 de
1438 5242 1809 5298 sacerdotibus
1856 5243 2102 5297 nostris:

434 5352 435 5355 η
515 5342 571 5389 et
614 5332 790 5405 magis
834 5347 863 5386 a
902 5330 1049 5386 vitiis
1081 5332 1389 5402 jejuuemus
1422 5349 1582 5404 quam
1623 5349 1652 5387 a
1679 5334 1817 5389 cibis
1852 5353 1865 5389 :
1902 5334 2029 5390 licet
2055 5342 2111 5390 et

512 5427 758 5483 ciborum
786 5424 1120 5481 abundantia
1148 5425 1258 5480 sint
1282 5425 1518 5481 fomenta
1540 5426 1816 5481 vitiorum.
1840 5425 1897 5481 Si
1926 5424 2107 5481 Aaron

519 5526 575 5574 et
600 5518 763 5572 Maria
790 5528 979 5573 contra
1012 5518 1231 5588 Moysen
1264 5528 1663 5575 murmurantes
1691 5561 1705 5583 ,
1739 5519 1836 5575 Dei
1868 5535 1964 5590 pro
1988 5533 2108 5574 ser-

516 5625 585 5663 vo
635 5624 738 5663 suo
775 5620 1060 5666 senserunt
1100 5610 1400 5666 vindictam
1436 5631 1447 5665 :
1480 5621 1683 5683 quanto
1732 5614 1902 5684 magis
1941 5613 1985 5669 si
2014 5614 2115 5668 alio

514 5700 636 5770 quis
658 5709 903 5755 nostrum
935 5717 1044 5771 pra-
1057 5704 1289 5773 positum
1323 5720 1479 5761 suum
1509 5706 1731 5775 vipereo
1772 5723 1866 5765 ore
1896 5708 2109 5764 lacerae

2215 4586 2330 4632 tum
2373 4585 2520 4634 tenet
2549 4597 2560 4631 :
2587 4580 2661 4635 ita
2690 4581 2833 4637 inter
2859 4592 3090 4640 caeteros
3110 4584 3230 4642 dies
3260 4586 3377 4643 base
3417 4588 3660 4645 omnium
3690 4592 3819 4649 die-

2216 4689 2334 4728 rum
2367 4683 2540 4729 mater
2578 4684 2681 4731 est.
2715 4675 2848 4730 Rem
2881 4693 3081 4735 novam
3116 4680 3265 4750 dico,
3297 4682 3395 4739 sed
3420 4698 3543 4754 qua:
3570 4683 3822 4756 Scriptu-

2214 4781 2396 4821 rarutn
2454 4766 2679 4823 vocibus
2716 4772 3101 4838 comprobatur
3125 4815 3141 4838 ,
3182 4772 3297 4829 haec
3334 4773 3453 4830 dies
3501 4783 3558 4830 et
3605 4791 3712 4832 una
3747 4778 3822 4834 de

2212 4870 2447 4929 septem,
2471 4868 2528 4915 ct
2542 4870 2697 4916 extra
2723 4871 2932 4932 septem
2961 4871 3066 4920 est.
3094 4864 3222 4920 Haec
3235 4866 3451 4922 estdies
3466 4882 3587 4938 qum
3613 4871 3818 4940 appel-

2216 4951 2359 5007 latur
2380 4961 2591 5008 octava.
2621 4952 2777 5010 Unde
2802 4967 2857 5009 et
2877 4954 2930 5010 in
2963 4956 3289 5025 quibusdam
3319 4958 3648 5028 psalmorum
3684 4960 3824 5016 titus-

2212 5046 2279 5101 lis
2301 5046 2748 5115 superscribitur,
2789 5065 2883 5119 pro
2910 5059 3107 5105 octava.
3152 5050 3278 5106 Haec
3304 5061 3389 5107 est
3411 5053 3463 5109 in
3490 5068 3593 5124 qua
3626 5053 3825 5124 Syna-

2213 5153 2349 5209 goga
2403 5138 2628 5206 linitur,
2681 5150 2739 5194 et
2784 5141 3029 5198 Ecclesia
3080 5142 3343 5200 nascitur.
3400 5146 3526 5201 [iam
3564 5145 3617 5200 in
3654 5148 3824 5218 cujus

2214 5245 2439 5287 numero
2463 5240 2588 5286 octo
2615 5232 2811 5287 animat
2840 5233 3059 5289 salvatus
3086 5243 3215 5290 sunt
3236 5238 3287 5292 in
3321 5252 3447 5293 arca
3472 5236 3599 5307 .Noe
3640 5237 3815 5309 (Gen.

2218 5340 2332 5389 vut,
2360 5324 2472 5394 16).
2506 5324 2791 5392 Similiter,
2825 5326 3000 5398 inquit
3029 5329 3241 5397 I‘etrus,
3264 5339 3319 5386 et
3344 5346 3441 5386 vos
3463 5330 3646 5387 salvos
3685 5333 3826 5391 facit

2218 5414 2483 5473 Ecclesia.
2540 5416 2665 5472 Hmc
2709 5428 2791 5474 est
2829 5420 2898 5475 de
2940 5436 3043 5491 qua
3089 5422 3445 5479 Ecclesiastes
3492 5425 3751 5497 praecipit
3805 5446 3823 5482 :

2220 5513 2347 5566 Date
2375 5518 2547 5582 partes
2588 5521 2802 5581 septem,
2853 5516 2971 5569 date
2996 5528 3044 5571 et
3083 5526 3196 5572 octo
3248 5516 3446 5587 (Eccle.
3502 5533 3581 5585 xt,
3620 5519 3707 5591 9.).
3755 5521 3823 5577 Ili

2219 5612 2347 5662 sunt
2384 5612 2509 5659 octo
2539 5604 2759 5676 gradus,
2806 5622 2903 5677 per
2942 5626 3080 5681 quos
3126 5610 3178 5666 in
3221 5610 3515 5667 Ezechiele
3546 5613 3821 5685 templum

2223 5700 2318 5759 Dei
2350 5697 2678 5758 scandimus.
2705 5774 2708 5777 t
2734 5702 2858 5760 Ilmc
2905 5715 3127 5781 octava-)
3148 5708 3288 5776 dies,
3320 5704 3388 5763 de
3433 5707 3591 5778 cujus
3623 5723 3825 5767 saera-
