4012 6190
221 245 341 319 ἓὶδὲ

845 239 1180 302 EPISTOLA
1216 240 1386 300 XXX.
1428 239 1521 299 AD
1558 233 2023 308 EUSTOCDIUM,
2066 235 2155 296 DE
2196 232 2512 296 VINCULIS
2550 237 2613 294 Β.
2655 232 2881 294 PETRI.

3395 234 3503 296 296

218 369 425 430 mento,
458 367 512 418 et
536 359 777 417 omnium
808 360 1088 417 nationum
1118 362 1170 416 in
1196 359 1397 417 Christi
1431 360 1555 427 nde,
1587 366 1806 415 octavus
1832 364 1882 421 Α
1914 367 2120 413 tramus
2141 365 2355 427 portam
2389 357 2647 428 paradisi.
2671 357 2748 411 Ita
2774 355 3033 412 debemus
3055 352 3266 424 vivere,
3308 366 3378 409 ne
3405 354 3506 425 eji-

219 468 437 526 quoque
481 453 722 526 psalmus
761 452 955 524 incipit
994 471 1011 509 :
1047 452 1267 507 Domine
1308 452 1564 508 Dominus
1595 461 1769 505 noster
1794 492 1809 519 ,

217 561 375 616 quam
416 543 722 599 admirabile
768 555 845 599 est
886 560 1070 599 nomen
1108 553 1256 598 tuum
1293 544 1348 598 in
1392 545 1633 598 universa
1677 552 1813 596 terra

220 634 393 709 (Psal.
427 652 547 705 vm,
593 636 675 709 2)!
712 637 782 693 Et
821 637 950 708 quid
980 652 1069 693 me
1100 651 1331 694 necesse
1369 646 1457 694 est
1491 636 1701 692 infinita
1731 651 1815 691 re-

220 729 465 800 plicare?
498 729 628 786 Dies
648 745 738 786 me
761 730 1001 798 deﬁciet,
1029 731 1075 786 si
1090 731 1320 787 voluero
1338 745 1503 787 omne
1523 728 1635 785 diei
1661 728 1816 784 istius

218 834 498 891 exponere
518 831 950 880 sacramentum.

289 913 380 970 Ill.
416 912 535 971 ltoc
564 923 774 970 tantum
803 914 953 983 dico,
986 915 1130 987 quod
1168 916 1423 973 universa
1453 916 1665 972 sabbati
1690 929 1819 987 gra.

219 1007 293 1062 tia
323 1016 382 1063 et
422 1008 646 1080 antiqua
693 1009 788 1064 illa
818 1009 1089 1067 festivitas
1117 1012 1309 1082 populi
1345 1011 1679 1076 Judaeorum,
1707 1010 1817 1066 diei

218 1100 386 1157 istius
434 1102 782 1161 solemnitate
830 1112 1032 1159 mutata
1064 1116 1168 1160 eSt.
1212 1104 1292 1157 Illi
1342 1105 1393 1157 in
1437 1104 1665 1159 sabbato
1707 1119 1815 1158 non

218 1191 504 1250 faciebant
548 1211 685 1265 opus
712 1195 935 1263 servile,
986 1212 1083 1251 nos
1116 1196 1169 1250 in
1216 1197 1306 1251 die
1339 1196 1619 1251 Dominica
1646 1239 1659 1263 ,
1711 1196 1814 1251 hoc

217 1295 332 1353 est,
362 1284 823 1353 Resurrectionis,
858 1299 998 1356 opus
1026 1286 1231 1342 servile
1263 1302 1368 1342 non
1398 1286 1625 1343 iacimus
1648 1304 1661 1341 :
1685 1287 1811 1357 quia

214 1378 370 1435 vitiis
400 1387 456 1433 et
483 1378 727 1447 peccatis
755 1392 866 1433 non
916 1378 1203 1433 servimus.
1235 1378 1338 1445 Qui
1367 1380 1502 1432 enim
1533 1380 1658 1448 facit
1688 1395 1811 1449 pec-

213 1481 407 1538 catum,
451 1488 634 1528 servus
661 1482 734 1527 est
761 1473 959 1541 peccati
981 1473 1166 1545 (Joan.
1198 1488 1313 1539 vm,
1360 1472 1473 1545 54).
1509 1473 1590 1528 Illi
1615 1474 1681 1529 de
1709 1474 1812 1529 do-

216 1569 400 1624 mibus
449 1568 564 1622 suis
610 1582 722 1623 non
769 1566 1197 1637 egrediebantur
1240 1586 1253 1621 :
1296 1576 1353 1623 et
1397 1582 1497 1623 nos
1539 1567 1608 1623 de
1650 1567 1812 1623 domo

215 1659 431 1715 Christi
477 1674 586 1715 non
638 1659 969 1731 egredimur,
1020 1675 1209 1715 sumus
1254 1661 1400 1716 enim
1450 1661 1503 1715 in
1546 1661 1808 1717 Ecclesia.

219 1753 312 1808 illi
359 1768 467 1809 non
514 1753 887 1810 accendebant
930 1754 1112 1824 ignem
1160 1756 1212 1809 in
1274 1754 1363 1809 die
1405 1754 1615 1810 sabbati
1673 1768 1817 1811 :nos
1850 1751 1895 1812 Β

219 1862 254 1903 e
267 1847 541 1903 contrario
553 1845 902 1901 accendimus
920 1846 973 1901 in
989 1846 1147 1901 nobis
1172 1846 1348 1916 ignem
1369 1847 1603 1915 Spiritus
1622 1848 1792 1902 sancti
1804 1888 1817 1913 ,

220 1947 283 1993 et
322 1952 489 1994 omne
537 1938 731 1993 vitium
781 1938 1141 2008 excoquimus
1190 1950 1537 2007 peccatorum
1579 1940 1691 1994 :de
1716 1954 1822 2009 quo

219 2031 353 2100 igne
376 2030 637 2086 Dominus
657 2030 735 2085 ait
766 2049 780 2084 :
813 2029 999 2101 Ignem
1036 2032 1147 2085 ι’εηὶ
1190 2032 1392 2087 mittere
1428 2034 1481 2085 in
1508 2041 1695 2085 terram
1726 2049 1744 2085 :
1775 2040 1822 2086 et

219 2138 384 2194 quam
410 2122 526 2177 volo
548 2131 604 2177 ut
646 2123 828 2178 ardeat
857 2122 1018 2195 (Luc.
1050 2139 1146 2189 xu,
1176 2122 1293 2194 49).
1334 2122 1618 2179 Desiderat
1641 2124 1825 2179 Domi-

222 2233 332 2273 nus
360 2218 541 2287 ignem
570 2218 734 2273 istum
764 2217 961 2273 ardere
993 2217 1046 2272 in
1082 2218 1240 2273 nobis
1270 2234 1285 2275 :
1337 2216 1641 2273 secundum
1672 2219 1821 2287 Apo-

220 2311 454 2378 stolum,
487 2309 541 2365 id
570 2319 678 2377 est,
719 2309 925 2381 Spiritu
954 2326 1056 2367 nos
1097 2320 1288 2367 sancto
1329 2310 1573 2379 fervere,
1617 2318 1676 2365 ut
1713 2324 1821 2365 non

220 2401 557 2474 refrigescat
585 2402 640 2458 in
673 2402 834 2459 nobis
860 2402 1104 2459 charitas
1137 2404 1255 2459 Dei.
1287 2403 1369 2459 llli
1402 2418 1497 2474 per
1527 2403 1671 2460 diem
1701 2405 1825 2460 sab-

220 2496 341 2552 bati
392 2512 499 2552 non
550 2495 835 2551 ambulant
886 2496 941 2551 in
990 2496 1238 2551 itinere:
1274 2494 1629 2566 perdiderunt
1676 2495 1820 2549 enim

216 2586 386 2643 illum
429 2587 519 2657 qui
565 2586 706 2642 dixit
734 2604 747 2642 :
780 2585 894 2657 Ego
915 2602 1028 2641 sum
1076 2587 1159 2640 via
1189 2583 1371 2658 (Joan.
1427 2601 1539 2653 xiv,
1588 2584 1689 2656 6):
1722 2599 1823 2640 nos

220 2688 409 2735 autem
437 2678 670 2736 dicimus
705 2679 900 2735 :Beati
941 2678 1285 2745 immaculati,
1335 2679 1425 2749 qui
1461 2678 1729 2732 ambulant
1768 2678 1824 2731 in

220 2774 341 2843 lege
389 2770 601 2827 Domini
648 2770 880 2844 (Psalm.
924 2786 1111 2837 cxvm,
1152 2769 1229 2842 1).
1280 2770 1348 2825 Et
1387 2770 1581 2826 iterum
1626 2768 1824 2823 :Viam

198 2866 457 2921 vanitatis
503 2864 663 2937 elegi,
713 2874 762 2919 et
804 2866 938 2918 riam
958 2848 1401 2935 justi/icoationum
1446 2872 1651 2917 tuarum
1698 2863 1826 2917 doce

221 2974 334 3011 me.
365 2956 447 3011 ltli
479 2956 551 3012 de
575 2957 751 3027 spinis
786 2955 1079 3011 Dominum
1110 2962 1518 3010 coronaverunt
1551 2973 1564 3010 :
1597 2968 1698 3009 nos
1725 2969 1823 3009 au-

222 3059 359 3118 tem,
385 3049 433 3104 si
455 3048 721 3105 fuerimus
751 3048 958 3119 lapides
983 3047 1235 3119 pretiosi,
1264 3047 1552 3102 Dominum
1581 3056 1824 3102 nostrum

1915 454 2126 507 ciamur
2154 451 2223 506 de
2249 451 2413 507 domo
2435 453 2547 518 illa,
2581 462 2635 507 et
2662 450 2820 521 ejecti
2846 449 2995 505 foras
3015 465 3045 504 a
3068 448 3256 505 bestiis
3279 447 3505 505 devore-

1917 559 2041 599 mur
2071 561 2085 599 :
2115 558 2251 615 quas
2294 544 2348 598 in
2397 545 2503 599 alio
2543 544 2664 599 loco
2704 542 2974 613 Propheta
3017 540 3346 609 formidans,
3378 542 3453 596 ait
3485 560 3498 595 :

1920 636 2005 692 Ne
2053 638 2231 691 tradas
2279 637 2455 693 bestiis
2501 638 2697 692 animas
2741 636 3096 706 conﬁtentium
3136 634 3223 689 tibi
3267 633 3501 707 (Psalm.

1921 747 2110 801 Lxxut,
2144 731 2255 802 l9).

1998 822 2061 877 ν.
2114 823 2253 878 Ecce
2287 837 2431 879 nunc
2472 823 2733 879 Dominus
2772 833 2926 878 stans
2972 822 3024 878 in
3069 821 3303 893 paradisi
3347 821 3503 893 janua

1922 913 2166 984 loquitur
2213 912 2283 968 ad
2335 928 2437 969 nos
2487 912 2581 984 qui
2603 928 2789 969 sumus
2838 912 2893 969 in
2922 912 3086 969 domo
3140 914 3311 983 ipsius
3345 930 3356 966 :
3387 928 3507 967 cum

1920 1007 2248 1077 quicumque
2302 1014 2618 1062 sanctorum
2671 1006 2835 1062 fuerit
2882 1006 3163 1078 ingressus
3206 1022 3220 1061 :
3270 1007 3512 1076 quamvis

1919 1100 2164 1155 diabolus
2194 1099 2503 1169 prohibeat,
2536 1101 2783 1170 quamvis
2815 1100 3069 1156 inimicus
3108 1109 3365 1156 accuset:
3397 1100 3512 1171 ipse

1916 1200 2003 1246 est
2028 1190 2299 1262 siquidem
2326 1200 2613 1247 accusator
2657 1192 2889 1247 fratrum
2925 1204 3257 1264 nostrorum,
3293 1195 3407 1264 ipse
3433 1202 3515 1249 est

1918 1285 2116 1341 vindex
2150 1285 2405 1341 inimicus
2431 1305 2442 1341 :
2476 1288 2616 1341 sicut
2646 1287 2700 1341 in
2730 1289 3037 1343 centesimo
3066 1289 3333 1359 vigesimo
3360 1297 3513 1344 sexto

1915 1379 2128 1448 psalmo
2164 1377 2364 1434 dicitur
2393 1396 2405 1431 :
2440 1379 2542 1447 Qui
2571 1390 2782 1434 sanctus
2822 1381 2980 1450 fuerit
3011 1397 3111 1435 non
3144 1382 3513 1450 confundetur,

1916 1482 2031 1520 cum
2058 1468 2295 1539 loquetur
2336 1469 2564 1523 inimicis
2590 1470 2697 1522 suis
2734 1470 2787 1523 in
2816 1479 2969 1539 porta
3000 1484 3020 1523 :
3059 1474 3109 1525 in
3140 1469 3268 1525 Jcsu
3296 1469 3517 1531 Christo

1915 1560 2003 1614 cui
2032 1569 2115 1616 est
2143 1560 2320 1615 honor
2339 1570 2392 1615 et
2414 1560 2582 1631 gloria
2612 1562 2666 1615 in
2689 1562 2887 1617 saecula
2913 1562 3239 1618 saeculorum
3274 1581 3285 1615 :
3312 1561 3507 1618 Amen.

2045 1740 2359 1799 MONITUM
2398 1741 2467 1797 IN
2507 1741 2932 1811 SEQUENTEM
2973 1743 3385 1801 EPISTOLAM.

2002 1894 2225 1969 Utniliil
2269 1898 2334 1950 de
2372 1898 2572 1969 artiﬁce
2606 1898 2718 1964 ipso
2759 1899 2955 1961 dicam,
2996 1900 3087 1969 qui
3138 1898 3515 1969 Hieronymum

1924 1967 2129 2021 mentiri
2156 1966 2253 2018 hac
2274 1967 2495 2034 epistola
2526 1977 2627 2038 tam
2654 1970 2803 2023 malis
2829 1966 3020 2022 artibus
3046 1979 3257 2023 conatus
3284 1966 3379 2034 est,
3402 1970 3516 2038 qui-

1924 2054 2025 2109 que
2047 2038 2179 2093 adeo
2205 2038 2322 2109 plus
2345 2040 2469 2092 satis
2490 2039 2553 2091 ab
2570 2037 2787 2092 Erasmo
2817 2040 3026 2108 vapulat
3050 2055 3068 2092 :
3094 2048 3275 2093 auctor
3302 2037 3437 2100 sunt,
3462 2049 3519 2093 ut

1927 2107 2014 2163 eas
2058 2124 2175 2161 cum
2220 2107 2379 2181 Beda?
2417 2125 2650 2164 sermone
2690 2111 2744 2164 in
2785 2111 3087 2181 ltociipsum
3131 2120 3516 2181 argumentum.

1926 2196 2145 2252 cumque
2173 2180 2280 2232 alio
2302 2179 2552 2234 Encomio
2579 2191 2899 2249 catenarum,
2930 2179 2979 2234 et
3007 2180 3172 2251 gladii
3207 2179 3353 2235 Petri
3380 2180 3519 2252 apud

1928 2249 2375 2322 Melan/tradem,
2421 2252 2679 2322 conferas.
2720 2249 3021 2321 Conﬁctum‘
3051 2252 3115 2305 ab
3155 2268 3213 2306 eo
3253 2249 3422 2305 etiam
3448 2261 3523 2305 est

1924 2321 2064 2374 illud
2091 2321 2435 2377 lnmeratoris
2467 2322 2791 2377 Constantini
2817 2323 2888 2375 ad
2918 2323 3143 2377 unirersi
3188 2322 3328 2376 orbis
3371 2322 3524 2375 Citri-

1923 2396 2122 2464 stianos
2166 2393 2505 2463 Epistoliunt,
2556 2395 2697 2463 quod
2734 2395 2997 2448 interserit
3037 2410 3155 2464 cap.
3201 2394 3256 2463 5,
3287 2393 3521 2463 quodque

1927 2478 2075 2518 nemo
2101 2462 2369 2518 hominum
2398 2465 2536 2519 alius
2564 2462 2722 2519 novit.

2451 2619 2788 2678 EPISTOLA
2830 2620 2999 2676 XXX.

2500 2774 2567 2813 AD
2603 2774 2965 2815 EUSTOCHIUI.

2372 2890 2451 2946 De
2490 2891 2728 2949 Vinculis
2754 2893 2889 2949 beati
2912 2892 3074 2950 Petri.

2003 3047 2042 3101 Ι.
2080 3047 2395 3119 Saepissimo
2421 3060 2630 3122 rogatu,
2659 3067 2693 3108 o
2720 3053 2873 3123 virgo
2912 3052 3116 3108 Christi
3147 3052 3524 3120 Eustochium,

224 3144 641 3201 coronabimus.
678 3144 851 3214 Caput
900 3144 1291 3213 imperatorum
1324 3141 1483 3197 istius
1516 3141 1702 3195 saeculi
1737 3154 1828 3195 or-
1852 3141 1896 3204 C
1929 3155 1959 3195 a
1991 3154 2079 3195 me
2108 3149 2197 3196 tua
2227 3141 2473 3212 deposcit
2496 3143 2760 3213 charitas,
2792 3153 2853 3200 ut
2882 3145 2977 3201 tibi
3002 3145 3211 3217 tuisque
3233 3145 3530 3215 virginibus

223 3246 331 3294 nat
364 3238 617 3294 diadema
649 3254 663 3292 :
696 3251 795 3292 nos
829 3236 954 3293 ideo
981 3236 1036 3291 in
1066 3235 1249 3306 capite
1279 3234 1448 3290 nostri
1477 3235 1618 3305 regis
1650 3233 1826 3303 impo-

223 3333 449 3397 nimur,
495 3340 553 3387 ut
581 3346 843 3387 oruemur
888 3345 916 3383 a
948 3330 1145 3400 capite.
1192 3329 1273 3384 llli
1319 3343 1429 3383 non
1472 3336 1830 3398 susceperunt

224 3425 536 3493 Christum,
584 3434 643 3481 et
689 3424 997 3494 suscepturi
1037 3431 1167 3478 sunt
1213 3420 1610 3477 Antichristum
1664 3438 1677 3473 :
1730 3434 1830 3475 nos

226 3518 545 3588 recepimus
575 3515 835 3571 humilem
864 3515 1059 3570 Filium
1091 3512 1207 3580 Dei,
1234 3522 1293 3568 ut
1317 3521 1505 3584 postea
1537 3513 1832 3568 habeamus

232 3608 692 3680 triumphantem.
754 3606 840 3662 Ad
886 3613 1187 3661 extremum
1238 3615 1428 3660 noster
1471 3603 1656 3659 hircus
1705 3612 1834 3658 ante

232 3702 462 3758 Domini
496 3700 811 3756 immolatur
837 3700 1010 3754 altare
1045 3716 1058 3752 :
1089 3697 1305 3754 illorum
1344 3698 1529 3753 hircus
1557 3695 1835 3753 Antichri-

227 3804 357 3849 stus
383 3801 685 3863 consputus
710 3799 767 3848 et
794 3790 1139 3857 maledictus,
1174 3790 1460 3862 projicitur
1492 3790 1546 3843 in
1574 3787 1829 3844 solitudi-

229 3901 388 3942 nem.
436 3885 637 3940 Noster
666 3884 810 3939 latro
845 3899 969 3939 cutn
1016 3882 1251 3938 Domino
1294 3880 1595 3952 ingreditur
1622 3878 1838 3950 paradi-

228 3992 359 4033 sum
407 3994 423 4029 :
476 3974 697 4031 illorum
746 3976 886 4030 latro
933 3973 1206 4029 homicida
1241 3982 1407 4043 atque
1455 3970 1832 4040 blasphemus,

229 4067 475 4123 moritur
520 4067 574 4121 in
621 4074 848 4136 peccato
884 4080 1005 4121 suo.
1046 4065 1158 4119 Illis
1188 4063 1465 4118 Barabbas
1494 4061 1788 4117 dimittitur
1822 4079 1835 4115 :

230 4162 404 4217 nobis
431 4160 689 4216 Christus
716 4159 1007 4216 occiditur.
1040 4157 1147 4212 Pro
1172 4155 1373 4227 quibus
1403 4154 1699 4219 universis,
1732 4155 1839 4207 t‘ra-

234 4267 362 4311 tres
410 4253 752 4320 charissimi,
802 4266 1043 4308 consona
1083 4251 1287 4322 pariter
1341 4264 1478 4305 voce
1526 4257 1838 4304 cantemus:

238 4349 381 4403 Hac
410 4357 486 4403 est
512 4347 625 4402 dies
646 4363 801 4417 quam
822 4347 943 4417 fecit
970 4345 1225 4400 Dominus
1242 4388 1257 4413 ,
1286 4344 1595 4399 exsultemus
1619 4353 1669 4399 et
1701 4342 1843 4398 ιωεε-

238 4459 363 4497 mur
383 4443 441 4495 in
474 4456 537 4495 ea
570 4438 797 4512 (Psalm.
821 4454 988 4507 cxvu,
1019 4436 1135 4510 24).

1933 3241 2117 3289 notum
2144 3233 2356 3300 faciam,
2392 3236 2536 3292 unde
2571 3238 2713 3292 beati
2742 3238 2885 3292 Petri
2931 3237 3160 3306 apostoli
3203 3237 3254 3291 iu
3282 3234 3531 3292 kalendis

1934 3328 2184 3399 Augusﬁ,
2210 3344 2328 3398 qua:
2349 3330 2657 3385 celebratur
2679 3330 2964 3397 festivitas,
2993 3330 3206 3385 initium
3235 3329 3483 3385 habuerit
3511 3346 3528 3390 :

1933 3430 1987 3475 et
2015 3436 2185 3490 quare
2214 3436 2313 3476 nec
2339 3432 2483 3491 post,
2516 3437 2616 3476 nec
2646 3430 2828 3488 antea,
2853 3422 2948 3475 sed
2977 3422 3146 3490 prima
3178 3420 3267 3476 die
3305 3421 3529 3476 mensis.

1933 3512 2182 3582 lngeritis
2210 3524 2390 3567 autem
2423 3512 2684 3581 quosdam
2716 3527 2839 3567 esse
2868 3510 2959 3582 qui
2990 3513 3092 3567 hoc
3118 3511 3205 3567 die
3228 3510 3529 3583 apostolum

1935 3604 2154 3660 Petrum
2185 3604 2438 3660 eductum
2469 3619 2589 3660 esse
2618 3605 2687 3660 ab
2725 3606 2919 3675 angelo
2944 3604 3011 3661 de
3038 3619 3259 3661 carcere
3286 3605 3529 3661 credant.

1937 3697 2018 3752 Ad
2050 3698 2300 3751 ultimum
2334 3698 2516 3768 petitis
2544 3699 2694 3753 vobis
2726 3698 3011 3766 declarari,
3036 3700 3270 3770 qualiter
3292 3700 3537 3770 psalmus

1937 3793 2268 3847 centesimus
2317 3794 2625 3863 trigesimus
2665 3804 2852 3850 sextus
2893 3796 3263 3865 apostolorum
3305 3795 3537 3866 principi

1938 3882 2099 3940 beato
2142 3884 2303 3940 Petro
2349 3886 2678 3955 conveniat,
2730 3886 2813 3941 vel
2859 3887 2904 3941 si
2952 3886 3020 3943 de
3072 3886 3189 3957 ipso
3239 3886 3538 3958 propheta-

1943 3986 2028 4032 tus
2056 3977 2150 4032 sit.

2013 4068 2080 4123 ll.
2108 4067 2187 4124 Ad
2205 4084 2327 4139 qua:
2345 4069 2453 4124 duo
2469 4069 2668 4139 priora,
2686 4068 2923 4125 breviter
2936 4085 3022 4126 me
3035 4070 3367 4141 respondere
3378 4083 3539 4139 opor-

1944 4168 2042 4227 tet,
2074 4170 2133 4217 ut
2178 4162 2231 4217 in
2262 4171 2540 4233 postremo
2588 4162 2719 4218 mihi
2768 4163 2923 4219 liceat
2973 4163 3271 4219 immorari.
3316 4160 3541 4217 Beatum

1943 4252 2167 4307 Petrum
2198 4255 2506 4324 apostolum
2538 4254 2643 4309 hoc
2674 4255 2762 4310 die
2785 4255 2854 4311 de
2881 4270 3106 4311 carcere
3134 4254 3389 4309 eductum
3420 4268 3545 4310 esse

1946 4346 2035 4416 qui
2069 4346 2260 4413 credit,
2309 4348 2477 4419 ipsius
2508 4348 2851 4418 repetitionis
2896 4347 3232 4418 Evangelica:
3262 4346 3400 4416 legat
3429 4353 3546 4399 tex-

1949 4447 2083 4505 tum,
2116 4450 2171 4495 et
2214 4441 2451 4497 inveniet
2489 4455 2732 4496 errorem
2776 4454 2836 4495 se
2875 4454 3092 4510 passum
3124 4453 3248 4494 esse
3281 4455 3293 4490 :
3326 4436 3379 4491 in
3425 4445 3546 4491 tan-

316 4534 406 4591 ιγ.
440 4532 674 4605 lgnitam
705 4533 853 4589 illam
882 4533 1219 4604 romphmam
1266 4540 1322 4587 et
1348 4531 1581 4602 paradisi
1616 4530 1840 4601 januam
1872 4534 1924 4596 D
1948 4542 2058 4590 tum
2101 4537 2249 4591 enim
2290 4546 2477 4606 aperte
2507 4536 2765 4603 refertur,
2796 4544 2858 4590 ut
2884 4535 3096 4590 cunctis
3124 4528 3430 4603 legentibus
3472 4530 3549 4584 fa-

236 4643 407 4697 quam
439 4626 629 4683 nullus
678 4626 852 4696 potuit
903 4623 1215 4695 effringere,
1242 4623 1405 4679 hodie
1430 4622 1679 4679 Christus
1718 4636 1845 4678 cum

241 4722 463 4775 latrone
505 4718 770 4774 reseravit
802 4734 818 4775 :
854 4717 977 4774 ideo
1009 4715 1172 4772 hodie
1190 4714 1439 4771 Christus
1466 4716 1603 4770 dixit
1634 4714 1701 4770 ad
1748 4729 1846 4768 an-

240 4814 402 4883 gelos
448 4831 463 4868 :
512 4811 733 4882 Aperite
776 4810 905 4865 mihi
958 4818 1134 4881 portas
1176 4810 1402 4882 justitice
1427 4851 1441 4874 ,
1482 4811 1744 4882 ingressus
1789 4809 1845 4863 in

244 4923 338 4962 eas
368 4904 660 4975 conﬁtebor
690 4903 917 4958 Domino
954 4920 973 4958 :
1000 4919 1121 4974 quae
1148 4917 1272 4958 cum
1318 4902 1485 4958 semel
1514 4913 1702 4973 aperta
1733 4910 1840 4970 est,

246 5013 550 5070 numquam
579 4996 937 5053 credentibus
958 4996 1253 5053 clauditur.
1282 4996 1361 5050 Ex
1383 5010 1451 5051 eo
1472 5004 1715 5066 tempore
1735 5012 1845 5067 quo

247 5104 446 5159 passus
490 5098 583 5145 est
641 5087 901 5144 Dominus
946 5102 1119 5159 usque
1175 5087 1243 5142 ad
1292 5095 1610 5157 praesentem
1665 5087 1848 5155 diem,

250 5194 469 5253 semper
497 5182 623 5237 haec
653 5189 808 5249 porta
837 5180 1020 5235 clausa
1052 5189 1109 5235 et
1132 5185 1371 5234 reserata
1402 5188 1506 5234 est.
1548 5178 1745 5233 Clausa
1772 5186 1857 5234 est

252 5274 639 5341 peccatoribus
689 5278 745 5327 et
786 5270 1105 5327 incredulis.
1158 5270 1422 5325 Beserata
1472 5278 1557 5325 est
1593 5270 1756 5340 justis
1802 5280 1859 5326 et

248 5366 633 5424 credentibus.
660 5363 766 5420 Per
795 5364 939 5420 hanc
968 5365 1245 5435 ingressus
1267 5374 1350 5419 est
1373 5363 1570 5420 Petrus
1601 5381 1616 5419 :
1648 5364 1859 5436 ingres-

250 5475 347 5516 sus
374 5470 458 5517 est
480 5460 717 5517 Paulus.
776 5457 880 5514 Per
926 5458 1066 5514 hanc
1086 5472 1279 5515 omnes
1309 5460 1482 5513 sancti
1512 5466 1566 5513 et
1592 5467 1861 5529 martyres

255 5552 621 5611 intraverunt.
665 5550 773 5607 Per
802 5549 946 5605 hanc
989 5550 1235 5621 quotidie
1264 5550 1333 5607 de
1367 5558 1481 5606 toto
1513 5550 1711 5606 mundo
1737 5549 1858 5618 jus-

256 5652 428 5703 torum
456 5647 669 5703 anima:
726 5642 1127 5712 ingrediuntur.
1156 5642 1286 5698 Date
1325 5651 1501 5714 porta:
1530 5650 1679 5706 sunt,
1706 5650 1861 5711 porta

254 5741 483 5813 paradisi
512 5751 571 5801 et
606 5746 771 5813 porta
802 5735 1083 5797 Ecclesiae.
1114 5736 1217 5795 Per
1247 5745 1459 5808 portam
1479 5734 1739 5796 Ecclesia:
1772 5732 1855 5792 iu-

1952 4631 2053 4686 cilc
2074 4632 2142 4685 sit
2167 4630 2232 4685 ad
2258 4631 2689 4702 intelligendum.
2722 4631 2855 4683 Nam
2890 4626 3131 4683 Herodes
3154 4640 3277 4690 rex,
3318 4622 3550 4680 Herodis

1956 4723 2178 4794 majoris
2211 4722 2382 4790 (ilius,
2413 4724 2505 4793 qui
2562 4724 2612 4778 in
2658 4720 2954 4777 Salvatoris
2986 4731 3176 4772 necem
3206 4716 3553 4772 consentiens

1953 4813 2077 4881 fuit,
2113 4815 2324 4870 Domini
2364 4816 2533 4869 nostri
2574 4814 2703 4868 Jesu
2733 4811 2930 4866 Christi
2960 4808 3287 4875 doctrinam,
3310 4822 3431 4880 qua:
3457 4823 3555 4879 per

1955 4906 2231 4977 apostolos
2280 4904 2679 4974 prmdicabatur
2727 4902 3050 4958 subvertere
3099 4898 3363 4971 studens,
3415 4903 3555 4957 misit

1955 5012 2139 5050 manus
2170 5003 2225 5047 ut
2256 4995 2500 5063 aﬂiigeret
2528 4994 2781 5063 quasdam
2810 4992 2876 5045 de
2910 4990 3146 5045 Ecclesia
3176 4990 3312 5065 (Act.
3342 5008 3444 5062 xu,
3473 4993 3553 5065 1).

1955 5088 2035 5145 lbi
2061 5087 2222 5143 datur
2266 5088 2493 5156 intelligi
2544 5086 2728 5156 plures
2759 5086 2929 5156 ipsius
2970 5085 3301 5157 signiﬁcatus
3330 5097 3561 5145 conatus

1961 5197 2108 5249 esse,
2141 5180 2233 5250 qui
2257 5178 2436 5234 adhuc
2461 5180 2733 5247 superbia:
2760 5194 2875 5235 suae
2906 5196 3086 5237 ramos
3116 5183 3438 5247 extendens,
3467 5196 3560 5234 oc-

1964 5274 2089 5329 cidit
2109 5270 2365 5326 Jacobum
2392 5270 2606 5340 fratrem
2632 5270 2854 5326 Joannis
2882 5273 3089 5343 gladio,
3130 5284 3185 5329 et
3214 5275 3317 5329 hoc
3352 5280 3558 5327 tantum

1963 5368 2177 5424 facinus
2220 5365 2412 5421 diebus
2440 5378 2753 5434 azymorum
2787 5364 2965 5422 facere
3012 5366 3237 5420 studuit.
3283 5363 3437 5431 Erat,
3481 5364 3566 5419 in-

1966 5459 2107 5532 quit,
2136 5458 2247 5513 dies
2292 5471 2611 5527 azymorum.
2659 5455 2726 5511 Et
2756 5456 2846 5526 qui
2892 5457 3179 5511 Dominum
3226 5456 3562 5512 Salvatorem

1969 5566 2114 5608 anno
2136 5550 2416 5620 prmterito
2439 5548 2632 5604 diebus
2656 5564 2969 5620 azymorum
2991 5547 3320 5616 occiderant,
3346 5547 3565 5607 Petrum

1970 5640 2277 5714 apostolum
2325 5639 2458 5711 ipsis
2502 5640 2556 5693 in
2597 5640 2789 5697 diebus
2837 5640 3185 5711 exstinguere
3230 5640 3566 5713 satagebant.

1976 5733 2140 5804 Quem
2171 5747 2289 5788 cum
2315 5731 2763 5807 apprehendisset,
2796 5732 2936 5795 misit
2963 5733 3336 5813 incarcerem:
3358 5734 3573 5795 tradens
