4012 6190
516 201 623 260 2'27

1556 199 1613 257 S.
1659 196 2042 256 HIEBONYJII
2086 194 2374 257 OPERUM
2412 195 2819 257 MANTISSAJ

519 332 744 395 quatuor
765 318 1183 395 quateruionibus
1213 317 1436 373 militum
1459 316 1875 373 custodiendum
1902 331 1917 371 :
1942 314 2112 369 volens
2138 313 2191 375 Α
2217 327 2336 374 cus.
2368 313 2666 370 fabricatur
2694 313 2962 385 Ecclesia,
2993 321 3050 373 et
3074 314 3195 374 btec
3238 325 3592 376 consecratur
3616 320 3690 379 ab
3730 338 3823 381 eo-

521 424 637 487 post
660 415 853 488 pascha
908 413 1193 486 producere
1217 427 1335 465 eum
1361 408 1575 483 populo.
1608 408 1714 465 Sed
1745 423 1852 463 non
1885 418 1963 461 est
1990 421 2115 461 con-

521 508 727 574 silium,
757 522 863 562 nou
891 516 976 561 est
1003 505 1230 559 scientia
1263 544 1279 568 ,
1311 519 1418 557 non
1447 512 1528 556 est
1555 502 1839 566 sapientia,
1868 515 1967 553 nec
2001 497 2115 552 for-

520 600 691 654 titudo
714 599 887 667 aliqua
916 606 1105 650 contra
1135 594 1304 651 Deum
1349 595 1531 665 (Prov.
1564 608 1689 658 χχι,
1721 592 1832 661 30).
1868 589 1935 645 In
1977 592 2112 661 ipsa,

519 693 714 762 inquit,
746 698 891 743 nocte
918 705 1031 742 cum
1057 689 1404 758 producturus
1432 695 1557 741 esset
1581 701 1696 738 eum
1719 684 1978 747 Herodes,
2002 694 2115 737 erat

513 784 705 839 Petrus
733 783 992 837 dormiens
1019 783 1150 835 inter
1173 782 1304 835 duos
1334 779 1524 834 milites
1542 780 1736 832 uinctus
1764 780 1957 831 catenis
1980 778 2111 831 (luas

514 877 604 931 bus
633 892 653 930 :
682 888 726 930 et
757 876 995 930 custodes
1021 885 1143 928 ante
1171 876 1393 946 junuam
1420 872 1777 927 custodiebant
1806 888 2063 925 carcerein
2094 886 2115 926 :

510 981 555 1024 et
583 986 696 1024 ecce
722 968 951 1041 Angelus
984 968 1192 1022 Domini
1220 968 1406 1031 astitit,
1437 979 1483 1021 et
1514 962 1687 1019 lumen
1710 964 1913 1033 refulsit
1945 964 1996 1017 in
2018 962 2113 1016 ha-

509 1062 733 1116 bitaculo
768 1063 1010 1114 carceris.
1060 1058 1419 1128 Perrussoque
1459 1058 1620 1111 latere
1662 1057 1827 1122 Petri,
1872 1056 2109 1109 excitavit

508 1172 619 1210 eum
650 1155 823 1208 dicens
848 1172 866 1208 :
907 1153 1078 1224 Surge
1107 1154 1367 1207 velociter.
1409 1150 1477 1205 Et
1504 1151 1797 1205 ceciderunt
1826 1160 2019 1204 calente
2048 1150 2112 1204 de

507 1247 738 1302 manibus
785 1250 919 1319 ejus,
967 1258 1014 1299 et
1062 1247 1236 1300 exiens
1285 1245 1592 1315 sequebatur
1644 1243 1916 1313 Angelum.
1973 1243 2111 1298 Ecce

509 1341 787 1412 quomodo
854 1342 1048 1395 Petrus
1101 1340 1301 1394 diebus
1349 1354 1662 1409 azymorum
1723 1340 2107 1399 inetirceratus,

508 1447 633 1506 post
663 1434 869 1504 pascha
901 1442 1123 1502 ereptus
1154 1434 1248 1495 sit.
1278 1441 1332 1487 et
1357 1450 1462 1486 non
1496 1431 1548 1486 in
1580 1430 1823 1485 kalendis
1854 1432 2104 1500 Augusti.

580 1526 669 1581 III.
697 1526 803 1583 Sed
838 1528 954 1580 haec
984 1526 1251 1581 festivitas
1280 1525 1415 1579 tanti
1444 1524 1674 1595 apostoli
1702 1524 1934 1593 qualiter
1954 1523 2110 1577 adin-

510 1631 670 1675 venta
715 1621 807 1682 sit,
859 1618 1111 1687 pandam.
1165 1617 1491 1672 Octavianus
1540 1616 1723 1671 Caesar
1771 1616 1981 1685 imperii
2023 1615 2104 1669 sui

2227 407 2345 462 Jem
2371 421 2529 476 papa.

2300 496 2361 552 V.
2407 498 2573 553 Atinii
2603 499 2676 555 ibi
2710 500 2981 572 Augustus
3014 519 3029 563 ς
3056 514 3115 559 et
3140 505 3313 560 sacris
3342 505 3565 575 scriptis
3603 524 3701 577 per
3726 524 3821 565 ve-

2222 591 2465 647 redarios
2498 593 2599 647 toti
2628 594 2745 648 orbi
2787 596 3045 652 mandare
3081 597 3309 667 studuit,
3362 600 3413 653 in
3460 598 3576 655 base
3608 602 3771 657 verba
3803 618 3818 658 :

2225 703 2244 736 ε
2287 683 2483 738 Notum
2506 700 2628 740 esse
2654 686 2909 743 Volumus
2935 690 3187 744 omnibus
3215 688 3490 746 Christum
3523 693 3608 762 pie
3633 695 3819 751 colen-

2221 779 2384 848 tibus,
2420 780 2638 834 beatum
2671 780 2888 836 Petrum
2916 784 3219 854 apostolum
3246 802 3275 838 a
3300 785 3416 842 Deo
3445 788 3602 843 nobis
3630 789 3817 847 datum

2219 885 2492 943 pasmrcm
2525 885 2578 929 et
2624 876 2921 945 principem
2973 892 3187 934 summo
3230 880 3414 934 studio
3453 884 3705 938 venerari
3733 885 3814 939 vel

2215 965 2458 1031 assidue,
2487 973 2543 1021 et
2568 968 2802 1022 maxime
2832 967 2887 1023 in
2919 968 3019 1024 bac
3037 968 3128 1025 die
3155 968 3512 1028 kalendarum
3541 976 3817 1046 Augusta-

2214 1075 2358 1125 rum,
2394 1059 2449 1113 in
2478 1074 2585 1127 quo
2626 1069 2685 1114 ut
2713 1061 2847 1116 deus
2875 1079 2905 1116 a
2934 1063 3089 1118 vobis
3114 1064 3261 1120 soliti
3292 1081 3513 1123 eramus
3553 1068 3765 1125 adorari
3798 1085 3814 1126 :

2212 1160 2268 1207 ut
2296 1153 2409 1221 ipse
2435 1153 2553 1220 pius
2581 1160 2783 1222 pastor,
2814 1155 3073 1224 precibus
3105 1155 3219 1212 Deo
3249 1159 3403 1227 fusis,
3430 1176 3529 1215 nos
3558 1170 3614 1217 et
3646 1163 3817 1233 impe-

2215 1246 2355 1300 rium
2385 1258 2630 1301 nostrum
2657 1246 2917 1316 adjuvare
2938 1247 3198 1318 dignetur
3229 1267 3242 1304 :
3276 1249 3482 1308 Valete.
3523 1272 3546 1306 ι
3579 1253 3816 1311 Sanctus

2213 1346 2394 1392 autem
2425 1338 2700 1408 Sylvester
2729 1340 2873 1393 hunc
2907 1340 3053 1395 diem
3093 1341 3367 1397 celebrem
3413 1345 3667 1400 omnibus
3707 1345 3817 1402 Ec-

2215 1432 2401 1488 clesiis
2429 1447 2551 1487 esse
2580 1432 2833 1499 instituit,
2867 1444 2922 1488 ut
2952 1434 3095 1489 sicut
3131 1436 3508 1493 celebrabatur
3534 1438 3602 1493 ad
3639 1437 3818 1495 hono-

2212 1538 2327 1577 rem
2362 1522 2566 1579 terreni
2595 1524 2877 1595 principis,
2906 1526 2970 1580 ad
3002 1526 3168 1583 decus
3210 1528 3524 1585 celebretur
3547 1531 3814 1603 clavigeri

2213 1615 2474 1671 caelestis.
2505 1615 2731 1688 Accepit
2756 1629 2938 1674 autem
2969 1619 3088 1676 haec
3113 1621 3408 1679 celebritas
3438 1640 3636 1680 nomen
3666 1625 3815 1682 beati

512 1712 768 1766 armulum
800 1711 870 1766 Μ.
906 1711 1200 1766 Antonium
1234 1710 1463 1775 habuit,
1495 1724 1654 1778 quem
1703 1708 1938 1762 assiduis
1977 1722 2106 1762 con-
2140 1705 2188 1766 Β
2218 1707 2361 1763 Petri
2406 1712 2636 1780 apostoli
2683 1711 2751 1765 ad
2782 1712 3018 1780 vincula,
3070 1723 3295 1784 propter
3322 1717 3665 1775 vinculorum
3692 1736 3813 1791 qua:

506 1807 876 1875 gressionibus
905 1821 965 1859 ac
995 1804 1195 1874 prreliis
1222 1805 1313 1858 vix
1341 1804 1689 1873 exstinguere
1712 1805 1880 1857 valuit
1904 1818 1919 1857 :
1943 1818 2103 1873 quem

506 1900 797 1969 Cleopatra
826 1900 1028 1968 conjux
1068 1907 1340 1951 mortuum
1373 1898 1586 1964 dolens,
1619 1912 1786 1967 seque
1824 1896 1993 1966 ipsum
2028 1898 2106 1952 vi-

395 2052 406 2064 .
508 2007 627 2046 vam
655 1991 949 2061 sepelieris,
982 1990 1245 2045 uberibus
1274 1991 1387 2043 suis
1414 1989 1634 2060 aspides
1664 2006 1964 2061 apponens,
1993 2006 2106 2044 ma-

504 2087 604 2141 luit
629 2087 744 2139 viro
780 2101 881 2139 suo
923 2084 1210 2148 commori,
1245 2098 1406 2152 quam
1439 2097 1633 2137 manus
1664 2083 1944 2138 incurrere
1989 2082 2101 2137 Rn-

504 2194 811 2235 manorum.
837 2176 1021 2233 Caesar
1043 2194 1174 2233 vero
1203 2178 1271 2232 de
1304 2188 1533 2249 tyranno
1554 2177 1826 2232 celebrata
1850 2177 2101 2246 victoria,

509 2273 735 2326 Ruinam
769 2271 1052 2342 repedavit
1094 2269 1302 2326 ducens
1343 2285 1530 2325 secum
1566 2272 1833 2326 iniinitum
1864 2274 2105 2341 captivo-

504 2380 623 2421 rum
650 2380 967 2431 numerum,
1018 2375 1070 2420 et
1118 2365 1467 2434 antiquorum
1518 2365 1934 2419 Ptolemteorum
1988 2382 2105 2419 om-

502 2458 655 2511 nium
682 2472 877 2528 gazas:
912 2466 971 2510 ut
1002 2471 1102 2510 nec
1131 2468 1280 2521 ante,
1308 2471 1409 2511 nec
1439 2464 1582 2524 post,
1604 2466 1751 2510 tanta
1778 2458 1930 2525 copia
1963 2458 2102 2524 auri,

503 2551 739 2619 argenti,
772 2564 1224 2619 gemmarumque
1272 2546 1503 2601 Romam
1534 2548 1769 2602 adducta
1799 2548 1967 2604 fuisse
2008 2564 2106 2602 no-

500 2654 703 2697 scatur.
733 2642 864 2696 Cum
896 2652 1079 2695 autem
1107 2639 1208 2693 hoc
1228 2638 1317 2694 die
1349 2639 1573 2695 Romam
1608 2641 2012 2712 ingrederetur,
2035 2643 2104 2697 ob

502 2732 838 2802 triumphum
873 2741 1033 2785 tanta:
1081 2730 1344 2797 victoris»,
1390 2747 1455 2787 ac
1501 2747 1689 2801 pacem
1739 2733 2103 2788 ﬁrmissimam

505 2828 604 2882 toti
632 2828 751 2881 orbi
782 2825 1058 2889 collatam,
1089 2837 1312 2880 vocatus
1343 2838 1429 2881 est
1457 2826 1750 2896 Augustus,
1799 2830 1888 2898 qui
1932 2829 2105 2898 primo

500 2922 680 2977 solum
709 2918 898 2975 Cresar
918 2920 1223 2976 dicebatur.
1249 2916 1559 2975 Coronatur
1584 2921 1798 2986 civitas,
1828 2921 1889 2976 ﬁt
1918 2924 2102 2977 laetitia

500 3013 693 3085 ingens
741 3015 797 3069 in
854 3012 1053 3083 popqu
1079 3052 1094 3078 ,
1144 3012 1404 3069 statuitur
1433 3029 1464 3069 a
1492 3024 1683 3069 senatu
1712 3054 1726 3080 ,
1757 3024 1813 3069 et
1849 3017 2103 3072 omnibus

2213 1801 2284 1855 ibi
2315 1816 2506 1870 passus
2534 1814 2615 1858 est
2639 1813 2908 1860 tormenta
2935 1823 2949 1860 :
2980 1817 3035 1862 ut
3065 1808 3155 1863 ubi
3183 1809 3482 1865 abundavit
3503 1824 3809 1885 peccatum,

2210 1897 2682 1965 superabundaret
2708 1910 2763 1955 et
2792 1902 2960 1969 gratia
2987 1902 3166 1973 (Rom.
3198 1920 3252 1969 ν,
3278 1903 3399 1975 20).
3448 1905 3579 1963 Hace
3617 1906 3816 1963 domus

2208 1991 2552 2047 vinculorum
2580 2034 2595 2058 ,
2630 1994 2732 2050 hoc
2759 1995 2951 2051 ordine
2988 1996 3131 2052 facta
3162 2008 3245 2054 est
3271 1998 3467 2055 domus
3495 2012 3811 2059 sanctarum

2208 2088 2546 2142 orationum.

2287 2179 2369 2233 VI.
2398 2180 2524 2236 Ilaec
2545 2179 2787 2236 breviter
2813 2181 2879 2236 ad
2910 2182 3016 2238 duo
3045 2182 3304 2255 inquisita
3337 2188 3593 2256 respondi
3617 2227 3632 2253 ,
3665 2204 3814 2245 nunc

2207 2270 2274 2325 ad
2310 2272 2576 2340 psalmum
2611 2274 2828 2328 veniam
2878 2293 2891 2328 :
2939 2283 2996 2329 et
3028 2276 3074 2329 si
3107 2275 3264 2331 beato
3292 2277 3455 2333 Petro
3493 2282 3809 2349 conveniat,

2209 2362 2351 2417 utin
2378 2362 2531 2417 nullo
2579 2376 2821 2419 vestrum
2871 2365 3072 2419 bonum
3117 2365 3453 2424 desiderium
3498 2370 3811 2440 fraudetur,

2208 2455 2515 2510 ostendam.
2572 2455 2725 2513 Dicat
2771 2472 2904 2526 ergo
2956 2458 3139 2513 verbis
3188 2462 3523 2530 prOphetieis
3574 2463 3814 2519 Donuno

2206 2547 2398 2603 beatus
2414 2549 2632 2604 Petrus:
2655 2548 2893 2618 Domine,
2906 2552 3139 2622 probasti
3156 2568 3234 2607 me
3253 2552 3425 2624 (Psal.
3442 2568 3701 2620 cxxsvnt,
3721 2556 3806 2626 ι),

2206 2644 2463 2713 quoniam
2513 2643 2759 2699 vocasti:
2806 2646 3111 2717 cognouisti,
3144 2646 3405 2719 quoniam
3453 2649 3810 2719 prassumpsi,

2206 2746 2259 2791 et
2286 2750 2453 2791 ausus
2480 2734 2555 2791 fui
2584 2736 2769 2793 dicere
2800 2753 2814 2790 :
2845 2735 3072 2792 Etiamsi
3102 2740 3389 2808 oportuerit
3442 2756 3522 2795 tne
3561 2741 3697 2795 mori
3735 2749 3818 2795 te-

2207 2845 2343 2896 cum,
2374 2846 2479 2883 non
2512 2840 2560 2883 te
2584 2829 2799 2900 negabo.
2824 2828 2906 2884 Tu
2935 2839 3109 2884 autem
3149 2832 3431 2903 cognovisti
3465 2848 3638 2886 omnes
3664 2834 3819 2905 cogi-

2207 2922 2429 2977 tationes
2447 2938 2635 2977 mensa
2652 2922 2821 2993 longe,
2849 2931 3137 2994 antequam
3164 2940 3257 2979 eas
3284 2925 3577 2995 cogitaret:
3606 2941 3622 2978 :
3649 2927 3816 2981 senii-

2208 3023 2314 3069 tam
2378 3031 2547 3069 meam
2599 3025 2651 3070 et
2700 3015 3039 3070 directionem
3096 3034 3263 3073 meam
3314 3018 3634 3088 investigasti
3689 3035 3709 3074 :
3758 3027 3821 3074 et

504 3107 767 3164 Romanis
795 3107 1014 3177 scriptis
1039 3107 1310 3174 ﬁrmatur,
1346 3106 1734 3178 nuntiaturque
1763 3124 1856 3178 per
1887 3111 2104 3165 univer-
2127 3089 2176 3155 ο
2207 3126 2382 3164 omnes
2425 3110 2533 3164 vias
2578 3125 2720 3165 meas
2763 3111 3044 3182 prmidisti
3096 3118 3147 3166 et
3198 3111 3464 3183 probasti,
3520 3114 3644 3183 quia
3700 3130 3814 3168 non

502 3218 626 3259 sum
685 3202 900 3267 orbem,
962 3201 1214 3256 omnibus
1266 3200 1520 3271 gentibus
1576 3202 1932 3257 Octavianum
1986 3203 2097 3258 Au-

500 3307 716 3366 gustum
760 3296 903 3350 inter
934 3294 1070 3351 deos
1115 3293 1319 3349 debere
1366 3293 1519 3349 coli:
1553 3302 1701 3349 etut
1747 3295 1953 3351 mensis
2000 3298 2102 3353 iste

496 3390 587 3461 qui
618 3389 919 3459 antiquitus
949 3389 1002 3443 in
1030 3387 1224 3443 ordine
1252 3388 1521 3443 mensium
1551 3388 1774 3444 Sextilis
1797 3388 2096 3454 dicebatur,

503 3487 556 3542 in
590 3487 857 3541 honorem
891 3486 1120 3555 Augusti
1148 3484 1429 3555 Augustus
1457 3491 1685 3539 vocetur
1714 3501 1728 3539 :
1760 3494 1817 3540 et
1859 3484 1965 3540 hoc
2004 3485 2100 3540 tri-

502 3578 726 3649 pudium
755 3577 1119 3632 soletnnitatis
1152 3576 1225 3631 ob
1257 3578 1595 3646 triumphum
1637 3576 1950 3648 Augustalis
1988 3578 2103 3634 vic-

501 3673 679 3733 toriae,
711 3670 827 3738 lege
855 3679 1115 3738 perpetua
1146 3670 1393 3724 volumus
1420 3670 1706 3726 custodiri.

571 3761 661 3816 IV.
702 3761 793 3815 Sic
821 3774 1108 3830 quousque
1128 3761 1193 3815 ad
1219 3761 1402 3831 magni
1427 3760 1771 3817 Constantini
1805 3762 2095 3833 imperium

499 3862 719 3910 ventum
749 3862 835 3907 est
868 3868 883 3907 :
914 3852 1007 3923 qui
1042 3861 1323 3922 postquam
1352 3853 1668 3923 dignatione
1694 3869 1930 3924 superna
1950 3897 1966 3923 ,
2000 3873 2097 3926 per

502 3959 724 4004 sanctos
752 3947 1036 4017 apostolos
1091 3946 1306 4001 Petrum
1354 3954 1410 4001 et
1450 3947 1676 4002 Paulum
1727 3948 2002 4015 visitatus,
2040 3959 2097 4005 et

502 4058 601 4114 per
628 4041 971 4113 Sylvestrum
1001 4055 1193 4111 papam
1223 4039 1525 4110 baptizatus
1554 4050 1818 4109 est,etex
1842 4057 2096 4113 persecu-

498 4144 616 4192 tore
646 4133 771 4189 lidei
802 4130 1085 4199 defensor,
1117 4139 1174 4188 et
1211 4133 1593 4188 mandatorum
1619 4132 1821 4188 Christi
1848 4134 2093 4190 custodi-

498 4241 583 4287 tor
615 4230 869 4285 assiduus
917 4227 1095 4283 factus
1119 4266 1135 4293 ,
1188 4227 1382 4282 barum
1412 4226 1819 4283 solemnitatum
1864 4227 2088 4298 phantac

494 4333 672 4381 smata
703 4322 1158 4394 perhorrescens,
1188 4335 1340 4392 papae
1379 4320 1516 4375 dicit
1542 4320 1820 4391 Sylvestro
1850 4336 1867 4375 :
1902 4320 2093 4376 llacte-

493 4433 621 4485 nus,
656 4417 839 4485 Pater,
871 4414 1125 4470 humanis
1150 4422 1305 4469 utens
1338 4414 1567 4484 legibus,
1609 4414 1748 4469 sicut
1773 4415 1891 4484 ipse
1921 4414 2091 4481 nesti,

2208 3210 2318 3256 erat
2371 3203 2525 3256 dolus
2596 3204 2649 3256 in
2712 3202 2896 3275 lingua
2956 3221 3111 3271 mea,
3184 3220 3309 3260 cum
3364 3206 3605 3262 dicerem
3663 3224 3680 3261 :
3738 3207 3814 3263 Si

2204 3311 2285 3349 me
2309 3296 2594 3366 oportuerit
2623 3298 2755 3350 mori
2782 3305 2971 3363 tecum,
2988 3314 3092 3352 non
3122 3307 3169 3353 te
3188 3298 3388 3370 negabo
3416 3297 3633 3371 (Matth.
3654 3315 3810 3367 nu,

2203 3387 2319 3458 55).
2358 3386 2435 3441 Tu
2478 3395 2651 3441 autem
2696 3388 2920 3457 ﬁrmasti
2957 3406 3055 3456 me,
3085 3400 3131 3444 et
3160 3391 3381 3462 posuisti
3419 3407 3629 3447 manum
3660 3400 3816 3446 luant

2202 3496 2353 3550 super
2382 3494 2500 3533 me:
2531 3478 2749 3548 ﬁrmasti
2767 3495 2850 3535 me
2876 3480 2947 3536 de
2970 3489 3059 3536 tua
3088 3482 3411 3551 praesentia,
3452 3483 3595 3552 quod
3624 3496 3814 3540 essem

2205 3582 2501 3642 negaturus
2533 3587 2547 3625 :
2578 3580 2629 3625 et
2670 3572 2890 3643 posuisti
2919 3589 3128 3629 inuitum
3168 3583 3313 3629 tuom
3354 3591 3512 3647 super
3555 3591 3639 3632 me
3681 3593 3702 3630 :
3748 3588 3819 3634 ut

2203 3672 2489 3735 peccatum
2540 3663 2799 3735 lacryma:
2840 3674 3219 3736 sequerentur.
3256 3665 3520 3723 Hirabilis
3549 3670 3693 3737 facta
3729 3677 3814 3724 est

2199 3759 2429 3829 potentia
2460 3767 2549 3811 tua
2571 3774 2635 3812 ea:
2664 3774 2742 3813 me
2766 3774 2784 3811 :
2802 3764 3100 3828 confortata
3123 3771 3219 3827 est,
3249 3777 3343 3817 nec
3363 3772 3544 3833 potero
3559 3764 3631 3817 ad
3659 3779 3805 3819 eam.

2199 3851 2437 3907 Conatus
2465 3866 2586 3907 sum
2636 3868 2743 3907 non
2776 3866 2978 3923 negare
3010 3871 3022 3905 :
3054 3854 3278 3923 promisi
3322 3856 3493 3910 etiam
3540 3869 3628 3912 me
3664 3857 3809 3912 mori

2200 3946 2373 4015 magis
2400 3944 2610 4016 eligere
2638 3960 2800 4016 quam
2838 3948 3087 4017 negantis
3114 3946 3321 4003 crimen
3350 3948 3674 4004 incurrere:
3702 3949 3807 4005 sed

2199 4038 2543 4109 prteseientia
2576 4046 2665 4093 tua
2700 4038 2778 4093 ita
2804 4038 3110 4117 confortata
3151 4048 3258 4103 est,
3288 4047 3349 4093 ut
3375 4055 3484 4095 non
3515 4048 3707 4108 potero
3731 4040 3802 4095 ad

2197 4148 2341 4190 eam.
2371 4133 2512 4201 Quid
2540 4150 2683 4189 nunc
2711 4134 2955 4189 faciam?
2983 4137 3174 4205 negavi
3216 4135 3506 4190 Dominum
3528 4147 3586 4191 et
3628 4138 3810 4208 magi-

2197 4234 2398 4295 strum,
2431 4241 2534 4281 nec
2564 4226 2649 4296 (ut
2673 4226 2893 4297 quidam
2922 4226 3243 4297 opinantur)
3278 4228 3552 4283 hominem
3582 4233 3801 4298 negavi.

2196 4318 2314 4388 Ego
2355 4318 2509 4375 illum
2557 4320 2774 4390 negavi,
2820 4320 2908 4375 cui
2948 4318 3058 4373 dixi
3106 4338 3117 4372 :
3169 4318 3248 4374 Tu
3281 4337 3333 4375 es
3364 4320 3602 4376 Christus
3626 4318 3803 4376 Filius

2197 4412 2297 4468 Dei
2334 4415 2454 4468 vivi.
2502 4413 2660 4469 Ilium
2705 4415 2939 4485 negavi,
2968 4429 3130 4484 quem
3172 4415 3401 4485 pedibus
3428 4415 3803 4472 ambulantem

492 4510 644 4567 omni
688 4509 894 4580 studio,
922 4517 984 4563 et
1022 4507 1125 4564 bos
1151 4506 1271 4563 dies
1301 4517 1357 4563 et
1387 4507 1526 4561 alios
1552 4508 1890 4562 excolebam.
1936 4506 2089 4563 Nunc
2116 4484 2174 4547 Ῑ)
2198 4522 2365 4578 super
2390 4523 2559 4577 aquas
2585 4484 2845 4577 expertus
2867 4522 3009 4563 sum.
3037 4484 3191 4563 Ilium
3213 4522 3375 4578 quem
3405 4524 3541 4565 voce
3566 4523 3667 4566 sua
3690 4509 3803 4565 vidi

489 4605 613 4673 quia
643 4604 849 4671 placuit
893 4602 1123 4659 Domino
1165 4602 1296 4658 Jesu
1325 4601 1577 4668 Christo,
1632 4616 1718 4657 me
1749 4612 2088 4671 peccatorem

485 4695 592 4751 sibi
621 4697 885 4752 famulum
916 4695 1096 4751 facere
1126 4712 1141 4753 :
1173 4696 1419 4766 iniquum
1463 4694 1598 4749 mihi
1638 4694 1859 4752 videtur
1896 4696 2087 4753 harum

485 4789 861 4846 colebritatum
890 4789 1279 4846 favorabilibus
1300 4788 1552 4844 laudibus
1573 4789 1781 4844 extolli.
1804 4789 1939 4846 Vide
1959 4806 2089 4861 ergo

485 4881 759 4949 quomodo
785 4882 853 4935 ad
886 4882 1151 4937 honorem
1195 4882 1392 4937 summi
1430 4882 1547 4949 Dei,
1579 4882 1736 4938 beato
1763 4883 1924 4939 Petro
1949 4899 2086 4956 apo-

486 4970 631 5027 stolo
670 4972 813 5027 hanc
859 4974 1000 5030 diem
1032 4975 1301 5031 dedicem.
1333 4975 1568 5031 Sanctus
1604 4986 1785 5031 autem
1816 4976 2093 5050 Syivester

486 5062 594 5120 hoc
621 5066 874 5132 audiens,
902 5068 1101 5137 gaudio
1129 5069 1400 5139 repletus,
1426 5070 1627 5139 gratias
1653 5072 1767 5127 Deo
1798 5073 2004 5141 retulit,
2036 5083 2093 5131 et

492 5172 617 5213 cum
644 5159 728 5213 sui
755 5157 889 5214 cieri
914 5162 1146 5216 concilio
1170 5165 1415 5233 Angusto
1440 5165 1720 5233 reSpoudit
1745 5182 1760 5219 :
1786 5166 1883 5221 Est
1906 5181 2094 5223 carcer

486 5250 540 5307 in
587 5267 698 5323 quo
743 5251 933 5308 beatus
962 5253 1155 5309 Petrus
1196 5256 1476 5325 apostolus
1514 5272 1613 5327 pro
1639 5258 1859 5313 Christo
1904 5259 2093 5330 agoni-

484 5358 637 5410 zaes,
660 5344 965 5402 vinculatus
992 5346 1115 5415 fuit,
1138 5356 1193 5403 et
1211 5348 1356 5404 sacri
1383 5349 1547 5404 fontis
1574 5352 1810 5419 lavacro,
1843 5352 2091 5422 pluribus

484 5434 557 5492 ibi
602 5436 898 5506 baptiaatis
954 5438 1274 5495 dedicavit:
1308 5441 1451 5496 hunc
1479 5444 1627 5498 omni
1676 5443 1839 5499 sorde
1869 5426 2091 5515 purgari

483 5525 652 5582 facias
682 5544 696 5579 :
726 5537 994 5598 quatenus
1025 5530 1263 5589 Ecclesia
1294 5530 1364 5587 ibi
1393 5531 1676 5600 fabricata,
1723 5535 1789 5591 ad
1821 5534 2087 5591 honorem

490 5626 623 5671 tanti
654 5621 911 5687 aposmii,
958 5620 1200 5677 fidelium
1248 5632 1374 5679 vota
1406 5631 1719 5695 perenniter
1764 5629 2085 5685 reddantur.

492 5708 609 5767 Iloc
637 5707 866 5764 audiens
894 5712 1203 5781 Augustus,
1231 5714 1389 5773 laetus
1413 5715 1689 5775 efﬁcitur:
1721 5730 1972 5792 purgatur
1998 5721 2087 5777 io-

2202 4611 2477 4658 mortuum
2507 4614 2795 4659 vocantem
2834 4603 2903 4659 de
2947 4601 3220 4671 sepulcro.
3266 4602 3419 4659 Illum
3450 4618 3613 4673 quem
3646 4604 3804 4660 culis

2198 4696 2543 4767 patentibus,
2585 4695 2700 4751 vidi
2751 4711 2874 4751 cum
2903 4694 3091 4767 Moyse
3124 4705 3182 4751 et
3219 4694 3366 4760 Elia,
3392 4704 3450 4751 et
3475 4709 3670 4752 vocem
3705 4711 3807 4752 au-

2198 4790 2313 4845 divi
2340 4805 2505 4859 super
2528 4804 2651 4844 eum
2673 4789 2742 4843 de
2762 4789 2903 4845 ccelo
2924 4806 2939 4845 :
2971 4788 3072 4843 Hic
3091 4799 3168 4844 est
3195 4787 3246 4841 Ε
3248 4789 3372 4845 ilius
3388 4804 3531 4844 meus
3552 4789 3794 4855 dilectus,

2197 4884 2366 4954 ipsum
2397 4882 2577 4936 audite
2598 4880 2814 4949 (Matth.
2844 4896 2977 4949 xvii,
3001 4882 3076 4949 5).
3109 4882 3265 4937 litum
3291 4882 3382 4952 qui
3411 4896 3615 4938 caecum
3648 4892 3797 4938 tactu

2198 4991 2300 5031 suo
2343 4974 2691 5043 illuminavit,
2721 4977 2812 5046 qui
2857 4976 3025 5031 verbo
3056 4976 3305 5044 leprosos
3352 4974 3655 5040 mandavit,
3699 4978 3796 5046 qui

2192 5069 2349 5141 jussu
2384 5070 2652 5125 daemonia
2682 5069 2912 5139 eapulit,
2941 5080 2996 5129 et
3022 5069 3225 5125 multas
3251 5068 3482 5124 virtutes
3513 5078 3628 5122 suae
3671 5066 3799 5124 dei-

2198 5163 2325 5217 tatis
2354 5162 2609 5217 ostendit.

2271 5255 2381 5312 VII.
2432 5257 2572 5326 Quid
2621 5270 2764 5313 nunc
2804 5254 3065 5322 iacimus,
3115 5255 3473 5312 Novatiane?’
3502 5252 3797 5310 Perdimus

2197 5352 2504 5420 apostolum
2548 5353 2766 5407 Petrum
2804 5367 2917 5408 :an
2964 5353 3260 5423 recipimus
3306 5359 3677 5408 revertentem
3729 5352 3796 5405 ad

2198 5444 2510 5501 Christum?
2546 5444 2689 5499 Ecce
2731 5446 2982 5501 Christus
3030 5461 3155 5502 eum
3201 5446 3417 5513 recipit,
3464 5453 3521 5500 te
3554 5444 3801 5513 ‘ejicies?

2198 5535 2305 5592 Sed
2358 5534 2555 5589 clamat
2608 5544 2799 5590 contra
2850 5548 2901 5592 te
2926 5536 3125 5592 Paulus
3161 5554 3174 5591 :
3206 5536 3269 5591 Si
3314 5533 3455 5590 Deus
3494 5537 3793 5606 justiﬁcut,

2197 5639 2252 5683 tu
2274 5643 2437 5698 quare
2466 5626 2815 5683 condemnas!
2844 5628 3026 5685 Dicis:
3056 5628 3297 5694 Credite,
3348 5628 3641 5699 baptizatis
3688 5645 3798 5685 non

2196 5723 2361 5781 debet
2386 5720 2777 5794 pmniteutibus
2806 5723 3107 5781 subveniri.
3139 5722 3284 5781 Ecce
3336 5722 3592 5793 apostolo
3620 5722 3803 5794 putui-
