4012 6190
182 225 277 283 229

785 220 1121 281 EPISTOLA
1158 220 1328 280 XXX.
1378 221 1473 279 AD
1510 215 1975 289 EUS'I‘OCIIIUM,
2017 213 2107 274 DE
2142 214 2460 277 VINCULIS
2496 218 2560 275 Β.
2598 216 2825 277 PETRI.

3350 222 3461 283 230

190 338 305 394 tenti
344 339 702 409 succurritur,
751 341 846 411 qui
884 350 970 396 est
1013 340 1394 412 episcoporum
1446 341 1755 409 episcopus,
1786 340 1833 399 Α
1862 337 2008 390 ades.
2040 335 2116 392 lbi
2140 338 2284 392 enim
2308 352 2405 407 per
2426 319 2732 408 passionem
2755 336 3064 407 specialiter
3090 337 3454 402 descendisti;

183 441 231 488 et
253 432 425 501 major
468 434 664 504 gradus
711 433 961 490 redditur
1006 433 1263 505 ploranti,
1307 449 1469 504 quam
1515 434 1762 490 sublatus

185 532 261 580 est
286 525 593 596 deneganti.
625 526 779 594 Quod
808 538 866 582 ut
896 526 1146 595 doceam,
1176 527 1305 583 illud
1338 525 1596 592 ostendo,
1618 525 1761 597 quod

176 618 344 677 nullus
389 621 774 691 Apostolorum
817 622 1050 691 pastoris
1102 637 1300 676 nomen
1334 620 1547 690 accepit
1592 638 1606 674 :
1658 618 1763 675 soli

176 711 300 769 enim
332 712 495 781 hujus
521 714 759 771 nominis
788 723 1114 785 potestatem
1159 724 1279 784 post
1307 713 1761 770 resurrectionem

174 820 312 861 suam
338 805 498 861 Petro
526 807 812 877 pmnitenti
838 808 1100 861 Dominus
1128 806 1421 874 concessit,
1446 813 1501 861 et
1518 816 1766 876 negatus,

180 912 331 968 quam
373 898 528 953 solus
577 899 809 966 habuit,
850 898 1014 955 Petro
1039 898 1225 953 tribuit
1275 908 1605 969 potestatem
1648 914 1662 950 :
1711 908 1769 952 ut

174 1004 275 1044 non
306 989 489 1043 solum
533 1004 893 1063 recuperasse
932 990 1078 1060 quod
1125 990 1381 1044 amiserat
1420 988 1765 1058 probaretur,

169 1095 362 1135 verum
391 1091 447 1135 et
479 1081 651 1135 multo
678 1081 911 1150 amplius
942 1080 1281 1149 pcenitcndo,
1326 1095 1486 1149 quam
1518 1078 1767 1148 negando

170 1173 503 1244 perdiderat,
536 1175 851 1243 acquisisse.
886 1174 1001 1227 Hoc
1029 1174 1285 1242 magister
1307 1171 1478 1224 bonus
1505 1172 1557 1223 in
1584 1172 1764 1224 electo

174 1264 436 1334 discipulo
466 1265 719 1319 formavit
758 1264 1108 1331 exemplum,
1142 1272 1200 1316 ut
1242 1261 1420 1314 omnis
1465 1260 1763 1330 discipulus

175 1357 367 1413 Christi
396 1356 468 1409 sit
494 1355 705 1425 integro
733 1354 941 1422 animo,
973 1365 1028 1410 et
1060 1352 1318 1424 pmniteat
1345 1352 1393 1407 si
1419 1354 1491 1406 ita
1515 1351 1758 1407 evenerit

173 1461 232 1505 ut
261 1448 561 1519 delinquat,
596 1464 698 1503 nec
719 1463 835 1503 rem
864 1449 1081 1502 noxiam
1104 1446 1206 1501 sibi
1234 1448 1548 1516 permittere
1571 1446 1758 1511 debet,

176 1552 229 1599 ut
257 1543 557 1598 decrescat.
601 1541 708 1597 Sed
754 1541 844 1612 qui
892 1551 1043 1597 tanto
1087 1540 1248 1597 citius
1302 1540 1560 1608 vincitur,
1613 1549 1764 1595 tanto

175 1637 326 1692 citius
357 1644 710 1704 expurgatur.

1863 427 1954 483 ubi
2009 442 2103 497 per
2136 429 2439 498 potentiam
2482 436 2652 495 tuam,
2686 430 2829 485 sicut
2856 429 3055 500 ubique
3098 433 3448 501 generaliter,

1864 530 2065 593 praesto
2094 536 2173 576 es.
2207 520 2271 577 Si
2300 538 2561 591 sumpsero
2585 539 2780 595 penam
2802 538 2943 577 meas
2970 523 3234 587 diluculo,
3259 524 3313 580 id
3344 536 3449 596 est,

1863 624 1990 668 ante
2025 613 2222 669 lucem.
2257 613 2469 668 Pennas
2500 614 2603 669 hoc
2637 615 2757 670 loco
2785 629 2885 685 pro
2913 614 3333 685 cogitationibus
3360 633 3455 688 po-

1869 706 1970 773 nit,
2004 706 2126 775 qure
2149 708 2437 777 repentino
2467 708 2650 762 volatu
2684 708 2885 777 ubique
2915 719 3042 763 sunt
3070 726 3082 762 :
3114 709 3167 763 in
3195 712 3337 765 ccelo
3357 751 3373 777 ,
3402 712 3457 766 in

1869 808 2035 865 terra,
2079 799 2136 854 in
2183 799 2385 871 abysso
2428 807 2482 853 et
2522 799 2846 868 ubicumque
2892 800 3147 855 liniuntur
3177 800 3367 858 maria.
3402 800 3460 859 Si

1870 909 2027 964 ergo,
2056 893 2254 964 inquit,
2278 893 2413 947 illuc
2433 903 2562 948 ante
2588 893 2762 948 lucem
2790 906 2895 947 tute
2928 895 3342 948 resurrectionis
3369 911 3463 948 va-

1869 985 1993 1040 dam
2022 986 2349 1054 ubicumque
2383 986 2836 1040 inaccessibilitas
2860 986 3002 1041 solet
3032 988 3311 1057 fugitivum
3339 988 3463 1043 abs-

1868 1079 2125 1140 condere,
2152 1088 2206 1131 ut
2237 1078 2362 1132 illuc
2392 1077 2471 1132 ire
2495 1079 2723 1147 possim,
2757 1096 2943 1134 manus
2968 1090 3058 1135 tua
3084 1080 3301 1135 deducet
3337 1098 3416 1135 me
3442 1098 3462 1139 ε

1865 1179 1913 1225 et
1938 1171 2087 1240 quasi
2116 1170 2394 1240 fugitivum
2421 1169 2607 1223 tenebit
2634 1187 2711 1223 me
2735 1172 2948 1226 dextera
2981 1181 3089 1225 tua.
3114 1174 3255 1228 Ante
3288 1175 3461 1230 lucem

1867 1266 1974 1329 hic,
2014 1274 2140 1319 ante
2168 1263 2630 1318 resurrectionem
2665 1265 2846 1334 posuit
2872 1266 3214 1322 Salvatoris:
3252 1268 3378 1337 quia
3411 1268 3464 1325 in

1866 1356 2110 1412 tenebris
2133 1356 2236 1411 luit
2264 1370 2428 1411 omne
2467 1355 2759 1421 saeculum,
2788 1356 3008 1425 jacente
3036 1360 3268 1414 Domino
3295 1362 3349 1416 in
3380 1376 3467 1417 sc—

1867 1450 2099 1519 pulcro:
2149 1449 2203 1502 in
2246 1462 2354 1519 quo
2397 1456 2643 1518 tempore
2693 1450 3010 1518 pmnitentia
3060 1451 3207 1507 Petri
3254 1454 3461 1523 ageba-

1868 1550 1975 1607 tur,
2019 1542 2071 1595 in
2102 1554 2212 1611 quo
2247 1540 2413 1596 etiam
2446 1539 2581 1596 dicit
2609 1559 2625 1596 :
2656 1537 2904 1596 Forsitan
2935 1542 3154 1597 tenebra:
3181 1544 3464 1598 conculca-

1867 1632 1991 1686 buut
2023 1649 2103 1689 me
2118 1649 2139 1687 :
2163 1643 2217 1688 et
2242 1633 2296 1686 in
2322 1634 2495 1688 tribus
2514 1634 2894 1703 negationibus
2914 1635 3049 1701 suis,
3075 1644 3186 1691 tres
3213 1634 3462 1706 fugarum

244 1724 380 1782 VllI.
420 1724 581 1781 Certe
629 1725 813 1781 omnis
863 1726 1127 1782 sanctitas
1168 1726 1234 1780 ad
1282 1726 1453 1781 Deum
1501 1726 1668 1791 ducit,
1709 1736 1763 1780 et
1792 1730 1844 1791 Β
1869 1738 2051 1795 partes
2077 1728 2290 1781 clausas
2329 1741 2452 1782 esse
2492 1726 2597 1782 sibi
2637 1726 2684 1782 si
2713 1728 2951 1797 fugeret,
2996 1728 3373 1784 memorabat:
3407 1730 3465 1785 in

174 1834 329 1876 omne
363 1830 646 1889 peccatum
676 1819 742 1874 ad
776 1818 1075 1874 diabolum.
1106 1818 1177 1873 Et
1220 1818 1321 1872 sub
1364 1819 1591 1872 Domino
1620 1819 1766 1873 bono

175 1912 343 1983 positi,
384 1913 665 1982 quomodo
710 1914 991 1967 credimus
1040 1911 1197 1966 nobis
1246 1910 1660 1981 possibilitatem
1702 1910 1769 1965 ad

174 2004 449 2059 diabolum
481 2004 650 2060 eundi
677 2018 1023 2072 concessam,
1054 2015 1105 2059 et
1140 2002 1449 2058 revertendi
1482 2004 1551 2058 ad
1588 2002 1771 2057 Domi-

181 2111 295 2151 num
327 2095 706 2165 denegatam?
732 2096 889 2151 Addo
922 2096 1150 2166 aliquid.
1182 2096 1344 2152 Certe
1376 2098 1650 2151 hominem
1675 2112 1773 2166 per

179 2198 461 2260 peccatum
499 2206 529 2244 a
556 2204 615 2245 se
646 2189 903 2245 recedere
950 2188 1092 2245 Deus
1123 2204 1230 2243 non
1260 2190 1394 2255 vult,
1440 2199 1492 2245 et
1522 2199 1772 2261 peccato-

180 2303 285 2343 rem
313 2284 383 2341 ad
417 2300 483 2340 se
512 2287 706 2342 venire
734 2302 953 2342 omnem
985 2286 1122 2340 vult:
1151 2294 1206 2340 et
1232 2287 1276 2339 si
1310 2286 1441 2341 illud
1468 2287 1641 2353 potuit
1662 2286 1768 2356 [ΑΙ.

174 2380 437 2450 potuerit]
489 2380 605 2434 fieri
661 2380 807 2448 quod
859 2379 1002 2435 Deus
1051 2395 1159 2434 non
1208 2379 1352 2444 vult,
1404 2387 1607 2449 quanto
1663 2393 1777 2432 ma-

174 2474 245 2545 gis
299 2482 489 2544 potest
548 2474 665 2528 fieri
726 2474 871 2544 quod
937 2472 1079 2529 Deus
1131 2473 1305 2528 vult!
1369 2472 1495 2528 Ideo
1541 2472 1775 2543 denique

172 2566 422 2636 cogitatio
502 2566 710 2636 peccati
768 2581 874 2620 non
947 2576 1029 2620 est
1084 2581 1114 2619 a
1176 2566 1285 2620 Deo
1349 2565 1618 2633 prohibita
1676 2580 1774 2633 per

174 2669 445 2725 naturam,
486 2659 585 2713 sed
630 2675 728 2727 per
771 2661 1098 2728 imperium:
1154 2668 1209 2713 ut
1265 2658 1471 2713 laboris
1507 2657 1623 2728 ejus
1668 2673 1771 2729 pii-

171 2766 263 2821 gna
297 2748 675 2817 incumberet,
723 2759 779 2806 et
819 2751 1101 2818 praemium
1134 2748 1201 2805 de
1231 2748 1531 2805 certamine
1579 2762 1774 2819 prove—

176 2844 321 2900 niret.
359 2842 566 2897 Voluit
594 2844 736 2898 enim
772 2843 911 2898 Deus
944 2842 1145 2897 homini
1176 2842 1359 2911 operis
1402 2841 1770 2912 fatigationem

172 2939 510 3009 relinquere,
546 2952 617 2991 ne
648 2938 700 2992 in
729 2938 909 3008 aliqua
957 2938 1270 2992 detrimenti
1306 2946 1459 3007 parte
1490 2936 1771 3006 praemium

170 3031 481 3100 impediret.

1868 1818 2034 1881 cmlo,
2068 1817 2124 1872 in
2156 1818 2406 1886 inferno,
2439 1827 2494 1873 et
2538 1820 2590 1873 in
2632 1820 2921 1889 postremis
2965 1821 3172 1875 maris:
3205 1837 3341 1893 ergo
3366 1837 3466 1879 nc-

1870 1928 2034 1981 gare,
2070 1910 2305 1966 tenebra
2332 1920 2493 1977 sunt,
2526 1920 2582 1965 et
2618 1911 2805 1981 fugere
2830 1913 3169 1969 conculcatio
3201 1916 3461 1971 tenebra-

1873 2020 1993 2060 rum
2030 2023 2043 2057 :
2073 2006 2174 2059 hoc
2205 2006 2433 2067 timens,
2471 2019 2539 2060 ne
2573 2004 3004 2075 comprehensus
3041 2006 3111 2060 ab
3152 2007 3284 2077 ipsis
3313 2019 3467 2066 tene-

1873 2096 1989 2152 bris
2027 2096 2465 2163 conculcaretur,
2497 2098 2652 2166 quasi
2698 2098 2940 2151 tenebris
2985 2098 3143 2155 malis
3182 2100 3296 2154 suis
3337 2104 3469 2156 sub-

1876 2203 2110 2255 mersus,
2143 2188 2408 2259 operibus
2434 2196 2582 2243 esset
2610 2187 2826 2243 deditus
2853 2188 3199 2244 tenebrarum
3219 2230 3237 2257 ,
3266 2189 3473 2248 habens

1880 2293 2118 2340 tractum
2168 2299 2485 2353 perennem,
2526 2284 2687 2353 jnges
2734 2284 3033 2355 lacrymas,
3070 2285 3288 2341 dolores
3315 2294 3474 2342 teter-

1878 2395 1998 2432 nos.
2045 2379 2157 2433 Hoc
2195 2377 2340 2432 enim
2382 2376 2545 2431 modo
2575 2378 2966 2433 conculcantur
2994 2378 3235 2434 tenebrae
3282 2380 3474 2436 mortis

1880 2470 2059 2540 hujus,
2089 2486 2191 2541 qua
2219 2470 2583 2541 corporaliter
2603 2470 2889 2525 morimur.
2925 2471 2983 2527 Si
3006 2488 3137 2527 vero
3171 2473 3323 2529 fuero
3351 2491 3471 2530 mo-

1878 2566 2060 2631 riens,
2096 2564 2299 2634 inquit,
2332 2581 2441 2619 non
2489 2565 2855 2620 conculcabor
2879 2579 2912 2619 a
2944 2566 3183 2623 tenebris
3218 2585 3231 2622 :
3269 2568 3367 2625 sed
3405 2570 3472 2625 ad

1875 2659 2098 2714 delicias
2128 2668 2436 2714 sanctorum
2463 2660 2748 2729 attingam.

1948 2750 2039 2807 XI.
2074 2751 2201 2807 Non:
2230 2753 2344 2823 ipsa
2386 2751 2708 2807 illuminatio
2738 2768 2849 2806 mea
2879 2761 2955 2807 est
2996 2753 3051 2806 in
3080 2752 3283 2809 deliciis
3321 2756 3470 2811 meis.

1878 2843 1954 2900 Ibi
1995 2845 2141 2900 enim
2175 2844 2394 2900 habebo
2442 2845 2616 2900 lucem
2661 2844 2939 2900 Christum
2992 2861 3194 2911 meum,
3226 2848 3317 2916 qui
3362 2864 3472 2904 neu

1879 2938 2085 3007 patitur
2137 2938 2526 2993 obscuritatem
2580 2938 2975 2993 tenebrarum:
3029 2938 3082 2993 in
3136 2940 3288 3010 cujus
3334 2956 3470 2996 con-

1880 3040 2069 3100 spectu
2100 3046 2204 3084 nos:
2237 3031 2369 3083 sicut
2390 3030 2502 3084 dies
2524 3030 2923 3084 illuminabitur.
2952 3030 3077 3085 Haec
3102 3031 3244 3086 docti
3279 3032 3475 3101 praedi-

234 3120 327 3181 IX.
368 3127 525 3182 Duos
586 3134 735 3181 certe
787 3125 1057 3181 bonorum
1105 3135 1159 3182 et
1216 3128 1480 3183 malorum
1545 3112 1848 3197 populosC
1879 3131 2038 3179 caute
2087 3122 2249 3179 Petro
2295 3121 2586 3194 Apostolo,
2629 3134 2684 3180 et
2729 3133 3018 3180 cantamus
3070 3134 3123 3179 et
3169 3126 3471 3180 credimus.

170 3230 308 3283 esse,
336 3234 509 3273 nemo
532 3227 621 3273 est
643 3217 734 3287 qui
758 3217 984 3273 nesciat.
1010 3218 1189 3273 Bonos
1212 3219 1446 3274 dicimus
1466 3219 1770 3282 credentes,

165 3317 214 3364 et
242 3310 524 3380 pessimos
552 3324 664 3365 non
690 3308 1000 3364 credentes.
1044 3310 1162 3365 Non
1190 3311 1479 3367 credentes
1505 3326 1629 3365 esse
1671 3311 1775 3366 sub

163 3400 391 3457 diabolo
427 3421 440 3455 :
478 3412 535 3456 et
562 3400 856 3458 credentes
896 3403 997 3457 sub
1050 3402 1180 3458 Deo.
1222 3400 1410 3473 Magna
1459 3402 1773 3473 pra-dicatio

166 3502 269 3562 tua,
306 3496 407 3566 qui
437 3510 668 3552 servum
697 3495 901 3550 diaboli
942 3496 1009 3549 ad
1043 3503 1096 3549 te
1124 3510 1303 3561 vocas,
1348 3511 1563 3551 servum
1605 3494 1699 3551 Dei
1742 3510 1772 3549 a

164 3594 215 3639 te
234 3587 461 3656 repellis
494 3604 510 3639 :
544 3585 706 3658 quasi
748 3587 835 3654 qui
864 3586 1001 3641 velis
1030 3586 1201 3641 Deum
1245 3588 1448 3642 lucrari
1493 3588 1633 3659 quod
1665 3602 1772 3642 non

163 3673 340 3743 habet,
377 3686 432 3733 et
466 3678 713 3748 perdere
742 3677 888 3748 quod
922 3678 1105 3733 habet.
1136 3676 1275 3734 Ilinc
1303 3679 1368 3734 ad
1413 3680 1507 3735 Dei
1551 3695 1776 3749 compu-

163 3777 276 3824 tans
302 3770 565 3836 divitias,
602 3768 751 3839 quod
799 3771 970 3838 possit
1001 3770 1146 3826 Deus
1190 3782 1434 3826 mortuos
1482 3770 1771 3839 suscitare,

161 3867 210 3915 et
235 3861 496 3918 infirmos
528 3863 759 3918 salvare
782 3878 889 3917 non
920 3864 1115 3933 possit.
1159 3862 1291 3918 Nam
1335 3864 1595 3919 increduli
1631 3878 1777 3918 mor-

157 3955 249 4020 tui,
281 3965 334 4011 et
364 3955 685 4012 credentes
715 3954 844 4010 licet
870 3966 1190 4028 peccatores
1216 3956 1343 4021 sint,
1375 3957 1563 4011 vivunt
1599 3956 1650 4010 in
1693 3955 1774 4009 in-

158 4043 410 4103 firmitate
442 4063 577 4103 sua.
627 4046 699 4101 Et
741 4047 784 4101 si
836 4046 1085 4103 Salvator
1134 4056 1325 4104 noster
1369 4045 1554 4113 habet,
1610 4050 1775 4103 immo

153 4142 269 4209 quis
293 4142 469 4198 habet
497 4149 843 4212 potestatem
883 4141 1178 4197 suscitandi
1207 4151 1471 4206 mortuos,
1505 4143 1777 4211 quomodo

156 4234 404 4291 virtutem
438 4251 563 4291 non
614 4234 780 4289 habet
810 4248 1165 4304 quaecumque
1193 4234 1391 4289 fuerint
1433 4230 1775 4289 infirmitates

152 4330 411 4384 curandi?
440 4330 535 4386 Ex
569 4338 815 4399 utroque
863 4329 1029 4384 latere
1066 4328 1482 4399 blaSphematur
1521 4344 1552 4383 a
1601 4327 1773 4395 vobis,

155 4421 230 4489 qui
274 4422 708 4493 paenitentibus
753 4419 960 4490 negatis
989 4420 1283 4486 ,etl‘ectum.
1326 4420 1383 4475 Si
1424 4419 1569 4474 enim
1618 4434 1776 4488 posse

152 4526 262 4569 eum
305 4515 545 4571 docetis
602 4512 979 4569 infirmitatem
1026 4527 1241 4567 omnem
1290 4526 1483 4567 curare
1528 4530 1541 4565 :

155 4606 291 4677 nolit,
330 4609 584 4679 impium
638 4604 886 4674 argnitis.
937 4603 993 4660 Si
1040 4605 1180 4659 velle
1218 4614 1273 4659 et
1316 4620 1421 4659 non
1455 4620 1614 4675 posse
1655 4620 1777 4659 eum

155 4698 367 4757 forsitan
402 4699 716 4765 dixeritis,
745 4712 776 4751 a
802 4699 1005 4753 deitate
1033 4698 1351 4765 excluditis,
1381 4709 1439 4753 ut
1467 4699 1781 4754 miseriior-

156 4790 276 4848 diam
322 4795 494 4849 vobis
546 4807 630 4849 ex
678 4798 910 4859 utroque
941 4791 1110 4845 latere
1151 4791 1496 4846 condemnati
1546 4792 1780 4863 denege-

155 4883 230 4951 tis,
284 4904 412 4943 cum
461 4885 730 4956 negatis,
762 4882 981 4939 familiae
1028 4883 1126 4940 Dei
1174 4886 1418 4954 pereunti
1470 4902 1573 4942 non
1620 4902 1779 4957 posse

159 4980 410 5035 succurri.

154 5081 165 5095 ’·
212 5068 274 5126 Χ.
308 5072 627 5127 Hactenus
675 5081 799 5122 cum
830 5065 1142 5124 Novatianis
1173 5068 1274 5123 sim
1308 5068 1552 5133 locutus,
1593 5086 1778 5125 rever-

158 5169 308 5220 tamur
339 5168 411 5222 ad
465 5162 828 5235 Apostolnin
875 5162 1227 5231 pmnitcntem
1272 5170 1325 5216 et
1364 5162 1580 5216 flentem
1627 5178 1779 5215 ama-

155 5253 349 5317 rissime
375 5272 562 5330 atque
598 5257 892 5309 dicentem
922 5272 934 5307 :
969 5254 1080 5320 Quo
1107 5253 1189 5307 ibo
1215 5271 1246 5307 α
1266 5255 1452 5325 spiritu
1475 5264 1582 5321 tuo,
1609 5265 1657 5307 et
1683 5271 1783 5323 quo

154 5350 321 5417 afacie
354 5365 452 5408 tua
483 5347 764 5425 fugiam?
796 5347 922 5404 Scio
962 5347 1090 5416 quia
1118 5345 1199 5401 Tu
1240 5363 1292 5400 es
1332 5346 1565 5401 Christus
1607 5344 1781 5401 Filius

156 5436 233 5494 Dei
261 5446 359 5499 vivi
394 5463 416 5500 :
447 5458 639 5516 quam
681 5440 970 5493 scientiam
1002 5455 1108 5493 non
1132 5439 1394 5494 revelavit
1424 5439 1554 5492 mihi
1580 5454 1709 5494 caro
1731 5448 1786 5494 et

155 5537 378 5605 sanguis,
412 5536 521 5592 sed
552 5535 749 5589 Pater
774 5542 897 5587 tuus
920 5532 1007 5601 qui
1032 5531 1085 5586 in
1109 5530 1263 5587 caelis
1291 5538 1393 5585 est.
1424 5529 1539 5595 Quo
1562 5532 1781 5602 fugiam,

157 5628 232 5695 qui
258 5640 306 5687 te
348 5632 541 5688 Deum
592 5623 752 5681 novi
794 5633 848 5680 et
890 5626 1321 5696 omnipotentem
1363 5623 1599 5693 agnovi?
1628 5622 1688 5676 Si
1732 5622 1789 5675 in

1880 3222 2031 3277 Sicut
2072 3221 2292 3276 tenebras
2320 3222 2435 3291 ejus
2464 3230 2605 3288 sunt,
2640 3222 2713 3275 ita
2743 3229 2791 3274 et
2825 3219 2998 3274 tunica
3022 3222 3138 3291 ejus
3166 3229 3265 3273 est.
3300 3220 3477 3275 Tene-

1880 3313 1990 3367 brae
2019 3313 2163 3368 enim
2196 3327 2303 3367 non
2332 3312 2588 3367 omnibus
2617 3310 2891 3366 creaturis
2916 3310 3209 3366 obscurum
3244 3309 3471 3367 faciunt:

1879 3404 2154 3475 Siquidem
2199 3416 2252 3459 et
2301 3405 2428 3458 ferte
2464 3416 2682 3469 omnes,
2724 3402 2821 3456 sed
2858 3411 2913 3455 et
2954 3401 3251 3469 noctivagae
3284 3402 3475 3456 bestias

1878 3497 2115 3551 noctium
2163 3494 2372 3549 nullum
2416 3492 2695 3562 patiuntur
2730 3493 3044 3547 obscurum.
3092 3491 3201 3547 Sed
3242 3502 3298 3548 et
3343 3507 3478 3551 aves

1876 3594 2005 3640 sunt
2033 3600 2157 3657 quae
2184 3586 2240 3639 in
2270 3583 2521 3639 noctibus
2543 3582 2752 3636 volant.
2785 3580 2943 3638 Unde
2982 3582 3242 3638 docemur
3279 3593 3475 3643 natura

1877 3677 2071 3732 oculos
2102 3691 2207 3729 non
2235 3676 2417 3729 omnia
2446 3674 2697 3727 animalia
2724 3688 2753 3727 a
2782 3674 3044 3728 Creatore
3073 3672 3175 3729 hos
3204 3689 3328 3730 esse
3354 3692 3475 3732 sor-

1877 3769 1998 3834 tita,
2031 3777 2091 3823 ut
2130 3768 2181 3822 in
2217 3768 2455 3823 tenebris
2490 3766 2675 3822 videre
2722 3782 2831 3822 non
2880 3768 3107 3837 possint.
3143 3768 3288 3823 Deus
3324 3772 3470 3827 enim

1877 3862 1945 3917 ad
1988 3863 2229 3933 requiem
2278 3861 2559 3917 hominum
2602 3869 2793 3917 noctes
2830 3858 3104 3916 instituit:
3140 3871 3199 3917 ut
3239 3879 3476 3934 genera-

1878 3958 2009 4013 tioni
2052 3956 2300 4012 humanse
2338 3956 2519 4027 quiete
2568 3966 2753 4024 posset
2784 3969 2907 4010 esse
2935 3957 3269 4014 consultum.
3303 3959 3475 4027 Ipsius

1879 4066 2008 4121 ergo
2036 4062 2165 4106 sunt
2196 4050 2458 4116 tenebrae,
2490 4049 2645 4118 cujus
2680 4060 2763 4105 est
2807 4050 2933 4115 lus,
2957 4052 3103 4121 quod
3136 4051 3475 4110 Manichacus

1877 4152 2060 4214 negat.
2091 4143 2211 4212 Ipse
2232 4144 2395 4199 etiam
2424 4150 2641 4198 creator
2662 4158 2955 4213 corporum
2981 4152 3316 4209 nostrorum,
3340 4159 3473 4199 con-

1878 4246 1958 4292 tra
1991 4235 2138 4306 quod
2178 4236 2407 4305 suscipit
2442 4236 2528 4291 cui
2570 4233 2681 4307 [ΑΙ.
2725 4235 2839 4308 qui]
2885 4238 3232 4308 intpmnitens
3282 4236 3477 4295 Petrus

1876 4331 2094 4386 dicitur.
2817 4353 2824 4386 λ

1952 4422 2069 4479 XII.
2102 4422 2181 4477 Tu
2216 4424 2490 4495 possedisti
2516 4440 2660 4478 renes
2685 4441 2849 4492 meos,
2890 4424 2980 4493 qui
3013 4422 3282 4494 suscepisti
3312 4438 3392 4476 me
3414 4423 3479 4480 de

1590 4512 1687 4567 sed
1731 4512 1774 4567 si
1808 4495 1855 4554 θ
1883 4523 2030 4569 utero
2062 4517 2241 4570 matris
2264 4533 2413 4572 metu.
2443 4516 2590 4572 Sient
2617 4518 2760 4572 enim
2804 4517 2858 4571 in
2889 4531 2985 4573 ore
3021 4516 3148 4571 dum
3181 4516 3474 4586 loquimur,

1886 4616 1942 4663 et
1978 4610 2031 4663 in
2061 4624 2227 4679 opere
2250 4610 2375 4665 dum
2408 4610 2589 4681 aliqua
2621 4625 2935 4681 operemur,
2965 4610 3150 4664 cordis
3176 4609 3348 4663 nostri
3379 4623 3476 4664 co-

1883 4702 2046 4771 gitata
2088 4702 2428 4757 ostendimus
2464 4719 2477 4754 :
2522 4705 2597 4756 ita
2641 4702 2783 4771 quod
2822 4701 3154 4771 cogitamus,
3188 4710 3475 4771 antequam

1883 4793 2119 4848 dicendo
2147 4795 2229 4847 vel
2262 4793 2541 4863 operando
2567 4793 2860 4861 pandetur,
2892 4807 2919 4846 a
2957 4793 3182 4847 renibus
3205 4794 3470 4869 gignitur,

1882 4887 2178 4939 secundum
2222 4886 2353 4939 illud
2382 4883 2527 4953 quod
2563 4885 2613 4936 in
2662 4884 2771 4938 alio
2806 4882 3016 4951 psalmo
3045 4885 3278 4941 dicimus
3318 4888 3431 4944 Deo
3461 4909 3474 4947 :

1887 4976 2147 5044 Quoniam
2181 4986 2233 5028 tu
2264 4975 2540 5045 possedisti
2568 4990 2717 5028 renes
2765 4989 2923 5028 meos.
2954 4973 3110 5030 Dicet
3140 4977 3319 5034 enim:
3352 4984 3480 5052 quia

1886 5070 1959 5124 ita
1988 5068 2080 5123 tibi
2126 5067 2178 5119 in
2223 5081 2309 5121 me
2356 5066 2489 5120 nihil
2523 5065 2854 5120 occultatum
2897 5078 3011 5135 est,
3051 5080 3109 5124 ut
3149 5088 3252 5127 non
3301 5076 3478 5131 solum

1887 5176 2007 5233 qum
2032 5167 2161 5215 sunt
2186 5158 2421 5226 cogitata
2450 5155 2767 5210 consideres
2795 5172 2810 5214 :
2842 5158 2936 5213 sed
2968 5166 3024 5214 et
3052 5164 3337 5234 cogitanda
3359 5182 3484 5235 qum

1888 5266 2015 5310 sunt
2057 5255 2111 5308 in
2142 5252 2366 5308 renibus
2394 5263 2615 5305 cernas.
2648 5247 2753 5315 Tu,
2788 5249 3055 5321 Domine,
3089 5258 3182 5325 qui
3212 5259 3482 5325 suscepisti

1890 5366 1970 5403 me
2016 5364 2080 5403 ex
2109 5356 2252 5401 utero
2294 5345 2478 5400 metris
2525 5358 2652 5397 mea:
2683 5358 2699 5395 :
2731 5343 2802 5399 ita
2835 5356 2893 5402 ut
2937 5349 3191 5420 quidquid
3242 5353 3312 5406 ab
3361 5361 3481 5408 ortu

1895 5458 2017 5497 mea
2039 5440 2331 5497 semisonis
2354 5437 2706 5494 ballmtientis
2737 5438 2973 5494 infantia:
2992 5442 3174 5497 verbis
3196 5444 3486 5511 aliquando

1899 5537 2038 5587 forte
2068 5532 2306 5601 peccavi,
2359 5542 2697 5599 cognoscas:
2744 5530 2794 5580 in
2847 5529 2949 5586 hoc
2999 5532 3159 5587 etiam
3194 5530 3487 5604 Conﬁtebor

1905 5624 2016 5688 tibi,
2046 5623 2169 5694 quia
2213 5620 2514 5674 terribiliter
2548 5616 2853 5685 miriﬁcatus
2888 5638 2971 5692 es,
3004 5623 3133 5677 mira
3168 5640 3326 5696 opera
3368 5636 3487 5697 tua,

157 5721 285 5780 caios
302 5724 646 5789 escendero,
684 5726 753 5773 tu
778 5716 885 5773 illic
908 5735 985 5787 es;
1016 5719 1059 5776 si
1084 5716 1398 5775 descendere
1429 5716 1481 5772 in
1506 5716 1798 5788 infernum,
1909 5731 2028 5791 quae
2059 5725 2111 5772 et
2138 5712 2310 5772 oculis
2338 5713 2475 5770 meis
2518 5708 2650 5781 vidi,
2681 5716 2735 5764 et
2764 5723 3057 5773 exercente
3096 5722 3152 5774 te
3191 5714 3300 5792 [AL
3326 5733 3490 5777 exer-
