4012 6190
218 235 318 292 955

218 362 314 407 tes.
350 351 529 407 Bonus
555 352 719 419 Deus,
748 352 839 424 qui
876 354 946 409 ita
975 356 1271 425 prospexit,
1307 356 1379 409 ita
1406 354 1707 419 constituit,
1738 364 1796 409 ut
1825 358 1879 420 Α

213 442 375 498 homo
397 446 635 499 exiturus
666 444 734 498 ad
762 462 891 514 Opus
914 464 1087 514 suum,
1115 457 1162 500 et
1190 448 1257 499 ad
1281 448 1629 518 operationem
1651 463 1795 499 suam

213 552 367 605 usque
388 537 457 589 ad
484 554 763 607 vesperam,
805 537 1037 594 haberet
1068 540 1320 594 vicarium
1346 548 1581 609 tempus,
1611 540 1662 593 in
1692 554 1797 609 quo

213 645 239 683 a
264 630 414 687 duris
445 632 742 699 laboribus,
773 644 826 689 et
864 634 1029 688 multa
1061 633 1379 704 fatigatione
1407 636 1795 704 requiesceret.

221 732 243 759 ⁸
275 724 416 794 Ergo
445 726 589 780 diem
623 726 689 780 ad
729 741 888 796 opus,
920 735 1136 781 noctem
1176 726 1303 781 fecit
1352 725 1419 779 ad
1453 727 1715 792 requiem,
1747 735 1801 781 et

214 831 309 886 pro
346 819 473 884 hoc,
506 820 652 873 sicut
696 835 796 889 pro
839 820 1093 875 omnibus
1121 821 1325 890 gratias
1351 819 1612 875 debemus
1644 834 1802 889 agere

208 910 281 964 illi
312 911 404 980 qui
438 913 713 981 priestitit.
768 912 1032 967 Novimus
1060 922 1239 967 autem
1270 912 1471 966 multos
1501 912 1799 976 hominum,

206 1013 262 1057 ut
291 1015 386 1059 aut
416 1004 715 1074 majoribus
745 1006 861 1060 suis
905 1006 1175 1077 placeant,
1211 1014 1303 1059 aut
1344 1005 1448 1059 sibi
1479 1004 1681 1073 aliquid
1714 1019 1801 1072 pe-

208 1095 495 1151 culiariter
522 1098 749 1164 prosint,
776 1098 954 1151 noctis
980 1098 1297 1166 particulam
1325 1095 1391 1149 ad
1423 1095 1642 1163 aliquod
1664 1109 1799 1163 opus

207 1202 529 1258 segregare,
566 1188 619 1243 id
665 1204 760 1258 pro
805 1191 955 1243 lucro
984 1189 1203 1255 ducere,
1234 1188 1377 1258 quod
1410 1188 1565 1242 furati
1596 1188 1664 1242 de
1709 1203 1797 1242 so-

209 1295 345 1349 pore
370 1298 489 1348 suo,
521 1283 735 1349 operari
770 1283 1059 1349 potuerint.
1092 1281 1118 1318 ι)
1148 1285 1189 1336 Α
1219 1281 1510 1337 Salomone
1532 1298 1659 1337 vero
1681 1283 1797 1336 lau-

210 1372 369 1426 datur
392 1382 446 1425 et
476 1372 669 1426 femina
694 1414 707 1437 ,
739 1388 858 1441 qua:
889 1388 1056 1441 pensa
1088 1380 1144 1427 et
1170 1372 1489 1435 lanificium,
1524 1373 1592 1427 ad
1622 1374 1797 1428 lucer-

208 1480 335 1519 nam
384 1464 670 1534 vigilanter
710 1474 928 1519 exercet
976 1463 1157 1535 (Prov.
1214 1480 1365 1529 xxxt,
1417 1464 1531 1533 13).
1578 1463 1801 1519 Addidit

210 1560 372 1614 etiam
404 1559 547 1629 quod
580 1575 643 1614 ex
674 1560 778 1614 hoc
818 1561 937 1615 laus
963 1561 1079 1614 viro
1102 1561 1220 1630 ejus
1252 1561 1303 1615 in
1343 1562 1515 1631 portis
1543 1570 1599 1615 et
1626 1561 1797 1631 gloria

210 1667 401 1721 magna
427 1662 703 1705 nascatur.
729 1650 883 1717 Quod
914 1651 959 1705 si
985 1652 1035 1705 in
1059 1652 1365 1706 carnalibus
1394 1654 1793 1719 instrumentis,

977 234 1313 295 EPISTOLA
1356 236 1550 292 xxxn.
1592 235 1681 291 ne
1718 232 2252 293 OBSERVATIONE
2291 214 2718 295 VlGlLlARUM.

3394 241 3504 302 254

1974 353 2057 407 lll.
2088 352 2146 408 Si
2170 369 2301 408 vero
2336 353 2583 409 infirmus
2615 369 2675 410 es
2704 352 2983 418 membris,
3014 353 3154 425 quod
3180 354 3360 412 facere
3389 374 3497 414 non

1900 456 2055 515 potes
2085 445 2195 500 noli
2228 447 2631 515 reprehendere
2656 464 2668 499 :
2703 448 2872 501 immo
2900 448 3009 516 riga
3034 456 3088 501 et
3112 457 3165 502 tu
3194 452 3494 506 secundum

1898 537 2228 608 Prophetam
2260 539 2514 608 lacrymis
2542 547 2771 593 stratum
2806 547 2976 605 tuum,
3007 548 3060 591 et
3103 538 3188 593 dic
3220 558 3233 592 :
3264 540 3354 595 Sic
3388 557 3494 595 me-

1901 645 2012 684 mor
2039 630 2115 699 fui
2141 630 2217 683 tui
2246 646 2400 700 super
2430 640 2650 684 stratum
2687 634 2894 699 meum(
2929 628 3075 683 Psal.
3109 647 3239 695 Lxu,
3272 634 3302 685 7
3336 633 3377 702 ).
3412 634 3498 688 ln-

1899 723 2065 794 junge
2094 724 2257 779 etiam
2290 723 2664 793 vigilantibus,
2692 734 2747 777 ut
2772 732 2825 777 te
2855 724 2970 778 suis
2995 724 3247 792 precibus
3270 724 3455 792 juvent
3481 745 3495 780 :

1904 832 2011 886 quo
2042 816 2258 886 adjutus
2288 832 2317 871 a
2352 816 2581 871 Domino
2607 832 2772 885 super
2805 818 3004 870 lectum
3036 816 3244 870 doloris
3285 818 3359 870 tui
3405 832 3497 871 ea-

1906 922 2035 962 nere
2064 908 2328 976 possis,et
2354 918 2411 961 tu
2442 907 2733 977 aliquando
2761 908 3022 961 merearis
3050 907 3233 963 dicere
3260 924 3274 963 :
3302 906 3367 961 In
3395 924 3503 961 ma-

1906 1002 2094 1055 tutinis
2114 1002 2401 1054 meditabor
2422 1002 2559 1067 inte,
2582 1003 2705 1071 quia
2723 1001 2869 1069 fuisti
2893 1001 3104 1073 adjutor
3125 1018 3269 1055 meus
3294 998 3501 1071 (Ιὸἰά.).

1903 1094 2156 1163 Alioquin
2186 1094 2408 1148 stultum
2442 1103 2497 1148 et
2532 1095 2666 1148 satis
2703 1101 3023 1148 extraneum
3064 1103 3179 1160 est,
3217 1105 3239 1132 ε
3283 1104 3345 1149 ιιι
3382 1095 3506 1163 quia

1902 1184 2003 1254 ipsi
2032 1199 2255 1240 currere
2284 1200 2392 1239 non
2425 1184 2691 1248 valemus,
2728 1185 2867 1240 bene
2897 1187 3248 1242 currentibus
3278 1186 3505 1256 deroge—

1900 1292 2039 1333 mus.
2067 1277 2199 1331 Nam
2236 1277 2340 1332 etsi
2366 1292 2472 1332 non
2496 1292 2811 1345 possumus,
2839 1278 3105 1332 debemus
3140 1282 3507 1349 congratulari

1898 1372 2235 1443 potentibus.
2269 1372 2422 1426 Sicut
2444 1372 2590 1425 enim
2624 1372 2695 1426 de
2724 1385 2998 1425 consensu
3031 1372 3256 1427 malitiae
3288 1374 3509 1442 partici—

1897 1472 2057 1534 patur
2086 1479 2209 1518 eum
2237 1462 2560 1519 facientibus
2592 1477 2752 1533 poena
2788 1480 2800 1514 :
2826 1463 2905 1517 sic
2935 1464 3197 1531 participa
3210 1465 3284 1519 tio
3313 1464 3504 1534 gloriae

1899 1558 2165 1627 aperanda
2200 1568 2281 1612 est
2326 1557 2394 1613 de
2432 1557 2796 1612 consensione
2835 1557 3121 1611 bonitatis.
3161 1557 3314 1613 Alios
3354 1560 3500 1615 enim

1900 1649 2126 1705 effectus
2146 1659 2373 1705 coronat
2401 1667 2415 1704 :
2446 1650 2583 1704 alios
2615 1649 2865 1703 voluntas
2896 1650 2981 1718 pia
3013 1649 3274 1706 lrctificat.

206 1741 258 1795 id
309 1750 413 1805 est,
460 1743 644 1808 victui,
691 1752 785 1796 aut
825 1743 1046 1798 vestitui
1093 1744 1437 1807 necessariis,
1467 1745 1558 1813 qui
1608 1745 1795 1814 vigilat
1824 1745 1872 1804 Β
1968 1741 2056 1795 IV.
2091 1742 2202 1797 Nec
2235 1757 2367 1797 sane
2396 1757 2717 1808 onerosum,
2748 1742 2834 1796 vel
2862 1740 3095 1796 difficile
3127 1742 3293 1797 videri
3341 1743 3507 1799 debet

206 1850 312 1889 non
342 1835 785 1905 reprehenditur,
813 1837 978 1889 immo
1009 1836 1263 1890 laudatur
1290 1854 1303 1889 :
1338 1848 1359 1875 ε
1389 1838 1574 1892 mirari
1608 1854 1693 1893 me
1723 1842 1797 1891 fa-

209 1936 325 1982 teor
367 1943 492 1983 esse
524 1929 757 1998 aliquos,
789 1930 879 1998 qui
907 1944 1095 1984 sacras
1132 1929 1345 1997 vigilias
1387 1938 1493 1984 tam
1528 1931 1797 1999 spirituali

202 2036 371 2090 opere
395 2019 725 2085 fructuosas,
742 2021 1103 2087 orationibus,
1130 2022 1342 2092 hymnis
1368 2023 1799 2094 lectionibusque

203 2112 510 2177 fecundas,
554 2122 647 2167 aut
692 2112 993 2181 superfluas
1044 2114 1380 2178 existimant,
1429 2124 1522 2169 aut
1569 2118 1797 2182 otiosas,

204 2213 289 2257 aut
319 2201 467 2273 quod
499 2202 585 2257 his
616 2214 696 2258 est
723 2203 985 2269 deterius,
1021 2204 1381 2273 importunas.

271 2296 335 2350 ll.
378 2297 445 2349 Et
472 2295 690 2365 quidem
721 2296 770 2350 si
799 2306 923 2350 sunt
964 2295 1218 2352 homines
1259 2314 1287 2351 a
1320 2298 1575 2368 religione
1617 2311 1798 2359 nostra

206 2388 390 2453 alieni,
411 2388 502 2457 qui
530 2389 629 2442 ista
656 2388 733 2442 sic
756 2389 1017 2455 sentiunt,
1045 2405 1148 2444 non
1172 2399 1257 2445 est
1279 2392 1493 2447 mirum.
1519 2392 1801 2459 Quomodo

205 2481 345 2535 enim
381 2478 619 2549 profanis
661 2479 918 2550 religiosa
964 2481 1176 2551 placere
1223 2484 1491 2552 possunt?
1519 2484 1713 2554 quibus
1754 2485 1800 2540 si

205 2571 507 2641 placerent,
550 2571 721 2625 nostri
760 2579 945 2626 essent
977 2590 987 2623 :
1036 2574 1157 2642 quia
1195 2573 1361 2628 simus
1392 2574 1409 2645 [
1441 2573 1525 2627 Al.
1555 2575 1798 2644 scimus]

206 2662 391 2732 utique
417 2661 732 2717 Chrisdani.
756 2661 814 2717 Si
839 2678 967 2718 vero
995 2664 1165 2717 nostri
1188 2674 1315 2718 sunt
1337 2680 1474 2734 quos
1498 2666 1797 2735 vigiliarum

207 2758 451 2814 salutifer
481 2770 632 2814 actus
657 2757 905 2826 offendit,
929 2768 987 2812 ut
1009 2759 1139 2813 nihil
1166 2760 1232 2813 de
1257 2761 1342 2814 his
1362 2760 1600 2816 deterius
1622 2764 1801 2831 suspi-

205 2864 313 2916 cer,
347 2858 443 2905 aut
471 2850 609 2922 pigri
634 2860 779 2918 sunt,
806 2859 901 2905 aut
924 2853 1293 2921 somniculosi,
1321 2864 1412 2907 aut
1438 2854 1579 2924 quod
1606 2854 1688 2909 his
1719 2864 1802 2910 est

205 2944 534 3012 proximum,
580 2960 762 3010 senes,
793 2945 883 2999 vel
915 2945 1135 3000 infirmi.
1167 2946 1223 3001 Si
1257 2946 1391 3017 pigri
1420 2959 1565 3009 sunt,
1601 2949 1799 3004 erube-

202 3043 382 3100 scant,
414 3038 541 3105 quia
574 3036 680 3091 illis
709 3047 966 3092 resonant
986 3038 1151 3093 verba
1176 3038 1483 3094 Salomonis
1513 3057 1531 3093 :
1565 3039 1704 3095 Vade
1732 3042 1801 3094 ad

1898 1833 2061 1889 etiam
2090 1832 2337 1887 delicatis
2366 1834 2492 1903 [Αι.
2527 1834 2653 1887 add.
2678 1834 2763 1887 vel
2792 1832 3024 1887 infirmis
3048 1831 3065 1901 ]
3097 1834 3421 1903 corporibus
3449 1837 3505 1889 in

1900 1924 2201 1991 septimana
2220 1924 2451 1978 duarum
2484 1925 2749 1999 noctium,
2782 1924 2832 1977 id
2856 1934 2959 1988 est,
2986 1924 3194 1979 sabbati
3217 1934 3378 1994 atque
3400 1925 3507 1979 Do-

1900 2015 2138 2081 minicaz,
2163 2016 2473 2085 portionem
2495 2015 2731 2084 aliquam
2764 2014 2855 2068 Dei
2890 2016 3193 2070 ministerio
3214 2016 3505 2085 deputare.

1902 2108 2011 2163 Ista
2057 2108 2200 2162 enim
2231 2109 2384 2175 quasi
2430 2107 2733 2177 purificatio
2763 2116 2849 2161 est
2877 2107 3089 2162 dierum
3132 2109 3374 2177 quinque
3426 2110 3509 2163 vel

1902 2202 2167 2266 noctium,
2197 2202 2393 2271 quibus
2420 2212 2645 2270 stupore
2672 2201 2972 2256 carnalium
3012 2200 3122 2273 [ΑΙ.
3162 2200 3393 2271 carnali]
3424 2204 3507 2256 in-

1902 2296 2297 2365 gravescimus,
2325 2305 2417 2348 aut
2444 2292 2735 2348 mundanis
2756 2293 2969 2347 actibus
2997 2291 3014 2329 ί
3048 2294 3365 2347 oscitamus.
3398 2292 3507 2347 Nec

1902 2388 2189 2445 erubescat
2230 2388 2426 2457 aliquis
2470 2388 2522 2441 in
2568 2387 2711 2442 bono
2754 2386 2937 2441 studio
2986 2387 3341 2442 sanctitatis:
3381 2402 3504 2441 cum

1906 2494 2014 2536 non
2041 2480 2367 2535 erubescant
2396 2479 2631 2548 improbi
2663 2479 2717 2533 in
2752 2479 3119 2549 perpetrando
3148 2496 3321 2550 opere
3347 2480 3507 2537 foedi-

1904 2574 2050 2628 tatis.
2082 2572 2278 2627 Merito
2319 2587 2450 2643 ergo
2477 2572 2762 2641 Scriptura
2802 2576 2855 2627 in
2903 2573 3221 2629 Proverbiis
3272 2576 3467 2644 ingerit
3500 2593 3513 2629 :

1903 2664 2000 2721 Est
2028 2667 2261 2735 confusio
2289 2682 2404 2736 qua:
2425 2668 2568 2720 ducit
2589 2667 2658 2719 ad
2684 2675 2952 2737 peccatum
2976 2667 3173 2738 (Eecli.
3209 2686 3285 2737 ιν,
3314 2670 3430 2741 25).
3454 2672 3512 2725 lu

1904 2760 2049 2816 bono
2081 2761 2224 2815 enim
2268 2776 2435 2831 opere
2488 2760 2749 2816 confundi
2793 2771 3077 2831 peccatum
3122 2773 3205 2818 est
3240 2780 3252 2820 :
3286 2764 3430 2819 sicut
3458 2765 3514 2820 in

1905 2854 2053 2909 malo
2082 2855 2336 2910 faciendo
2363 2870 2471 2909 non
2494 2855 2749 2909 confundi
2777 2857 3051 2925 pernicies
3070 2867 3172 2912 est.
3199 2858 3255 2913 Si
3283 2868 3510 2915 sanctus

1907 2960 1989 3013 es,
2023 2961 2143 3000 ama
2175 2945 2411 3016 vigilias,
2440 2956 2499 3001 ut
2528 2946 2842 3002 thesaurum
2898 2956 3048 3003 tuum
3092 2950 3367 3018 vigilando
3407 2966 3510 3006 cu-

1908 3040 2136 3103 stodias,
2168 3048 2224 3095 et
2252 3040 2369 3110 ipse
2416 3040 2469 3094 in
2518 3040 2806 3095 sanctitate
2855 3042 3116 3095 serveris.
3154 3042 3214 3096 Si
3255 3054 3511 3112 peccator

197 3126 496 3194 formicam,
529 3143 558 3181 o
586 3128 749 3199 piger,
785 3139 832 3182 et
859 3131 1106 3183 tumulare
1137 3133 1245 3185 vias
1270 3136 1383 3203 ejus
1419 3132 1603 3203 (Prov.
1645 3150 1723 3199 vt,
1747 3136 1802 3199 6,
1832 3122 1881 3185 C
1910 3148 1991 3201 es,
2036 3134 2205 3203 magis
2250 3147 2410 3199 cura,
2468 3141 2530 3187 ut
2571 3133 2848 3203 vigilando
2889 3145 2942 3188 et
2980 3134 3190 3188 orando
3237 3136 3507 3204 purgeris,

196 3234 338 3289 seqq.
374 3221 415 3287 ).
450 3222 507 3274 Si
542 3222 890 3276 somniculosi
933 3232 1061 3277 sunt
1086 3265 1101 3289 ,
1144 3224 1613 3294 expergiscantur,
1660 3224 1806 3280 Scri-

196 3320 384 3378 ptura,
440 3312 868 3380 proclamante:
927 3312 971 3367 0
1026 3315 1191 3385 piger,
1245 3332 1513 3387 quousque
1566 3318 1805 3372 dormis?

195 3402 439 3468 Quando
479 3413 647 3458 autem
687 3406 752 3459 de
784 3422 965 3460 somno
1015 3410 1230 3480 surges?
1256 3408 1547 3463 Paululum
1592 3410 1805 3480 quidem

193 3497 454 3562 dormies,
484 3498 742 3552 modicum
757 3499 977 3566 sedebis,
1000 3500 1246 3571 pusillum
1274 3509 1448 3555 autem
1474 3502 1799 3567 dormitabis,

193 3588 458 3657 pusillum
510 3606 629 3644 vero
677 3592 1031 3662 complecteris
1069 3594 1310 3647 manibus
1357 3603 1552 3661 pectus.
1603 3593 1803 3647 Deinde

195 3682 528 3750 superveniet
573 3681 668 3735 tibi
715 3691 976 3751 tamquam
1014 3682 1178 3736 viator
1231 3695 1512 3755 paupertas
1540 3700 1559 3737 :
1598 3685 1799 3754 inapia,

192 3781 463 3843 tamquam
489 3773 655 3827 bonus
681 3783 730 3826 et
759 3772 881 3827 levis
909 3790 1091 3829 cursor
1120 3776 1227 3829 cito
1268 3776 1451 3830 veniet.
1484 3775 1511 3811 ἀ
1547 3775 1603 3832 Si
1632 3791 1798 3831 senex

189 3880 269 3934 es,
299 3870 433 3938 quis
474 3879 529 3923 te
554 3866 833 3936 compellit
871 3876 930 3921 ut
966 3868 1201 3938 vigiles?
1225 3883 1545 3937 quamquam
1583 3879 1640 3923 et
1686 3885 1795 3925 non

187 3962 521 4031 compulsus
554 3976 654 4030 pro
685 3970 847 4016 aetate
875 3970 1056 4017 tamen
1098 3962 1309 4031 vigilas.
1346 3963 1412 4017 Et
1440 3964 1487 4017 si
1515 3972 1660 4018 stare
1689 3980 1795 4019 non

185 4065 367 4123 potes,
399 4066 462 4110 et
499 4065 645 4109 tuam
689 4055 895 4125 cogitas
940 4054 1453 4123 impossibilitatem,
1497 4072 1601 4111 non
1632 4057 1798 4113 debes

177 4147 419 4216 juvenes
480 4157 541 4203 et
584 4147 827 4202 valentes
872 4147 938 4202 ad
989 4156 1140 4203 tuum
1197 4164 1455 4204 revocare
1499 4158 1795 4220 torporem,

180 4252 319 4306 quos
349 4245 592 4308 propter
636 4238 820 4292 varias
860 4238 1190 4295 tentationes
1214 4239 1540 4307 iuventutis,
1589 4242 1799 4312 seipsos

176 4328 655 4400 propensioribus
681 4343 960 4385 macerare
985 4328 1143 4386 decet
1170 4331 1385 4400 vigiliis.

1908 3228 2038 3281 dttm
2076 3237 2236 3281 tunso
2264 3236 2486 3296 pectore
2528 3224 2866 3295 frequentius
2901 3226 3105 3280 clamas
3139 3242 3151 3278 :
3183 3225 3257 3278 Ab
3288 3226 3503 3280 occultis

1907 3322 2034 3374 meis
2063 3320 2258 3373 munda
2280 3335 2381 3385 me,
2414 3318 2658 3383 Domine,
2690 3327 2735 3371 et
2761 3318 2826 3371 ab
2853 3319 3037 3371 alienis
3063 3334 3219 3389 parce
3243 3334 3389 3373 servo
3420 3330 3511 3374 tuo

1908 3409 2133 3482 (Psalm.
2163 3427 2323 3477 xvm,
2356 3410 2468 3481 15).
2495 3410 2595 3476 Qui
2619 3411 2764 3464 enim
2787 3410 2901 3479 jam
2931 3410 3001 3463 ab
3030 3411 3261 3465 occultis
3288 3410 3509 3467 deside-

1907 3513 1995 3559 rat
2019 3505 2302 3560 emundari
2345 3503 2455 3575 [ΑΙ.
2486 3499 2752 3571 purgari],
2784 3516 3013 3558 necesse
3038 3513 3123 3558 est
3155 3513 3212 3558 ut
3250 3519 3374 3560 eum
3402 3519 3512 3562 non

1909 3594 2143 3650 delectet
2171 3595 2293 3649 istis
2319 3593 2555 3649 miseriis
2581 3593 2877 3663 inquinari.

1983 3685 2050 3741 γ.
2083 3685 2195 3740 Res
2218 3694 2243 3731 ε
2276 3684 2467 3755 exigit,
2498 3685 2830 3752 charissimi,
2856 3695 2913 3741 ut
2937 3686 3004 3742 de
3030 3688 3353 3746 auctoritate
3376 3691 3519 3762 vigi-

1909 3779 2130 3848 liarum,
2162 3787 2219 3835 et
2242 3779 2584 3848 antiquitate,
2618 3780 2796 3849 deque
2823 3780 2937 3850 ipsa
2969 3782 3197 3837 utilitate
3228 3798 3397 3853 pauca
3426 3786 3510 3841 di-

1906 3890 2124 3931 camus.
2159 3873 2329 3943 Magis
2372 3875 2516 3928 enim
2558 3874 2787 3943 quilibet
2832 3875 2987 3929 labor
3022 3875 3259 3932 libenter
3286 3878 3515 3949 suscipi-

1906 3976 2015 4035 tur,
2043 3967 2087 4021 si
2117 3976 2241 4020 ante
2262 3966 2453 4021 oculos
2486 3975 2819 4035 proponatur
2849 3966 3020 4036 ipsius
3047 3968 3254 4023 laboris
3281 3970 3523 4028 utilitas.

1907 4061 2142 4131 Antiqua
2156 4059 2557 4131 estvlgiliarum
2576 4060 2815 4124 devotio,
2833 4059 3098 4115 familiare
3115 4062 3319 4116 bonum
3335 4065 3508 4116 omni-

1902 4155 2008 4209 bus
2021 4154 2244 4208 sanctis.
2272 4152 2438 4209 Isaias
2459 4154 2695 4223 denique
2720 4155 2981 4224 propheta
2998 4154 3197 4209 clamat
3213 4154 3278 4208 ad
3296 4154 3467 4209 Deum
3494 4174 3506 4209 :

1899 4246 1982 4302 De
2010 4256 2158 4300 nocte
2196 4245 2377 4317 vigilat
2410 4248 2625 4317 spiritus
2659 4263 2803 4303 meus
2834 4248 2903 4301 ad
2936 4258 3002 4314 te,
3040 4248 3199 4313 Deus,
3246 4249 3493 4318 quoniam

1908 4340 2001 4394 lux
2015 4348 2273 4411 praecepta
2294 4347 2385 4393 tua
2397 4355 2551 4410 super
2568 4348 2757 4394 terram
2784 4337 2918 4409 (lsa.
2942 4355 3093 4409 xxvr,
3120 4338 3201 4410 9).
3226 4338 3395 4393 David
3419 4352 3510 4393 re-

244 4546 270 4609 ἐ
301 4537 473 4591 Duos
498 4532 677 4590 ferme
704 4549 895 4609 versus
913 4535 1021 4609 ab,
1042 4533 1184 4604 Ergo
1210 4534 1343 4609 diem
1368 4538 1803 4609 usqueprtestitit
1830 4540 1882 4601 D
1909 4539 1980 4595 ibi
2012 4542 2226 4609 penitus
2257 4539 2430 4596 deest.
2466 4540 2635 4596 Porro
2668 4541 2859 4595 iterum
2887 4540 3117 4608 plurium
3149 4553 3396 4609 numero,
3435 4540 3501 4595 Si

176 4608 261 4676 qui
312 4609 612 4670 deerant,
668 4620 734 4660 ex
798 4606 1131 4661 Dacheriana
1184 4606 1422 4660 editione
1464 4606 1802 4664 suﬂ'ecimus.

242 4676 268 4717 δ
308 4679 401 4735 Ab
434 4679 539 4732 his
568 4676 780 4741 verbis,
825 4678 868 4729 Α
916 4677 1217 4742 Salomone,
1270 4691 1440 4745 usque
1494 4678 1559 4731 ad
1612 4679 1801 4734 subse-

175 4752 392 4816 quentis
448 4747 683 4820 periodi
736 4747 919 4820 finem,
963 4758 1225 4814 nascatur,
1259 4747 1582 4803 intermedia
1614 4750 1665 4803 in
1698 4749 1801 4803 Da-

177 4818 733 4876 cheriana'editione
760 4818 1161 4873 desiderantur.

244 4904 265 4929 ε
290 4892 463 4962 Apud
507 4888 865 4962 Dacherium,
901 4888 1106 4953 Quanto
1136 4890 1300 4962 magis
1332 4905 1437 4962 nos
1464 4906 1643 4944 sacras
1668 4893 1800 4961 vigi-

181 4958 359 5017 lias...'
377 4967 660 5034 fecundas
690 4958 953 5034 observare
990 4969 1038 5034 et
1067 4958 1517 5034 amaredebemus,
1551 4973 1604 5014 ut
1627 4978 1659 5034 a
1693 4958 1801 5016 Do-

180 5035 311 5089 mino
345 5028 470 5088 Deo
510 5031 809 5086 mercedem
844 5031 1175 5101 recipiamus.
1208 5028 1465 5101 Equidem
1487 5042 1604 5084 sunt
1632 5031 1796 5087 homi-

182 5121 279 5177 nes,
305 5108 399 5177 qui
436 5106 580 5177 ista,
603 5100 981 5177 reprehendunt
1010 5118 1029 5155 :
1050 5101 1138 5155 sed
1170 5117 1209 5177 a_
1228 5100 1336 5169 ﬁde
1364 5100 1617 5177 catholica
1646 5112 1691 5155 et
1718 5120 1798 5177 re-

183 5172 365 5246 ligione
392 5176 581 5231 alieni
601 5182 745 5246 sunt.
780 5172 887 5228 Sed
915 5189 1017 5227 non
1042 5181 1117 5227 est
1142 5173 1349 5237 mirum,
1379 5174 1637 5241 quomodo
1666 5176 1799 5227 enim

182 5245 346 5303 inaniis
374 5258 426 5303 et
462 5245 741 5303 profanis.
774 5254 882 5298 etc.

248 5250 346 5316 piis
374 5258 426 5303 et
461 5248 741 5317 profanis,
774 5254 882 5298 etc.

244 5316 270 5355 ἀ
299 5319 569 5374 Plurium
605 5329 834 5370 numero
863 5314 919 5368 in
943 5313 1275 5369 Dacheriana
1315 5313 1575 5381 editione,
1610 5314 1673 5370 Si
1702 5331 1796 5370 au-

180 5399 269 5444 tem
289 5407 442 5446 senes
478 5395 647 5449 sunt,
676 5389 912 5456 quiseos
940 5385 1222 5455 compellit,
1249 5395 1303 5438 ut
1341 5386 1593 5456 vigilem?
1618 5404 1795 5455 quam-

180 5477 324 5530 quam
351 5472 402 5515 et
446 5476 569 5515 non
605 5455 860 5530 compulsi
896 5456 1111 5527 vigilare
1141 5456 1346 5530 debent,
1375 5455 1469 5528 pro
1506 5459 1623 5526 ipsa
1647 5467 1798 5530 (etate

182 5528 290 5588 tua.
327 5535 504 5595 Tum,
541 5538 599 5583 et
640 5528 923 5581 Dominum
952 5530 1114 5580 Deum
1140 5528 1413 5582 instantius
1438 5546 1607 5583 orare.
1657 5528 1797 5597 Vigi-

182 5604 283 5662 lare
324 5606 514 5675 itaque
547 5600 740 5675 debent
765 5600 1025 5675 sedentes,
1063 5599 1106 5651 si
1144 5609 1279 5675 stare
1321 5616 1422 5652 non
1464 5598 1742 5675 prtevalent
1773 5614 1791 5650 :

218 5694 293 5732 nte
319 5668 734 5733 tantummodo
764 5669 1027 5725 habentur
1066 5684 1165 5738 pro
1194 5671 1512 5737 insequente
1543 5668 1786 5737 periodo,

230 5750 315 5805 tsi
340 5760 489 5806 stare
522 5758 644 5797 non
670 5752 840 5811 polcS,
871 5751 1000 5807 etc.,
1047 5756 1215 5811 usque
1246 5742 1386 5798 decet
1422 5739 1632 5811 vigiliis,
1665 5754 1786 5810 qua:

467 5844 768 5909 Psnon.
817 5834 1037 5919 XXX.

1907 4608 2024 4665 vero
2046 4612 2242 4680 inﬁmi
2270 4622 2407 4675 sunt,
2451 4622 2587 4679 etc.,
2634 4612 2993 4666 cohaerenter.
3042 4608 3303 4677 Denique,
3344 4609 3502 4663 Com-

1908 4682 2146 4737 mendent
2172 4685 2327 4737 etiam
2367 4683 2723 4752 vigilantibus,
2752 4693 2809 4734 ut
2844 4697 2930 4734 eos
2954 4681 3060 4752 suis
3102 4680 3356 4746 precibus,
3386 4689 3491 4737 etc.

1982 4763 2003 4790 ε
2028 4752 2260 4808 Additur
2283 4751 2449 4822 penes
2474 4752 2818 4816 Dacherium,
2841 4767 2872 4802 a
2892 4751 3159 4822 religione,
3182 4758 3235 4822 et
3257 4765 3384 4822 mo;
3410 4752 3500 4804 de-

1904 4823 2077 4878 bemus
2107 4842 2211 4878 non
2246 4819 2491 4887 invidere,
2518 4823 2607 4876 sed
2632 4820 2980 4891 congratulari
3007 4819 3313 4887 potentibus.
3342 4820 3493 4878 Sicut

1903 4897 2043 4949 enim
2062 4897 2149 4963 qui
2187 4896 2437 4947 consentit
2467 4892 2698 4957 malitiae,
2734 4893 2986 4963 pgrticeps
3024 4898 3098 4942 est
3126 4904 3313 4963 poema.
3346 4891 3485 4951 Male

1902 4960 2083 5018 autem
2118 4964 2276 5031 paulo
2306 4973 2446 5031 post,
2479 4973 2691 5015 coronat
2714 4960 2931 5026 affectus
2952 4975 3049 5027 pro
3080 4960 3311 5031 effectus.

1981 5033 1999 5071 ι
2030 5030 2137 5087 Pro
2183 5030 2482 5093 oscitamus,
2523 5032 2576 5086 in
2619 5032 2847 5084 Dacher.
2894 5032 3022 5083 edit.
3068 5030 3278 5087 duobus
3308 5035 3486 5092 verbis

1900 5105 2095 5160 obsessi
2145 5103 2398 5155 laetamur.
2442 5101 2590 5166 Mox,
2635 5100 2869 5173 confusio
2908 5117 3023 5171 qua:
3060 5101 3269 5156 adducit
3308 5122 3489 5173 pecca-

1901 5186 2030 5229 tum.
2064 5173 2289 5233 Deinde,
2313 5174 2357 5225 si
2386 5174 2548 5244 sancti
2589 5172 2730 5237 estis,
2756 5178 2924 5244 amate
2947 5174 3171 5243 vigilias,
3209 5172 3339 5244 etc.,
3368 5177 3488 5243 plu-

1900 5249 2044 5301 rium
2087 5258 2313 5299 numero
2352 5243 2693 5296 continenter
2732 5252 2788 5297 et
2836 5242 3078 5309 infeiius,
3121 5256 3179 5297 ut
3217 5242 3488 5299 tundentes

1899 5326 2107 5387 pectora
2138 5315 2451 5387 frequentius
2474 5311 2713 5387 clametis
2735 5314 2802 5366 ad
2821 5311 3094 5369 Dominum
3126 5330 3189 5367 ea;
3209 5325 3314 5367 toto
3334 5318 3487 5369 corde

1901 5383 2165 5441 dicentes:
2193 5385 2266 5438 ΑΙ)
2298 5383 2530 5449 occultis,
2563 5392 2668 5437 etc.

1977 5467 2001 5503 ετ
2032 5457 2086 5511 In
2132 5456 2373 5511 Dacherii
2396 5454 2526 5527 edit.
2553 5453 2778 5527 Tempus
2801 5455 2955 5527 exigit
2979 5471 2998 5509 :
3018 5470 3085 5510 ex
3113 5466 3227 5527 qua
3247 5458 3301 5527 et
3318 5449 3485 5507 suffe-

1902 5528 2077 5582 cimus
2104 5529 2265 5595 paulo
2308 5535 2427 5592 post
2448 5525 2769 5595 adverbium
2800 5520 3035 5591 libénter,
3085 5520 3229 5591 quod
3271 5520 3481 5595 deerat.

1901 5599 2023 5651 Mox
2052 5593 2194 5662 quod
2225 5599 2278 5649 in
2301 5612 2363 5650 ea
2394 5594 2632 5659 additur,
2664 5596 2872 5665 spiritu,
2901 5597 2990 5651 ubi
3017 5598 3237 5657 dicitur,
3270 5593 3410 5660 regio
3438 5606 3489 5648 et

1896 5667 2222 5737 prophetico,
2247 5666 2567 5739 glossatoris
2596 5675 2677 5723 est
2700 5665 2913 5721 vitium.

2955 5832 2998 5897 8
