4030 6280
556 266 663 325 255

1587 263 1645 319 S.
1687 259 2079 318 IIIERONYMI
2116 256 2407 317 OPERUM
2447 254 2812 317 MANTISSA.

3754 261 3857 319 258

551 387 639 455 gio
668 391 720 437 et
750 380 1073 452 prophetico
1115 376 1491 434 sanctilicatus
1524 385 1824 447 unguento,
1860 375 1930 430 ita
1964 376 2113 429 canit
2140 388 2153 428 :
2186 379 2236 437 A
2333 373 2444 428 VII.
2481 372 2587 429 Sed
2611 389 2640 427 a
2671 371 2947 428 veteribus
2976 371 3257 427 veniamus
3286 368 3352 428 ad
3382 384 3518 427 nova
3556 389 3569 427 :
3603 370 3676 431 de
3704 376 3861 431 mini-

566 475 803 539 Domine,
837 473 974 527 Deut
1003 469 1182 523 salutis
1209 484 1334 523 mea:
1362 485 1380 525 :
1409 469 1461 522 in
1483 467 1567 521 die
1580 465 1797 520 clamavi
1829 473 1877 518 et
1901 475 2048 519 nocte
2072 480 2156 516 ro-

562 580 676 621 ram
699 575 743 619 te
777 564 945 634 (Psal.
980 575 1223 629 uxxvu,
1251 561 1332 631 2).
1368 562 1435 615 Et
1464 560 1519 615 in
1546 562 1653 613 alio
1674 562 1884 629 psalmo
1916 576 1928 611 :
1958 555 2159 611 Memor

568 658 647 729 fui
678 651 783 728 [AL
812 652 1282 722 Memoratussnm}
1306 658 1453 705 nocte
1478 652 1697 703 nominis
1721 650 1817 713 tni,
1846 645 2085 711 Domine,
2112 657 2159 701 et

561 748 815 803 custodiat
842 746 1005 817 legem
1030 754 1171 799 tuam
1193 742 1369 817 (Psal.
1394 756 1579 808 cxvm,
1606 740 1717 811 55).
1750 749 1776 778 ει
1798 740 1907 796 Sed
1934 741 2154 794 forsitan

561 838 617 893 in
651 836 851 894 lectulo
879 850 980 891 suo
1008 838 1219 906 positus
1244 836 1364 889 haec
1392 832 1645 887 cantabat
1679 850 1690 884 :
1724 832 1867 901 quod
1896 829 2158 900 aliquanti

562 928 829 999 pigriores
868 927 1121 982 sufﬁcere
1161 930 1515 996 putaverunt,
1550 924 1594 978 si
1642 932 1851 977 tantum
1890 923 1945 976 in
1980 929 2158 976 stratu

558 1035 662 1077 suo
690 1030 785 1075 aut
805 1030 923 1074 oret
947 1016 1341 1089 unusquisque,
1376 1026 1469 1083 aut
1501 1016 1777 1085 psalmum
1810 1018 2159 1070 submurmu-

559 1127 661 1171 ret.
694 1114 849 1182 Quod
880 1114 1102 1183 quidem
1131 1120 1188 1168 et
1216 1114 1393 1183 ipsum
1425 1112 1625 1165 bonum
1655 1117 1738 1164 est
1771 1127 1783 1160 :
1815 1109 1909 1163 Dei
1943 1122 2158 1177 semper

556 1218 611 1262 et
641 1206 844 1275 ubique
874 1204 1211 1270 meminisse,
1243 1204 1481 1257 salutare
1514 1208 1617 1255 est.
1648 1198 1753 1255 Sed
1781 1198 1929 1269 quod
1952 1199 2022 1252 sit
2046 1212 2159 1252 me-

555 1297 660 1350 lius
688 1308 992 1364 exsurgere
1015 1301 1071 1346 et
1095 1291 1416 1361 conspectui
1442 1290 1634 1343 divino
1656 1286 1939 1356 assistere,
1974 1288 2159 1355 accipe

558 1388 805 1458 ejusdem
841 1385 1131 1456 Propheta:
1162 1384 1326 1437 aliam
1355 1396 1567 1447 vocem,
1597 1395 1720 1451 qua:
1756 1389 1813 1435 et
1850 1391 2069 1449 tempus
2105 1388 2160 1432 et

562 1483 743 1535 locum
773 1488 828 1532 et
855 1477 1098 1532 habitum
1128 1474 1478 1545 deprecantis
1498 1472 1773 1529 ostendit:
1806 1473 1873 1527 In
1902 1471 2155 1539 noctibtts,

561 1578 613 1626 in
638 1582 754 1641 tua,
779 1570 1016 1626 extollite
1046 1585 1228 1623 manus
1249 1578 1445 1622 vestras
1473 1568 1528 1620 in
1556 1576 1761 1632 sancta,
1792 1575 1839 1620 et
1874 1564 2159 1620 benetlicite

562 1665 844 1719 Dominum
879 1663 1128 1735 (Psalm.
1181 1675 1407 1727 csxstn,
1440 1660 1542 1730 2).
1594 1660 1662 1713 Et
1704 1675 1771 1713 ne
1821 1658 2159 1727 vespertinas

2262 469 2386 523 stris
2417 464 2576 537 Legis
2614 462 2681 521 ad
2718 467 3001 522 ministros
3051 463 3329 535 Evangelii
3364 485 3375 518 :
3407 464 3475 522 de
3520 481 3665 522 novo
3698 467 3858 525 etiam

2260 558 2608 616 Testamento
2630 554 2930 629 vigiliarum
2951 560 3120 631 gratia
3143 558 3512 629 consignetnr.
3541 562 3697 616 Anna
3726 561 3860 616 Pha-

2262 654 2438 707 nuelis
2490 652 2594 706 lilia
2639 654 2824 715 vidua,
2866 650 3142 707 continuis
3172 651 3513 707 oratiunibus
3557 664 3611 707 et
3638 653 3857 724 jejuniis

2264 745 2489 798 Domino
2511 742 2617 816 [ΑΙ.
2649 752 2782 798 tacet
2808 741 3338 817 Domino]serviens,
3365 761 3471 801 non
3504 745 3859 804 tEdiscessisse

2261 834 2329 891 de
2351 836 2553 906 templo
2574 836 2665 889 die
2686 851 2747 891 ac
2774 842 2934 890 nocte
2964 836 3015 892 in
3044 834 3340 907 Evangeiio
3362 837 3579 907 legitur.
3601 837 3857 895 Pastorcs

2260 927 2336 982 illi
2372 928 2722 994 sanctissimi,
2771 926 2899 981 dum
2945 936 3115 996 super
3154 942 3348 998 greges
3394 942 3523 983 suos
3568 940 3860 986 nocturnas

2259 1026 2519 1074 exercent
2545 1018 2781 1087 vigilias,
2811 1029 2863 1073 et
2895 1020 3115 1089 angelos
3143 1019 3197 1073 in
3243 1020 3539 1091 Splendore
3568 1023 3782 1091 videre,
3808 1032 3859 1079 et

2255 1110 2531 1165 Christum
2558 1124 2739 1164 natum
2767 1112 2818 1165 in
2849 1110 3008 1166 terris
3032 1111 3266 1181 primum
3296 1113 3486 1168 audire
3510 1125 3854 1171 meruerunt.

2258 1204 2377 1260 1am
2409 1218 2545 1259 vero
2568 1204 2839 1258 institutio
2872 1204 3173 1260 Salvatoris
3213 1218 3394 1262 nonne
3438 1215 3545 1262 tota
3578 1209 3859 1275 diligentia

2259 1299 2327 1352 ad
2357 1296 2689 1367 vigilandum
2712 1298 2989 1353 auditores
3013 1300 3308 1353 exsuscitat
3340 1317 3351 1353 :
3379 1298 3493 1355 sive
3518 1301 3571 1355 in
3602 1301 3863 1371 parabola

2260 1388 2386 1444 boni
2418 1390 2766 1443 scininatoris
2798 1389 3032 1444 dicentia
3064 1388 3187 1461 [ΑΙ.
3221 1390 3498 1461 docendo]
3524 1407 3538 1445 :
3566 1388 3713 1445 Dum
3744 1394 3867 1447 dor-
3955 1382 3962 1391 ’

2260 1482 2446 1535 mirent
2488 1484 2737 1548 homines,
2785 1482 2921 1535 venit
2960 1486 3132 1537 malus
3156 1482 3328 1547 homo,
3360 1492 3406 1538 et
3435 1486 3866 1552 superscminarit

2258 1577 2467 1629 zizania
2501 1577 2552 1629 in
2597 1577 2844 1642 triticum,
2876 1587 2922 1630 et
2946 1576 3071 1629 abiit
3104 1574 3283 1649 (Matt.
3329 1591 3448 1647 xm,
3476 1576 3596 1647 2|).
3633 1578 3792 1645 Quod
3822 1581 3862 1633 si

2262 1683 2367 1721 non
2398 1667 2749 1733 dormissent,
2778 1681 2877 1722 nec
2903 1667 3077 1721 malus
3102 1666 3333 1723 fortasse
3355 1668 3559 1722 zizania
3592 1672 3867 1726 seminare

562 1770 775 1813 tantum
822 1758 989 1811 horas
1021 1756 1196 1809 noctis
1242 1754 1525 1809 existimes
1568 1751 1889 1821 appellatas,
1920 1751 2159 1803 occurrit

2267 1760 2531 1828 potuisset
2564 1777 2576 1813 :
2610 1760 2729 1815 sive
2753 1774 2876 1813 cum
2908 1759 3039 1813 dicit
3065 1775 3077 1812 :
3116 1758 3240 1813 Sint
3264 1758 3426 1813 lumbi
3455 1761 3612 1814 vestri
3645 1762 3864 1829 prtrcin-

558 1863 612 1908 et
635 1853 769 1905 dicit
796 1867 808 1901 :
846 1847 1020 1902 Media
1049 1856 1194 1900 nocte
1220 1843 1513 1918 surgebam,
1555 1854 1613 1898 ut
1648 1843 1922 1912 conﬁterer
1952 1843 2043 1894 tibi
2073 1856 2161 1894 su-

559 1959 650 2014 per
662 1941 868 2014 judicia
900 1940 1113 2005 iustitia:
1140 1946 1243 1990 tua:
1276 1937 1507 2005 (Psalm.
1537 1948 1722 1999 cxvm,
1754 1933 1870 2000 62).
1904 1930 2082 1986 Habes
2106 1941 2161 1985 et

563 2049 775 2103 tempus
824 2046 1145 2101 expressum
1196 2028 1549 2098 exsurgendi,
1604 2038 1658 2082 et
1703 2026 2155 2093 sollicitudinem,

554 2126 829 2198 quomodo
858 2126 970 2179 Deo
999 2124 1330 2187 conlitearis,
1370 2129 1665 2176 ostensam.

631 2219 720 2273 Vl.
756 2220 945 2273 Adhuc
975 2216 1350 2272 consideranti
1385 2215 1519 2268 inihi
1546 2214 1907 2270 intentionem
1939 2224 2157 2267 sancto-

557 2329 695 2377 rnm,
726 2312 901 2381 majus
930 2310 1135 2378 aliquid
1161 2318 1217 2364 et
1249 2308 1579 2361 laboriosius
1613 2308 1876 2371 occurrit,
1920 2317 1975 2360 et
2015 2308 2160 2360 ultra

564 2408 816 2463 humana:
847 2414 1055 2458 natura:
1090 2401 1460 2457 conditionem
1492 2400 1822 2469 suggeritur,
1854 2414 1979 2453 cum
2010 2414 2162 2454 cum-

556 2500 678 2555 deut
725 2500 887 2554 audio
934 2497 1267 2567 Prophetam
1332 2494 1651 2563 psallentem
1707 2511 1719 2546 :
1770 2492 1835 2549 Si
1884 2496 2161 2549 escendero

563 2594 621 2646 in
673 2602 892 2645 stratum
919 2591 1037 2643 lecti
1068 2589 1182 2655 mei,
1220 2588 1264 2640 si
1311 2588 1503 2641 dedero
1550 2602 1790 2641 somnum
1844 2588 2007 2642 oculis
2036 2591 2160 2643 meis

560 2696 608 2737 et
653 2683 915 2755 palpebris
960 2681 1087 2733 meis
1115 2679 1554 2743 dormitationem,
1608 2688 1658 2733 et
1699 2681 1929 2749 requiem
1968 2688 2163 2750 tempo-

560 2772 703 2826 ribus
755 2773 924 2825 meis:
957 2771 1119 2823 donec
1168 2771 1426 2823 inveniam
1466 2771 1640 2823 locum
1692 2768 1951 2836 Domino,
1993 2771 2159 2824 taber-

564 2864 811 2917 nmium
842 2861 952 2915 Deo
1004 2859 1171 2915 Jacob
1213 2860 1444 2933 (Psalm.
1489 2876 1685 2927 cum,
1734 2862 1769 2916 5
1812 2864 2001 2931 seqq).
2034 2862 2164 2929 Quis

565 2956 711 3013 enim
740 2953 768 2992 δ
805 2962 1015 3009 tantum
1038 2969 1148 3008 non
1176 2963 1391 3023 stupent
1413 2953 1506 3007 Dei
1532 2969 1775 3008 antorem
1798 2963 1855 3008 et
1878 2956 2047 3009 animi
2070 2954 2165 3010 de-

571 3047 873 3110 votionem,
907 3055 967 3099 ut
995 3060 1248 3100 somnum
1280 3044 1407 3105 sibi.
1431 3046 1549 3098 sine
1575 3060 1685 3113 quo
1712 3045 1945 3097 humana
1980 3045 2161 3114 utique

2264 1851 2352 1914 rti,
2382 1860 2428 1903 et
2452 1851 2673 1903 lucerna:
2712 1851 2948 1904 ardentes
2985 1849 3040 1903 in
3080 1850 3316 1903 manibus
3342 1850 3521 1904 vestris
3551 1867 3570 1904 :
3596 1859 3648 1904 el
3675 1866 3765 1905 vos
3789 1853 3861 1905 si-

2263 1944 2409 1995 miles
2439 1950 2595 1995 estote
2618 1940 2910 1995 hominibus
2930 1941 3344 2011 exspectantibus
3372 1940 3652 1994 Dominam
3682 1958 3852 2008 suum,

2262 2034 2471 2105 Quando
2492 2042 2779 2087 revertatur
2800 2050 2832 2087 a
2849 2035 3067 2104 nuptiis.
3101 2030 3251 2087 Beati
3275 2035 3405 2087 servi
3430 2032 3530 2102 illi,
3564 2051 3719 2105 quos,
3751 2052 3865 2089 ωιτη

2261 2127 2454 2179 venerit
2482 2124 2757 2193 Dominus,
2783 2126 3031 2178 invenerit
3057 2125 3349 2196 vigilantes.
3380 2124 3449 2179 Et
3473 2127 3515 2179 si
3552 2127 3860 2194 vespertina,

2264 2220 2457 2287 inquit,
2479 2217 2610 2269 hora
2636 2218 2849 2279 venerit,
2876 2218 2921 2269 si
2956 2216 3124 2270 media
3156 2225 3322 2281 nocte,
3355 2218 3400 2269 si
3433 2214 3565 2288 galli
3592 2230 3771 2285 cantu,
3809 2227 3868 2273 et

2262 2310 2511 2363 invenerit
2539 2309 2647 2380 [ΑΙ.
2683 2309 2943 2380 inveniat]
2966 2324 3051 2363 eos
3073 2311 3364 2381 vigilantes,
3391 2310 3523 2366 beati
3554 2322 3691 2366 sunt.
3724 2309 3745 2363 1
3754 2312 3871 2365 llud

2263 2414 2434 2457 autem
2463 2405 2662 2466 scitote,
2688 2404 2808 2467 quia
2829 2404 2873 2456 si
2899 2404 3049 2457 sciret
3072 2404 3466 2475 paterfamilias,
3492 2420 3596 2472 qua
3616 2404 3753 2458 hora
3782 2405 3868 2475 for

2264 2496 2481 2559 veniret,
2514 2494 2746 2565 i-igilaret
2766 2496 2959 2564 utique,
2984 2505 3032 2551 et
3060 2511 3164 2549 non
3189 2497 3377 2551 sineret
3405 2494 3613 2566 perfodi
3652 2497 3869 2551 dmnum

2265 2600 2430 2640 suam.
2459 2587 2482 2639 Ι
2494 2596 2644 2657 taque
2673 2592 2722 2640 et
2756 2570 2841 2639 vos
2871 2594 3027 2640 estote
3047 2589 3218 2659 parati
3250 2600 3268 2642 :
3295 2590 3420 2659 quia
3444 2604 3547 2658 qua
3588 2587 3725 2641 liora
3764 2605 3870 2642 non

2264 2680 2479 2749 putatis,
2504 2680 2644 2744 ﬁlius
2663 2678 2885 2732 hominis
2908 2686 3149 2734 venturas
3170 2680 3413 2751 est(Lac.
3437 2692 3537 2743 xu,
3564 2681 3636 2735 35
3666 2679 3865 2752 seqq).

2265 2770 2375 2826 Nec
2405 2771 2581 2825 solum
2624 2772 2807 2826 verbis
2846 2772 3030 2826 docuit
3072 2773 3281 2843 vigilias
3309 2790 3323 2832 :
3358 2775 3453 2829 sed
3484 2774 3649 2829 etiam
3680 2775 3871 2829 docuit

2266 2864 2541 2929 exemplo.
2586 2861 2829 2930 Namque
2858 2870 3087 2916 testatur
3117 2863 3170 2916 in
3212 2864 3507 2932 Evangelio
3539 2882 3552 2918 :
3582 2865 3725 2931 Quia
3760 2877 3872 2919 erat

2265 2954 2422 3010 Iesus
2437 2968 2743 3023 pernoctans
2764 2958 2817 3009 in
2832 2958 3062 3010 oratione
3080 2956 3188 3027 [AL
3211 2956 3336 3011 add.
3354 2955 3472 3029 Dei]
3487 2955 3640 3027 (an.
3659 2972 3734 3024 vt,
3752 2960 3842 3028 12)
3854 2998 3871 3012 .

2272 3049 2633 3103 i‘ernoctabat
2664 3050 2940 3114 ltontinus,
2980 3065 3087 3103 non
3113 3050 3241 3113 silui,
3276 3050 3372 3104 sed
3403 3059 3461 3103 ut
3489 3052 3693 3105 scirent
3724 3052 3871 3107 servi

560 3152 789 3208 corpora
817 3136 1098 3204 dentium,
1126 3134 1342 3205 ρωιὶιιιε
1369 3135 1714 3190 interdum“
1738 3152 1751 3188 ι
1779 3135 1957 3190 donec
1979 3139 2161 3191 locum
2186 3140 2233 3201 C
2269 3143 2463 3212 inopes
2502 3148 2558 3196 et
2589 3141 2785 3196 inﬁrmi
2827 3144 2956 3212 quid
2986 3157 3146 3212 agerc
3174 3141 3435 3197 deberent
3460 3160 3475 3197 ε
3509 3144 3728 3211 quando
3761 3146 3873 3200 Do—

558 3231 630 3290 ud
658 3230 787 3303 [ΑΙ.
828 3228 936 3299 ac)
973 3229 1232 3297 templum
1274 3228 1504 3283 Domino
1541 3226 1921 3283 fabricandum
1962 3246 2058 3285 rex
2110 3240 2165 3285 et

567 3326 833 3395 propheta
864 3323 1136 3393 reperiet?
1163 3322 1293 3389 Qui
1326 3337 1417 3376 res
1460 3335 1561 3376 nos
1589 3320 1753 3376 debet
1782 3321 2013 3376 ﬁrmiter
2051 3322 2161 3395 [ΑΙ.

562 3414 819 3486 fortiter]
859 3414 1205 3470 admonere:
1253 3422 1313 3467 ut
1361 3416 1411 3467 si
1452 3413 1552 3482 ipsi
1594 3413 1748 3467 locus
1788 3412 2003 3468 Datami
2042 3424 2165 3469 esse

570 3511 841 3574 volumus,
870 3516 928 3564 et
952 3506 1367 3563 tabernaculum
1391 3504 1513 3575 ejus
1536 3520 1602 3560 ac
1628 3504 1892 3575 templum
1917 3507 2165 3576 cupimus

565 3602 753 3657 haberi
789 3607 1110 3670 perpetuum
1142 3615 1155 3651 :
1186 3601 1331 3653 sicut
1350 3596 1548 3652 Paulus
1570 3597 1785 3664 asserit,
1808 3596 2028 3651 dicens:
2065 3596 2165 3651 Vos

567 3694 692 3747 suis
724 3693 976 3759 templum
1005 3690 1103 3745 Dei
1132 3691 1233 3745 vivi
1259 3689 1279 3761 ί
1304 3689 1346 3744 ll
1375 3688 1497 3745 Cor.
1529 3705 1605 3755 v1,
1637 3689 1746 3759 16)
1776 3705 1791 3745 :
1824 3691 1879 3744 in
1905 3700 2161 3760 quantum

564 3798 860 3856 possumus
897 3782 1152 3850 exemplo
1200 3790 1537 3847 sanctorum,
1582 3781 1798 3851 vigilias
1826 3782 2160 3853 diligamus:

563 3894 635 3934 ac
663 3878 734 3933 de
763 3875 918 3930 nobis
939 3875 1175 3941 dicatur,
1210 3884 1268 3929 ut
1300 3874 1547 3943 psallitur
1575 3874 1685 3946 [ΑΙ.
1722 3884 1851 3929 tacet
1886 3888 1942 3930 ut
1971 3878 2165 3948 psalli-

562 3970 672 4042 tur]
705 3989 719 4025 :
746 3968 1078 4023 Dormierunt
1128 3983 1370 4022 somnum
1416 3948 1567 4021 suurn
1594 3983 1613 4022 :
1635 3976 1682 4021 et
1703 3968 1838 4021 nihil
1860 3969 2165 4024 invenerunt

562 4064 621 4119 iis
646 4062 886 4118 manibus
916 4062 1028 4116 suis
1059 4059 1289 4133 (Psalm.
1333 4076 1493 4125 uxv,
1529 4060 1609 4131 6).
1654 4062 1793 4127 Quin
1828 4061 2006 4131 potius
2042 4078 2166 4131 gra-

564 4153 895 4211 tulabundus
919 4152 1026 4225 [AL
1059 4151 1191 4205 add.
1218 4148 1485 4217 vestrum]
1532 4152 1903 4221 unusquisque
1934 4156 2047 4219 jam
2079 4152 2163 4206 di-

561 4258 659 4305 cat
689 4265 703 4302 :
737 4246 804 4300 In
828 4247 909 4300 die
936 4244 1285 4299 tribulationis
1309 4261 1434 4300 mea:
1460 4243 1631 4297 Deum
1656 4246 1909 4315 exquisivi
1931 4246 2165 4299 manibus

563 4342 692 4396 nteit
718 4350 869 4394 nocte
895 4355 1073 4393 eorum
1114 4355 1197 4403 eo,
1232 4346 1278 4392 et
1312 4355 1417 4391 non
1453 4354 1567 4392 sunt
1612 4338 1874 4405 deceptus.
1907 4338 2047 4404 Quia
2075 4342 2164 4394 bo-

564 4451 687 4489 num
714 4444 788 4487 est
829 4431 1063 4501 conﬁteri
1092 4429 1341 4495 Domino,
1371 4440 1419 4483 et
1462 4428 1685 4498 psallere
1716 4432 1912 4485 nomini
1939 4445 2051 4498 tuo,
2074 4434 2166 4487 Al-

2265 3236 2444 3287 minus
2474 3232 2629 3286 dives
2658 3234 2709 3285 in
2737 3234 3013 3297 omnibus,
3050 3248 3149 3288 nec
3172 3234 3337 3287 ullius
3380 3233 3655 3304 indigens,
3696 3250 3857 3302 uuam

2264 3322 2561 3377 fortissime
2589 3336 2683 3390 per
2713 3330 2929 3377 noctem
2958 3326 3008 3377 in
3032 3325 3280 3379 oratione
3301 3324 3542 3378 duraret.
3568 3324 3667 3381 Sic
3687 3336 3741 3382 et
3772 3326 3857 3382 in-

2262 3424 2451 3485 crepat
2480 3415 2699 3469 Petrum
2731 3399 2974 3483 tempore
3004 3416 3296 3484 passionis,
3330 3417 3520 3471 dicens
3551 3432 3566 3472 ε
3610 3432 3717 3473 non
3763 3434 3858 3488 po-

2264 3509 2411 3562 tuisti
2438 3522 2544 3561 una
2570 3507 2703 3561 liora
2722 3509 2933 3579 vigilare
2961 3520 3157 3562 mecum
3184 3508 3378 3579 (Marc.
3409 3522 3517 3575 xiv,
3548 3511 3681 3583 δην
3709 3508 3774 3567 Et
3799 3515 3869 3569 ad

2266 3614 2457 3655 omnes
2478 3599 2588 3668 jam
2619 3600 2751 3654 dicit
2784 3618 2796 3654 :
2840 3599 3069 3670 Vigilate
3087 3612 3131 3653 et
3161 3610 3324 3668 orate,
3360 3616 3424 3657 ne
3451 3603 3652 3659 intretis
3682 3598 3736 3658 in
3760 3613 3874 3659 ten-

2267 3694 2534 3745 tatiouem.
2564 3692 2691 3746 Haec
2736 3694 2921 3757 verba,
2958 3691 2985 3729 ἀ
3022 3697 3139 3749 hac
3174 3707 3228 3749 et
3278 3695 3547 3765 ejustnndi
3589 3698 3869 3769 exempla,

2266 3799 2367 3839 oro
2407 3799 2535 3851 vos,
2584 3798 2743 3853 quem
2794 3798 2899 3838 non
2944 3786 3010 3839 de
3056 3785 3327 3854 profundo
3363 3789 3527 3852 etiam
3570 3800 3766 3845 somno
3812 3801 3870 3846 et

2269 3877 2432 3933 morti
2462 3878 2740 3932 simillimo
2767 3877 2988 3933 valeant
3010 3880 3315 3935 suscitare?

2340 3970 2475 4025 VIII.
2509 3970 2601 4025 His
2630 3971 2850 4025 intructi
2881 3972 3245 4038 sermonibus,
3293 3974 3375 4028 liis
3411 3974 3723 4031 continuati
3765 3973 3869 4031 do-

2268 4067 2537 4122 cumentis
2562 4067 2703 4121 beati
2727 4069 2981 4137 apostoli,
3016 4075 3070 4122 et
3097 4067 3198 4136 ipsi
3230 4067 3540 4137 vigilarunt,
3565 4078 3622 4125 et
3650 4068 3864 4137 vigilias

2270 4162 2628 4229 imperarunt.
2655 4161 2846 4214 Petrus
2880 4169 3045 4215 noctu
3074 4160 3180 4230 [ΑΙ.
3211 4168 3343 4212 tacet
3373 4158 3556 4230 noctu]
3579 4160 3648 4215 ab
3663 4160 3862 4230 angelo

2272 4256 2325 4309 in
2355 4268 2587 4308 carcere.
2615 4254 2924 4316 suscitatur,
2958 4265 3013 4305 et
3051 4252 3175 4319 ipso
3197 4261 3478 4307 reseranle
3508 4261 3719 4322 portam
3760 4249 3866 4306 ler-

2277 4361 2451 4409 ream,
2498 4346 2548 4398 in
2579 4345 2802 4397 domum
2835 4344 3016 4397 Mariae
3062 4342 3330 4412 pervenit,
3380 4342 3468 4397 ubi
3512 4353 3665 4397 erant
3712 4346 3864 4398 multi

2269 4437 2578 4505 Congregati
2606 4452 2619 4489 :
2648 4450 2752 4488 non
2786 4444 3081 4489 stertentes
3114 4432 3221 4505 [ΑΙ.
3251 4433 3613 4506 dormientes]
3646 4434 3856 4504 utique,

564 4532 778 4585 tissime.
807 4530 890 4582 Ad
916 4527 1336 4581 annuntiaudum
1368 4541 1519 4579 mane
1546 4526 1962 4581 misericordiam
1991 4538 2155 4599 tuam,
2190 4520 2245 4581 Ι)
2267 4530 2361 4583 sed
2394 4538 2631 4581 orantes.
2668 4526 2811 4581 Idem
2843 4526 2897 4580 in
2939 4540 3036 4579 sua
3078 4526 3315 4595 Epistula
3364 4526 3539 4593 ponit,
3572 4540 3636 4579 ac
3678 4523 3814 4579 dicit
3848 4542 3863 4579 :

566 4632 616 4677 et
638 4624 904 4677 veritatem
936 4629 1079 4673 tuam
1105 4633 1194 4685 per
1214 4623 1415 4669 noctem
1445 4615 1669 4687 (Psalm.
1706 4633 1887 4687 um,
1914 4622 1949 4676 ὅ
1969 4625 2158 4693 seqq.).

568 4715 695 4769 llzrc
720 4722 774 4768 et
798 4709 1114 4782 itujusmodi
1136 4718 1278 4763 tanta
1306 4721 1370 4762 ac
1403 4708 1527 4763 talia
1558 4708 1679 4763 ideo
1697 4713 1867 4766 sancti
1897 4710 2003 4784 [ΑΙ.
2032 4716 2158 4771 add.

556 4806 660 4877 illi]
689 4807 1008 4861 cecinerunt
1035 4809 1089 4857 ct
1130 4801 1331 4871 scripta
1362 4800 1720 4872 reliquerunt,
1761 4811 1819 4858 ut
1846 4820 1945 4859 nos
1971 4821 2159 4862 eorum

562 4901 762 4969 posteri
810 4901 1033 4970 paribus
1064 4897 1431 4953 excitarentur
1468 4897 1734 4967 exemplis
1768 4898 1838 4953 ad
1877 4900 2159 4956 celebran-

560 4994 684 5048 dam
716 4996 876 5048 etiam
910 4992 1165 5047 noctibus
1197 4999 1397 5045 nostrtc
1418 4989 1610 5045 salutis
1640 4991 1916 5048 excubias.

629 5113 657 5141 ι
687 5105 819 5171 Qtue
863 5102 988 5158 hinc
1024 5104 1442 5174 subsequuntur
1473 5117 1571 5171 per
1597 5105 1805 5160 solidos
1841 5120 1935 5161 sex
1967 5120 2161 5162 versus

555 5191 726 5246 usque
767 5174 835 5227 ad
875 5176 1143 5241 assistere,
1186 5177 1243 5229 in
1283 5174 1627 5230 Daeberiana
1662 5177 1903 5234 editione
1941 5179 2160 5233 deside-

554 5260 765 5303 rantur.

621 5318 650 5357 ι
704 5315 915 5387 Εαάριη
957 5312 1091 5368 edit.
1139 5312 1266 5379 Quis
1316 5330 1424 5372 non
1463 5325 1670 5387 stupent
1718 5327 1915 5372 tantum
1959 5320 2014 5372 in
2058 5317 2155 5372 Dei

555 5405 729 5444 amore
755 5386 919 5440 animi
948 5386 1294 5439 devotionem.

627 5471 652 5499 ο
682 5460 1043 5531 ιὺίιιειῃιιιοη
1072 5457 1309 5511 discessit
1338 5462 1401 5514 de
1444 5462 1655 5531 tmtplo.
1686 5459 1752 5514 In
1781 5460 2045 5528 evangelio
2077 5462 2153 5512 le-

552 5534 691 5601 gitur
722 5530 861 5599 quod
896 5526 1166 5601 Pastores,
1196 5540 1301 5601 etc.
1341 5531 1469 5585 Inde
1498 5526 1557 5585 et
1586 5534 1810 5587 verbum
1844 5526 2014 5583 videre
2044 5534 2155 5583 sul-

546 5598 793 5671 fecimus,
836 5598 982 5667 quod
1017 5599 1230 5671 deerat.
1254 5599 1432 5671 Paulo
1454 5611 1601 5670 post,
1637 5600 1736 5666 Qui
1759 5603 1803 5655 si
1834 5602 2151 5671 vigilassent,

565 5686 667 5728 πο,
704 5670 855 5733 Quod
888 5670 930 5720 si
963 5683 1065 5720 non
1096 5668 1425 5724 dormissent.
1457 5668 1594 5727 Tum
1626 5676 1737 5727 duo
1771 5668 1958 5735 verba,
1992 5682 2154 5725 estote

564 5738 864 5804 luminibus,
906 5736 1196 5791 ac'deindc
1229 5737 1439 5809 integra
1485 5741 1763 5812 periocha,
1799 5741 1945 5797 Illud
1980 5753 2152 5795 autem

2271 4620 2445 4675 Sobrii
2477 4627 2653 4683 estote,
2684 4632 2745 4671 ac
2774 4619 3003 4685 vigilate,
3039 4617 3162 4687 quia
3189 4617 3516 4670 adversarius
3557 4626 3721 4671 vester
3748 4616 3864 4670 dia-

2270 4712 2419 4766 bolus
2448 4722 2705 4778 tamquam
2732 4711 2806 4763 Ιιό
2832 4711 3036 4780 rugiens
3058 4710 3317 4775 circumit,
3346 4726 3579 4780 quwrens
3603 4727 3757 4779 quem
3788 4713 3865 4766 de-

2268 4816 2408 4859 voret
2441 4804 2549 4875 [AL
2578 4800 2907 4869 transvoretJ
2942 4802 3138 4857 Paulus
3164 4814 3218 4857 et
3249 4802 3389 4858 Siias
3411 4805 3463 4856 in
3496 4805 3745 4857 custodia
3773 4821 3861 4872 put

2269 4897 2409 4950 blica
2439 4897 2580 4950 circa
2617 4894 2854 4949 medium
2880 4895 3053 4947 noctis
3073 4902 3315 4961 omlnes,
3345 4895 3609 4963 hymnum
3637 4895 3867 4949 audien-

2267 4991 2411 5046 tibus
2440 4987 2633 5043 vinctis
2653 4988 2853 5042 dixisse
2885 4996 3263 5041 memorantur
3292 5006 3305 5042 :
3332 4984 3430 5042 Ubi
3451 4994 3677 5057 repente”
3701 4994 3867 5045 terra:

2271 5110 2476 5168 scitote,
2501 5104 2644 5175 quia,
2672 5111 2804 5163 etc.,
2832 5103 3149 5175 reticentur.
3180 5102 3353 5175 Porro
3374 5103 3590 5172 legitur,
3619 5100 3736 5175 Nec
3754 5116 3867 5157 ver-

2275 5178 2354 5232 bis
2380 5173 2708 5229 solummodo
2730 5175 2905 5226 docuit
2929 5173 3167 5243 vigilare,
3191 5174 3283 5225 sed
3307 5177 3459 5226 etiam
3480 5174 3723 5243 amplo
3748 5186 3869 5229 em.

2268 5249 2514 5318 ﬁrmarit.
2543 5247 2814 5318 Denique,
2850 5242 3192 5318 Peritoctabat
3222 5258 3327 5318 non
3352 5245 3468 5318 sibi,
3494 5246 3583 5297 sed
3616 5242 3675 5297 tt!
3702 5247 3867 5298 scire-

2264 5314 2402 5380 mus,
2427 5317 2551 5385 quid
2574 5332 2744 5370 omnes
2763 5320 2929 5385 facere
2958 5314 3251 5385 debeamus.
3286 5314 3349 5367 Et
3372 5316 3481 5385 ipse
3504 5319 3740 5381 increpat
3768 5318 3871 5369 Pe-

2266 5384 2582 5449 tram,etc.,
2605 5384 2918 5450 decuriatis,
2943 5400 3061 5455 quae
3085 5384 3495 5449 iittevl‘eruntur,
3534 5398 3631 5453 per
3654 5386 3865 5441 librarii

2265 5469 2635 5513 0$CIiallllallL

2338 5528 2363 5564 ἀ
2384 5529 2554 5580 Minus
2584 5530 2777 5599 iterum
2802 5528 2940 5580 bene
2970 5527 3197 5581 Duelier.
3228 5527 3362 5599 edit.
3392 5525 3523 5599 Illac
3543 5525 3697 5580 verba
3720 5530 3869 5599 ejus-

2267 5600 2411 5653 modi
2452 5598 2687 5669 exemplo
2727 5613 2745 5647 :
2789 5609 2899 5650 tmn
2960 5600 3117 5661 plane
3160 5598 3447 5665 mendose,
3492 5598 3557 5651 de
3596 5596 3869 5669 profundo

2268 5672 2424 5725 etiam
2450 5670 2630 5723 mortis
2660 5668 2817 5723 simili
2849 5670 3001 5723 modo
3030 5669 3233 5722 valeant
3264 5670 3561 5737 suscitare.§
3598 5668 3603 5669 “
3636 5704 3641 5709 ι
