4012 6190
207 254 360 355 23v:

978 294 1318 354 EPISTOLA
1358 290 1555 351 XXXl.
1600 291 1688 348 DE
1723 286 2259 350 OBSERVATIONE
2302 288 2731 350 VlGlLIARUM.

3400 288 3510 348 238

207 416 353 466 motu
384 406 495 482 [AL
529 406 657 463 add.
689 404 859 479 facto]
894 394 1176 465 convussis
1206 407 1442 463 carceris
1486 404 1803 461 fundamcn-
1830 410 1879 469 Α
1905 400 2123 459 beatum
2174 405 2351 459 virum
2410 405 2745 469 describens,
2800 417 3060 459 summam
3107 404 3509 463 beatitudinem

212 502 298 571 tis,
330 512 386 558 et
423 503 609 574 januzc
657 512 680 540 ⁸
709 514 905 574 sponte
939 514 1164 575 apertze,
1210 512 1263 557 et
1302 502 1549 556 omnium
1594 498 1806 554 vincula

214 606 335 652 sunt
361 598 560 653 soluta.
609 596 755 653 Idem
799 597 1003 654 Paulus
1043 595 1327 668 apostolus
1364 611 1393 649 a
1423 593 1639 650 Troade
1677 609 1809 663 pro-

215 684 472 761 lecturus,
519 707 826 747 sermonem
854 690 1087 746 docebat
1126 704 1299 759 usque
1332 688 1399 742 ad
1442 685 1677 741 mediam
1718 701 1813 741 no—

211 794 379 849 ctem,
407 785 656 841 accensis
679 785 946 839 lanternis
968 799 1129 853 quam
1156 781 1405 853 pluribus
1428 780 1486 834 in
1512 778 1815 835 caenaculo.

214 873 288 929 Ex
329 891 437 945 quo
487 874 768 947 Eutychus
815 875 1137 930 adolescens
1166 888 1226 929 se
1266 887 1458 928 somno
1490 884 1812 942 Oppressus,

216 966 534 1038 disputante
559 964 729 1022 Paulo
757 967 1043 1038 prolixius,
1078 982 1107 1021 a
1137 965 1379 1022 fenestra
1410 962 1695 1029 deductus,
1728 974 1820 1017 ce-

209 1057 352 1114 cidit
374 1058 443 1115 de
478 1062 640 1116 tertio
682 1068 847 1126 tecto,
876 1070 932 1115 et
975 1059 1220 1129 sublatus
1265 1065 1349 1113 est
1394 1064 1663 1118 mortuus,
1710 1067 1819 1122 quo

208 1152 399 1205 statim
427 1151 640 1207 reddito
679 1151 827 1215 vitae,
868 1165 1039 1217 usque
1068 1147 1134 1203 ad
1182 1150 1359 1203 lucem
1396 1145 1815 1207 sermocinatus,

212 1241 329 1296 Deo
376 1242 734 1314 gubernante,
787 1239 1062 1311 profectus
1097 1246 1201 1296 est.
1244 1239 1415 1305 Quam
1461 1240 1620 1308 plene
1674 1235 1815 1291 idem

216 1350 491 1407 quamque
520 1335 739 1404 copiose
776 1340 941 1403 super
978 1331 1304 1387 exercendis
1335 1329 1531 1400 vigiliis
1561 1326 1818 1383 adhorta-

213 1432 326 1495 tus,
344 1426 921 1482 Thessalonicensibus
949 1423 1194 1479 scribens
1214 1423 1324 1477 ait:
1350 1418 1537 1493 Itaque
1566 1436 1670 1475 non
1694 1421 1817 1473 dor-

211 1521 436 1573 iniamus
464 1520 594 1573 sicut
624 1526 672 1572 et
709 1520 903 1586 ueteri,
930 1512 1021 1571 sed
1046 1515 1315 1589 vigilemus
1360 1525 1409 1569 et
1448 1513 1606 1568 sobrii
1635 1514 1815 1566 sintus.

214 1610 363 1667 Nam
389 1612 477 1682 qui
510 1612 806 1681 dormiunt,
842 1617 991 1665 nocte
1018 1610 1279 1665 dormiunt
1311 1624 1330 1663 :
1357 1618 1406 1663 et
1439 1608 1525 1679 qui
1550 1605 1817 1660 inebrian-

214 1714 325 1770 tnr,
356 1714 500 1757 nocte
525 1702 652 1757 ebrii
683 1710 831 1757 sunt.
864 1700 976 1757 Nos
1000 1712 1171 1755 autem
1200 1701 1287 1769 qui
1321 1698 1415 1754 Dei
1438 1715 1636 1765 sumus,
1660 1694 1821 1752 sobrii

1915 498 2024 573 [AL
2054 498 2427 570 beatitudinis]
2451 501 2567 569 ejus
2596 502 2651 554 in
2682 498 2788 555 hoc
2813 500 3077 555 versiculo
3101 501 3427 557 collocavit:
3449 502 3507 556 Si

1916 592 1969 649 in
1987 592 2103 663 lege
2118 592 2335 647 Domini
2352 593 2643 649 meditetur
2653 593 2741 648 die
2752 607 2815 648 ac
2829 602 3007 648 nocte.
3030 593 3171 648 Bona
3190 602 3273 649 est
3285 595 3509 665 quidem

1918 684 2111 739 diurna
2143 684 2430 739 meditatio
2457 694 2505 751 ε,
2542 685 2636 739 sed
2658 685 2931 740 efficacior
2949 692 3031 739 est
3059 694 3320 740 nocturna
3351 704 3363 737 :
3389 685 3514 755 quia

1919 792 2020 848 per
2048 778 2193 832 diem
2225 778 2582 833 necessitates
2612 778 2781 832 varia:
2818 778 3169 847 obstrepunt,
3204 779 3518 847 occupatio-

1923 886 2020 927 nes
2046 871 2358 927 distrahunt
2387 882 2649 939 mentem,
2680 885 2899 927 sensum
2929 872 3126 943 duplex
3154 888 3285 928 cura
3311 871 3523 941 disper-

1922 968 2018 1035 git.
2042 963 2158 1019 Nox
2201 965 2407 1035 quieta,
2440 980 2547 1020 nox
2580 972 2791 1020 secreta
2832 972 3187 1034 opportunam
3222 977 3280 1019 se
3317 963 3526 1033 praebet

1923 1055 2231 1122 orantibus,
2262 1056 2601 1125 aptissimam
2631 1054 2985 1128 vigilantibus
3016 1057 3181 1113 :dum
3210 1058 3525 1113 carnalibus

1922 1146 2372 1216 occupationibus
2395 1147 2731 1217 expeditum,
2757 1150 3045 1206 collectum
3072 1163 3317 1218 sensum,
3343 1150 3523 1205 inten-

1921 1247 2034 1295 tum
2054 1238 2326 1295 hominem
2352 1240 2554 1297 divinis
2580 1242 2968 1311 conspectibus
2990 1242 3156 1298 sistit.
3182 1241 3313 1298 Indo
3332 1242 3523 1298 diabo-

1924 1330 2006 1387 lus
2025 1331 2329 1388 divinarum
2357 1348 2573 1403 semper
2594 1349 2775 1389 rerum
2798 1333 3028 1391 callidus
3054 1336 3361 1402 aemulator,
3385 1337 3529 1390 sicut

1918 1424 2119 1495 jejunis
2152 1438 2209 1482 et
2254 1428 2653 1498 virginitatem,
2695 1444 2827 1483 vana
2879 1430 3203 1497 baptismata
3244 1441 3300 1485 et
3344 1428 3525 1485 inania

1921 1519 2037 1575 suis
2075 1518 2374 1574 cultoribus
2404 1519 2552 1575 dedit
2579 1539 2591 1571 :
2618 1520 2688 1574 ita
2728 1528 2784 1575 et
2823 1521 2926 1574 hoc
2952 1530 3201 1575 sanctum
3234 1522 3523 1576 aemulatus

1923 1611 2165 1666 ofﬁcium
2184 1653 2197 1672 .
2236 1620 2499 1669 nocturna
2526 1626 2680 1669 sacra
2709 1622 2766 1670 et
2807 1614 3023 1685 vigilias
3048 1614 3165 1670 suis
3192 1628 3525 1669 commessa-

1927 1703 2163 1759 tiouibus
2193 1703 2421 1759 addidit.

211 1798 372 1852 simus
386 1794 430 1868 (ἰ
450 1792 600 1850 Thes.
616 1812 666 1863 v,
682 1796 714 1850 6
729 1794 915 1866 seqq.).
934 1793 1004 1851 Et
1016 1791 1431 1849 mireconcludit
1450 1809 1461 1840 :
1481 1790 1619 1855 Sive,
1634 1790 1826 1860 inquit,
1860 1797 1907 1857 Β
2003 1795 2073 1850 Χ.
2093 1796 2246 1851 Unde
2257 1796 2367 1865 jam
2383 1796 2558 1852 nostri
2576 1797 2786 1865 ﬁdeles,
2800 1798 2846 1855 si
2862 1798 2928 1853 de
2942 1813 3163 1854 suorum
3183 1798 3527 1855 institutione

212 1891 510 1962 vigilemus,
536 1889 638 1943 sive
662 1889 1004 1957 dormiamus,
1028 1889 1186 1943 simul
1206 1903 1321 1941 cum
1348 1884 1444 1938 illo
1468 1886 1716 1938 vivamus.
1740 1886 1820 1939 Ad

210 1980 534 2038 Corinthios
575 1991 755 2038 autem
788 1999 804 2040 :
849 1980 1102 2053 Vigilate,
1134 1989 1270 2036 state
1308 1981 1361 2033 in
1400 1978 1524 2048 ﬁde,
1560 1977 1822 2047 conforta-

213 2075 371 2141 rnini,
402 2075 618 2129 viriliter
645 2074 783 2147 agite
823 2072 868 2146 (l
894 2072 1016 2131 Cor.
1048 2089 1161 2141 xvt,
1192 2071 1302 2144 l3).
1335 2072 1425 2127 Sic
1454 2077 1511 2127 et
1544 2071 1612 2125 ad
1642 2069 1823 2137 Ephe-

215 2169 331 2223 sios
384 2168 578 2222 scribit
625 2186 635 2220 :
695 2166 912 2221 Orontes
968 2168 1020 2221 in
1071 2167 1212 2222 omni
1256 2174 1482 2237 tempore
1528 2166 1584 2219 in
1627 2164 1821 2235 spiritu

218 2259 386 2329 (Job.
419 2266 495 2322 vt,
536 2256 663 2331 l8).
700 2258 767 2313 Et
795 2259 912 2330 ipse
952 2260 1223 2327 vigilantis
1261 2270 1478 2327 quoque
1516 2256 1823 2325 exemplum

218 2358 434 2424 ponens
464 2354 515 2406 in
543 2352 791 2422 catalOgo
822 2352 1088 2406 virtutum
1121 2358 1363 2417 suarum,
1388 2348 1623 2407 fructum
1648 2348 1716 2405 de
1743 2349 1825 2403 vi-

213 2445 361 2516 giliis
396 2443 581 2500 multis
605 2444 747 2516 apud
777 2443 1091 2499 Corinthios
1114 2445 1401 2514 gloriatur.
1782 2482 1787 2486 -

293 2536 387 2591 IX.
414 2534 540 2593 llaec
564 2535 844 2592 sufficiant
864 2535 933 2591 de
972 2535 1294 2605 antiquitate
1313 2541 1369 2589 et
1395 2533 1722 2590 auctoritate
1746 2531 1827 2588 vi—

218 2631 473 2705 giliarum
504 2649 515 2683 :
542 2637 795 2702 superest
817 2628 1193 2685 utsecundum
1226 2627 1551 2695 promissum
1579 2624 1826 2681 ordinem

222 2724 339 2799 [AL
364 2732 467 2780 tae.
496 2722 770 2796 Ordinem]
800 2722 867 2779 de
888 2736 1078 2778 earum
1104 2720 1332 2775 utilitate
1355 2718 1557 2791 aliquid
1582 2717 1828 2775 confera-

224 2822 347 2875 mus
406 2816 519 2891 [ΔΙ.
571 2817 747 2887 aliqua
797 2808 1212 2887 proferamus]:
1260 2826 1586 2883 quamquam
1633 2812 1830 2868 sentiri

224 2911 397 2982 magis
429 2911 603 2981 possit
634 2924 729 2981 per
770 2908 1095 2964 exercitium
1141 2908 1258 2977 ipsa
1290 2907 1513 2971 utilitas,
1546 2920 1709 2976 quam
1739 2907 1826 2960 lo-

223 3004 444 3075 quentis
486 3016 743 3059 sermone
786 3001 996 3055 narrari
1024 3017 1037 3054 :
1071 2994 1101 3037 δ
1131 2997 1470 3055 (instandum
1504 2997 1649 3052 enim
1684 2994 1832 3051 vide-

228 3104 342 3161 tur,
366 3097 494 3167 quia
521 3095 692 3150 suavis
718 3104 791 3149 est
822 3091 1073 3147 Dominus
1115 3088 1341 3163 (Psalm.
1374 3105 1521 3157 xcrx,
1551 3090 1608 3159 5)
1637 3108 1649 3144 :
1693 3090 1834 3145 sicut

1927 1903 2038 1942 non
2071 1888 2378 1943 excitantur
2424 1889 2493 1943 ab
2524 1891 2801 1947 habendas
2843 1892 3059 1962 vigilias
3087 1902 3309 1961 sacras,
3344 1895 3397 1948 in
3428 1893 3525 1948 ad-

1927 1994 2087 2033 versa
2116 1980 2397 2034 varietatis
2422 1984 2772 2051 usurpatione
2800 1994 3113 2051 cernentes,
3137 1986 3346 2040 alienas
3375 2000 3404 2039 a
3432 1985 3530 2041 Dei

1929 2071 2091 2125 rebus
2124 2086 2230 2125 non
2261 2087 2385 2127 esse
2416 2072 2687 2129 fateantur
2716 2092 2727 2127 :
2758 2089 2894 2145 quas
2920 2091 3026 2129 non
3052 2078 3404 2131 aemularetur
3426 2078 3530 2131 ini-

1928 2176 2069 2233 quus
2109 2162 2176 2217 ad
2207 2162 2614 2232 deceptionem,
2638 2165 2745 2220 nisi
2776 2168 2888 2221 Deo
2915 2167 3142 2235 placitas
3173 2178 3295 2221 esse
3326 2180 3531 2236 cogno-

1929 2264 2105 2310 sceret
2125 2254 2191 2309 ad
2204 2255 2594 2311 celebrantium
2611 2254 3301 2322 benedictionem.Tamen,
3326 2260 3535 2313 charis-

1928 2348 2058 2405 simi
2091 2347 2312 2417 fratres,
2347 2350 2438 2419 qui
2470 2350 2656 2421 vigilat
2683 2352 2878 2418 oculis,
2911 2351 3096 2423 vigilet
3124 2362 3182 2407 et
3205 2351 3370 2407 corde
3399 2372 3413 2407 :
3444 2355 3538 2423 qui

1929 2451 2048 2495 orat
2076 2441 2294 2510 spiritu,
2328 2450 2448 2497 oret
2471 2450 2526 2497 et
2558 2453 2738 2499 mente
2772 2461 2784 2497 ε
2817 2445 2945 2515 quia
2974 2441 2999 2481 ά
3031 2446 3190 2499 valde
3222 2443 3419 2500 inutile
3450 2456 3536 2501 est

1929 2532 2099 2587 oculis
2132 2531 2400 2601 vigilare,
2444 2533 2629 2588 animo
2664 2535 2992 2590 dormiente.
3055 2536 3188 2590 Cum
3226 2538 3539 2593 econtrario

1929 2630 1995 2681 ex
2031 2640 2261 2695 persona
2293 2620 2549 2681 Ecclesia:
2572 2625 2857 2696 Scriptura
2889 2636 3138 2684 testeutr:
3173 2627 3306 2701 Ego,
3336 2630 3533 2700 inquit,

1932 2722 2161 2787 dormio,
2191 2731 2240 2775 et
2272 2738 2360 2775 cor
2388 2739 2557 2776 meum
2588 2722 2768 2794 uigilat
2802 2720 2978 2795 (Cant.
3010 2738 3070 2791 v,
3095 2724 3177 2794 2).
3218 2724 3532 2781 Curandum

1932 2822 2015 2867 est
2044 2811 2205 2867 etiam
2240 2828 2310 2869 ne
2343 2814 2618 2870 nimietate
2649 2813 2757 2869 cibi
2792 2816 2877 2870 vel
2914 2822 3075 2885 potus
3111 2815 3388 2886 vigilaturi
3442 2829 3539 2886 po-

1934 2914 2057 2962 ctus
2087 2921 2347 2963 oneretur
2376 2926 2390 2961 :
2415 2924 2479 2962 ne
2498 2907 2797 2963 cruditates
2824 2918 3139 2966 eructantes
3170 2919 3223 2965 et
3254 2912 3537 2983 crapulam

1938 3014 2047 3054 non
2076 2999 2252 3054 solum
2288 3000 2387 3069 ipsi
2418 3000 2575 3055 nobis
2606 3003 2870 3057 insuaves
2906 3002 3101 3066 simus,
3140 3001 3237 3057 sed
3266 3012 3321 3058 et
3350 3004 3540 3072 gratia

1937 3091 2158 3163 spiritus
2186 3092 2389 3163 indigni
2420 3093 2727 3162 iudicentur
2770 3114 2782 3148 :
2815 3095 3042 3163 Quidant
3072 3108 3307 3164 namque
3349 3096 3433 3148 vir
3459 3096 3544 3149 in-

224 3190 492 3256 scriptum
534 3194 637 3242 est.
677 3178 783 3253 Qui
812 3198 941 3255 ergo
984 3183 1250 3255 gustavit,
1289 3183 1543 3253 intelligit
1573 3192 1629 3237 et
1670 3182 1833 3237 sentit
1861 3185 1905 3246 C
1940 3190 2023 3240 ter
2060 3196 2305 3255 pastores
2351 3188 2584 3242 eximius
2628 3205 2642 3240 :
2681 3186 2834 3244 Sicut
2878 3187 3088 3254 fumus,
3131 3186 3336 3254 inquit,
3394 3184 3545 3256 fugat

224 3290 490 3353 quantum
521 3278 728 3350 pondus
757 3278 995 3350 pectoris
1024 3276 1295 3348 vigilando
1323 3275 1634 3345 deponitur,
1664 3286 1836 3345 quan-

224 3374 321 3429 tus
356 3370 560 3427 mentis
592 3381 780 3441 stupor
804 3371 1097 3440 excutitur,
1138 3378 1340 3440 quanta
1373 3367 1463 3424 lux
1490 3368 1721 3423 animam
1752 3369 1833 3424 vi-

225 3466 459 3540 gilantis
490 3476 543 3521 et
565 3465 769 3520 orantis
805 3454 1039 3521 illustrat
1067 3484 1082 3520 :
1111 3479 1235 3536 quae
1271 3464 1468 3536 gratia,
1493 3478 1617 3535 quae
1644 3464 1832 3521 visita-

229 3560 307 3614 tio
336 3552 576 3613 membra
612 3558 866 3613 universa
900 3557 1161 3613 laetificat.
1204 3554 1491 3628 Vigilando
1534 3557 1699 3613 timor
1717 3572 1837 3614 om-

231 3650 319 3704 nis
351 3644 675 3715 etcluditur,
720 3648 912 3704 fiducia
950 3647 1211 3715 nascitur,
1243 3663 1370 3705 caro
1400 3655 1727 3715 maceratur,
1753 3649 1835 3704 vi-

233 3741 310 3798 tia
340 3740 661 3806 tabescunt,
691 3736 929 3798 charitas
965 3744 1277 3812 roboratur,
1323 3744 1535 3799 recedit
1572 3744 1833 3811 stultitia,

233 3835 446 3891 accedit
477 3832 761 3904 prudentia
798 3853 811 3887 :
852 3846 1005 3891 mens
1040 3836 1271 3902 acuitur,
1316 3844 1469 3890 error
1495 3834 1835 3904 obtunditur,

234 3926 527 3981 criminum
560 3933 725 3995 caput
748 3918 996 3980 diabolus
1024 3925 1205 3998 gladio
1236 3926 1461 3996 spiritus
1495 3927 1835 3981 vulneratur.

231 4018 378 4087 Quid
405 4019 507 4074 hac
536 4018 768 4074 utilitate
800 4020 971 4090 magis
1005 4014 1421 4075 necessarium?
1450 4018 1579 4091 quid
1613 4019 1730 4074 istis
1759 4020 1837 4074 luo

1939 3294 2093 3351 apes,
2133 3279 2212 3335 sic
2253 3279 2519 3351 indigesta
2548 3282 2816 3336 eructatio
2840 3280 3037 3335 avertit
3066 3288 3122 3336 et
3148 3280 3332 3349 abiicit
3370 3278 3543 3351 Spiri-

1941 3388 2026 3435 tus
2050 3382 2225 3435 sancti
2258 3380 2611 3435 charismata.

2011 3479 2100 3534 χι.
2120 3479 2268 3550 Ergo
2290 3487 2562 3548 tamquam
2585 3478 2775 3535 divino
2798 3478 3036 3534 functuri
3062 3479 3390 3549 ministerio,
3411 3490 3541 3539 ante

1939 3594 2040 3637 nos
2068 3594 2167 3649 per
2205 3579 2834 3666 abstinentiam__parare
2863 3581 3153 3647 debemus,
3180 3583 3535 3666 μέρμερνυί

1939 3680 2250 3753 expeditius
2276 3682 2501 3751 vigilare
2531 3658 2823 3754 possimus.
2851 3682 3122 3755 Cogitatio
3147 3658 3376 3757 qlia};
3394 3688 3534 3746 mala

1939 3786 2200 3854 pellatur,
2233 3799 2302 3842 ne
2331 3785 2477 3842 male
2504 3785 2781 3857 vigilantis
2807 3787 2972 3842 oratio
2998 3787 3112 3859 ﬁat,
3143 3789 3287 3845 sicut
3316 3790 3541 3865 legitur,

1936 3890 1993 3943 in
2017 3896 2304 3961 peccatum.
2347 3888 2490 3944 Sunt
2524 3890 2670 3945 enim
2699 3899 2754 3945 et
2791 3904 2858 3947 ex
2897 3891 3139 3962 maligno
3164 3893 3367 3964 vigilia
3402 3911 3417 3948 :
3468 3895 3545 3950 si-

1938 3999 2033 4046 cut
2070 3990 2128 4045 in
2158 3988 2479 4045 Proverbiis
2507 3990 2706 4061 legitur
2739 4009 2753 4046 :
2786 3990 2961 4057 Quare
2988 3992 3197 4048 ablatus
3223 4002 3298 4048 est
3334 4009 3546 4050 somnus

232 4114 344 4167 ετξ,
386 4108 495 4185 [Αι⁸
529 4109 659 4167 αδδ,
691 4109 919 4182 sanctis]
959 4111 1345 4167 commodius,
1383 4090 1511 4183 quia
1545 4111 1646 4167 hac
1690 4113 1842 4168 dele.
1947 4092 2009 4148 ab
2042 4093 2205 4148 oculis
2231 4106 2425 4148 eorum.
2462 4090 2584 4147 Non
2606 4093 2739 4150 enim
2753 4093 3035 4160 dormiunt,
3059 4095 3260 4165 inquit,
3282 4094 3385 4147 nisi
3412 4095 3549 4149 male

232 4204 481 4259 etatione
511 4203 771 4258 suavius?
818 4202 946 4273 quid
988 4204 1088 4260 hac
1130 4203 1387 4260 felicitate
1429 4205 1674 4260 beatius?
1704 4214 1842 4261 teste

231 4298 407 4354 etiam
423 4292 690 4367 Propheta
712 4313 727 4352 :
756 4298 847 4368 qui
870 4297 922 4352 in
946 4295 1568 4369 principiolpsalmorum
1596 4306 1839 4363 suorum,

306 4464 339 4494 ι
382 4455 551 4511 Tacet
580 4454 811 4511 Daoher.
841 4455 1121 4527 exemplar
1149 4464 1353 4527 sponte,
1403 4454 1522 4524 plus
1558 4469 1688 4511 vero
1727 4470 1853 4511 mox

234 4527 428 4592 habet,
454 4536 579 4581 sunt
598 4527 769 4581 subito
794 4526 989 4581 soluta.
1032 4526 1240 4581 Cmtera
1278 4542 1398 4598 qua:
1443 4536 1859 4598 consequuntur

239 4617 339 4669 per
388 4600 565 4669 ferme
595 4598 784 4669 viginti
812 4613 1004 4669 versus
1032 4614 1060 4653 a
1092 4598 1297 4663 verbis,
1324 4596 1473 4652 Idem
1502 4596 1706 4653 Paulus
1732 4616 1859 4669 apa-

1949 4190 2167 4268 fecerint
2203 4193 2388 4269 (Prov.
2420 4208 2494 4266 IV,
2527 4195 2639 4268 16).
2694 4194 2925 4265 Absint,
2979 4195 3208 4262 fratres,
3258 4194 3437 4250 absint
3475 4197 3546 4251 ab

1952 4296 2057 4356 hoc
2116 4306 2393 4356 Conventu
2436 4300 2569 4355 tales
2616 4298 2838 4371 vigilite.
2876 4301 2962 4357 Sit
2985 4301 3166 4372 potius
3208 4296 3544 4371 vigilantium

1960 4468 2067 4511 nos:
2079 4458 2249 4532 quieta
2270 4467 2365 4524 est,
2399 4468 2445 4513 et
2468 4467 2761 4531 opportuna
2784 4459 3071 4525 orantibus,
3102 4459 3391 4532 aptissima,
3412 4465 3545 4532 etc.,

1963 4536 2019 4582 et
2046 4529 2258 4583 collecto
2299 4547 2454 4585 sensu
2483 4529 2646 4585 totum
2687 4532 2945 4585 hominem
2982 4529 3172 4585 divinis
3201 4531 3552 4597 conspectibus

1962 4601 2118 4654 sistit.
2149 4598 2470 4656 Econtrario
2490 4618 2612 4671 qua:
2636 4611 2935 4671 sequuntur
2958 4616 3055 4669 per
3075 4601 3355 4655 duodecim
3382 4599 3553 4657 ferme

238 4662 407 4727 stolas
436 4689 467 4723 a
510 4662 741 4735 Troade,
774 4678 909 4733 etc.,
939 4667 1003 4722 ad
1050 4669 1209 4723 ﬁnem
1245 4662 1417 4739 usque
1459 4669 1621 4737 hujus
1646 4662 1857 4724 numeri
1886 4662 1943 4728 D
1967 4686 2165 4725 versus
2191 4689 2219 4725 a
2252 4672 2433 4727 verbis
2456 4715 2468 4733 ,
2508 4662 2643 4725 inde
2669 4662 2908 4727 diabolus
2936 4662 3249 4736 divinarum,
3297 4680 3428 4735 etc.,
3458 4687 3551 4723 us-

239 4744 393 4799 idem
425 4740 750 4796 Dacherian.
778 4741 1062 4809 exemplar
1092 4739 1313 4811 omittit,
1364 4742 1480 4795 sive
1508 4757 1605 4809 pro
1645 4741 1855 4811 ingenti

238 4816 345 4871 hac
390 4812 612 4875 lacinia,
656 4812 772 4866 hac
808 4808 969 4865 modo
999 4812 1199 4876 habet,
1249 4808 1338 4864 [ta
1383 4812 1560 4866 beatus
1588 4808 1856 4881 apostolus

240 4883 450 4940 Paulus
495 4897 651 4954 super
682 4882 980 4954 exercendis
1010 4882 1202 4953 vigiliis
1235 4882 1545 4954 adhortatur
1577 4882 1856 4938 Thessalo-

240 4960 477 5012 nicenses
507 4952 685 5007 dicens
705 4970 722 5007 :
746 4952 993 5025 Vigilate,
1023 4964 1067 5005 et
1092 4961 1221 5025 state
1243 4953 1295 5005 in
1320 4952 1444 5025 ﬁde,
1462 4956 1855 5025 confortamini,

245 5036 295 5081 et
341 5028 569 5081 viriliter
611 5024 750 5097 agite
779 5021 944 5097 :tjna-
982 5024 1051 5077 ita
1077 5022 1330 5097 videntur
1354 5024 1421 5077 ab
1447 5021 1765 5097 Antiquario
1792 5021 1861 5081 ex

248 5099 501 5168 aequasti
523 5092 789 5168 contexto
810 5092 1283 5168 deformata,th
1297 5095 1575 5168 exemplar
1590 5096 1661 5168 ob
1673 5097 1862 5151 oculos

253 5165 475 5227 haberet
511 5167 787 5226 mutilum,
832 5165 1070 5218 obnoxio
1110 5166 1375 5235 ejusmodi
1412 5165 1690 5220 erroribus
1720 5168 1858 5234 loco,

255 5244 343 5295 ubi
399 5237 633 5310 apostoli
664 5235 817 5310 Pauli
852 5250 1045 5310 nomen
1067 5252 1151 5310 _ac
1195 5236 1561 5310 testimonium
1596 5239 1860 5310 recurrit.

324 5312 355 5351 δ
389 5302 529 5366 Edit.
567 5308 806 5364 Dacher.
843 5302 1111 5359 Gustondo
1141 5322 1159 5359 :
1188 5314 1299 5360 tum
1331 5308 1519 5374 verba,
1561 5307 1692 5360 sicut
1729 5310 1860 5360 scri-

252 5394 403 5453 ptus
432 5392 527 5449 est,
556 5376 934 5451 praetermittit
957 5377 1240 5453 :_Iegitque
1268 5392 1456 5453 porro,
1486 5388 1729 5453 quantum
1760 5395 1861 5446 pu-

250 5446 419 5523 doris,
449 5446 544 5525 pro
558 5446 830 5525 quantum
862 5446 1339 5525 pondus‘pectoris.
1370 5448 1538 5525 Paulo
1568 5459 1863 5525 post,_qute

252 5516 427 5583 saneta
449 5516 695 5583 'oisit'atio
732 5516 963 5575 membra
1004 5516 1261 5590 universa,
1293 5516 1581 5590 vigilantis
1603 5520 1859 5590 la’tiﬁcat.

248 5600 472 5657 (homno
494 5609 691 5654 autem
710 5593 936 5661 rectius,
951 5588 1157 5645 castitas
1184 5588 1476 5659 roboratur,
1498 5606 1595 5661 pro
1609 5589 1857 5645 charitas.

323 5655 357 5712 ei
373 5655 638 5744 Amplius
679 5667 763 5744 in.
785 5655 979 5744 eadem
1011 5661 1142 5744 edit.
1179 5663 1310 5715 bona
1333 5655 1543 5744 oratio,
1586 5662 1676 5743 sed
1700 5662 1861 5744 multo

246 5748 435 5819 gratior
461 5732 512 5801 ἐι
534 5734 830 5812 efﬁcacior
856 5739 930 5819 est
952 5740 1207 5819 npctugta
1229 5732 1499 5819 meditatio
1524 5734 1862 5819 :quia,_etc.‘,

247 5800 717 5893 ἶυωξήιὰιιὶρἰίτ,
750 5819 853 5876 pro
872 5802 1083 5872 duplex.
1106 5800 1194 5866 Et,
1222 5800 1343 5857 No.1:
1362 5814 1532 5857 autem
1554 5800 1747 5858 secreta
1768 5808 1865 5869 est,

1966 4757 2071 4810 que
2099 4743 2163 4796 ad
2210 4743 2421 4797 numeri
2451 4743 2609 4812 hujus
2634 4744 2792 4797 linem
2815 4784 2828 4805 ,
2869 4751 2923 4795 et
2958 4742 3341 4809 subsequentis
3378 4742 3556 4797 locum

1964 4813 2138 4877 illum,
2165 4815 2255 4869 ubi
2286 4814 2504 4874 dicitur,
2527 4811 2636 4866 nisi
2678 4814 2786 4865 Deo
2814 4811 3033 4882 placitas
3056 4826 3165 4865 esse
3194 4826 3549 4882 cognosceres,

1962 4884 2016 4938 in
2039 4886 2243 4952 eadem,
2264 4885 2395 4939 edit.
2437 4883 2830 4938 desiderantur.
2873 4882 2944 4935 lta
2978 4896 3110 4936 vero
3138 4893 3435 4952 conceptus
3469 4898 3555 4939 est

1964 4970 2197 5038 sensus,-
2222 4951 2407 5038 Itaque
2456 4954 2561 5038 ζ)εο
2594 4954 2814 5038 placitas
2856 4954 3148 5038 cognoscite
3184 4969 3293 5038 esse
3316 4951 3557 5038 uigiliam

1966 5025 2033 5077 ad
2072 5022 2430 5094 celebrandam
2464 5023 2881 5076 benedictionem.
2928 5022 3187 5092 Tantum,
3214 5022 3547 5094 charissimi,

1966 5095 2056 5165 qui
2084 5092 2291 5165 vigilas,
2318 5105 2425 5165 etc.

2044 5164 2069 5202 ά
2105 5164 2425 5239 Dacherius,
2446 5165 2567 5233 quia
2599 5179 2691 5218 uec
2717 5165 2847 5239 satis
2875 5164 3004 5220 utile
3024 5174 3098 5222 est
3132 5167 3298 5223 oculis
3320 5170 3559 5239 vigilare,

1971 5247 2017 5293 et
2050 5238 2221 5295 animo
2260 5236 2546 5289 dormitare
2569 5251 2587 5288 :
2613 5245 2755 5301 tum,
2795 5236 3095 5292 Curandum
3136 5250 3209 5293 est
3248 5236 3400 5293 etiam
3442 5246 3563 5292 ante

1973 5309 2170 5371 omnia,
2188 5323 2249 5360 ne
2262 5309 2517 5359 nimietate
2537 5306 2635 5380 {ibi
2658 5308 2737 5380 vel
2754 5316 2901 5365 potus
2919 5322 3213 5362 nostrorum
3230 5308 3562 5380 vigilatornm

1970 5387 2177 5448 pectora
2214 5388 2505 5432 onerentur.
2538 5376 2708 5431 Paulo
2739 5386 2889 5448 post,
2921 5381 3053 5432 dixit
3093 5376 3316 5447 namque
3342 5380 3419 5431 vir
3443 5378 3566 5448 'qui-

1970 5447 2120 5513 dum,
2148 5460 2282 5520 etc.,
2314 5448 2682 5516 subsequente
2716 5447 2962 5504 numero.
2996 5449 3112 5520 Ego
3149 5458 3410 5516 tamquam
3438 5451 3570 5502 divi-

1973 5534 2098 5571 num
2124 5518 2427 5573 celebraturi
2454 5523 2772 5588 mysterium,
2825 5531 2879 5573 et
2933 5518 3081 5583 mox,
3116 5529 3172 5571 ut
3212 5520 3483 5589 integrati,
3525 5532 3574 5575 et

1970 5590 2221 5656 expediti,
2250 5601 2355 5644 etc.
2390 5591 2651 5653 Denique,
2675 5600 2793 5643 sunt
2822 5592 2956 5643 enim
2980 5602 3025 5643 et
3053 5607 3119 5643 ea:
3146 5589 3387 5656 malignis
3412 5593 3573 5647 male-

1972 5661 2122 5732 dicta:
2146 5659 2354 5729 vigilite,
2380 5671 2433 5715 ut
2453 5662 2507 5715 in
2536 5660 2823 5715 Proverbiis
2846 5661 3055 5732 legitur,
3086 5660 3229 5731 quin,
3250 5673 3438 5732 _etc....
3468 5664 3574 5718 Sed

1972 5730 2142 5784 absint
2182 5741 2229 5784 et
2270 5734 2419 5804 longe
2455 5732 2625 5787 absint
2666 5733 2731 5789 ab
2762 5733 2860 5788 hoc
2898 5730 3151 5791 vortunt:
3185 5730 3315 5788 tales
3355 5734 3577 5806 vigilite,

1975 5799 2065 5852 sed
2089 5803 2281 5852 notius.
2313 5814 2419 5852 etc-

1975 5812 2063 5856 sed
2089 5812 2282 5871 potius,
2313 5814 2419 5859 etc.
