4012 6190
556 248 665 309 959

1593 238 1651 294 S.
1696 231 2085 291 HIERONYMI
2124 226 2407 287 OPERUM
2446 219 2841 282 MANTISSA.‘

3746 212 3845 274 ato

550 328 751 437 pectus
774 367 1012 423 clausum
1041 355 1279 425 diabolo,
1306 366 1549 429 apertum
1572 350 1788 405 Christo
1812 367 1822 400 :
1863 356 1975 401 alut
1998 360 2157 416 quem
2184 347 2234 406 Α
2262 342 2517 412 spinosus
2550 337 2654 394 nisi
2686 346 2812 392 ante
2843 332 3070 390 cultoris
3101 329 3285 387 labore
3302 327 3469 387 fuerit
3496 327 3844 401 exstirpatus,

551 461 716 516 labiis
748 472 1027 521 sonamus,
1058 451 1225 507 corde
1258 462 1559 506 teneamus.
1591 446 1744 499 Tunc
1776 449 1938 495 erunt
1966 452 2156 505 accep-

555 554 757 608 tabiles
781 544 1212 614 nostrmvigiliae,
1236 553 1361 596 tunc
1387 534 1722 612 pernoctatio
1748 532 2006 587 salutaris
2027 529 2154 594 erit,

557 648 604 701 si
635 640 969 714 competenti
1000 637 1306 707 diligentia,
1354 645 1407 689 et
1438 629 1731 687 devotione
1760 628 1971 679 sincera
2001 622 2158 676 mini-

556 737 784 790 sterium
835 738 1086 787 nostrum
1133 727 1337 781 divinis
1371 720 1656 777 obtutibus
1698 717 1980 772 oll'cratur.
2031 714 2157 767 Haec

554 828 624 881 de
647 825 969 896 vigiliaritttn
996 820 1318 875 auctoritate
1350 825 1405 871 et
1434 812 1785 882 antiquitate,
1812 823 1911 863 nec
1930 820 2036 861 non
2054 805 2155 859 uti-

557 922 712 977 litate
744 918 885 973 dicta
938 913 1222 969 sufﬁciant.
1269 909 1450 966 Gratia
1516 904 1729 960 Domini
1787 900 1962 957 nostri
2027 900 2155 954 Jesu

556 1013 758 1070 Christi
784 1025 903 1065 cum
934 1006 1190 1064 omnibus
1223 1004 1399 1059 vobis.
1431 1003 1628 1056 Amen.

705 1124 1015 1182 MONITUM
1043 1120 1109 1176 ΙΝ
1140 1116 1532 1175 EPISTULAM
1566 1111 2008 1178 SEQUENTEM.

636 1221 814 1284 Nihil,
840 1230 894 1274 ut
920 1232 1030 1272 rere
1058 1216 1130 1269 ait
1162 1212 1431 1274 Erasmus,
1459 1219 1534 1263 est
1562 1208 1731 1284 iuliae
1760 1204 1999 1284 epistola,
2018 1200 2155 1284 quod

561 1296 630 1349 ad
664 1269 1057 1345 Pantinacltium
1087 1295 1175 1339 aut
1202 1269 1467 1337 Oceanum
1491 1269 2033 1352 pertinererideatur.
2056 1269 2160 1323 0b-

555 1344 891 1439 ju-rgiateos,
929 1375 1147 1427 quorum
1183 1356 1422 1439 pietatem
1461 1344 1673 1439 semper;
1698 1348 1832 1439 aliaJs
1872 1344 2159 1439 pra’dicare

562 1412 743 1491 iiiié’f':
773 1412 1030 1504 poslre'mo
1059 1412 1345 1504 quo:signo
1380 1412 1735 1504 (teprelt'endas
1767 1418 1832 1470 ad
1862 1412 1992 1469 duos
2033 1412 2159 1467 scri-

566 1519 710 1578 ptam
740 1494 910 1576 potius
937 1494 1090 1572 quam
1119 1497 1187 1551 ad
1216 1511 1373 1549 unum
1399 1494 1422 1546 ?

1069 1609 1399 1667 EPISTULA
1439 1603 1656 1659 XXXII.

730 1748 797 1787 AD
827 1740 1173 1785 PAMMACHIU!
1206 1738 1269 1777 ΕΤ
1298 1733 1545 1776 ΟΟΕΔΝὕΜ
1576 1728 2009 1771 ΕΧΗΟΒΤΑΤΟΜΑ.

642 1848 684 1902 1.
726 1843 829 1912 Qui
868 1840 1182 1908 EthiOpem
1224 1834 1419 1890 invitat
1470 1830 1537 1885 ad
1567 1828 1811 1895 balneas,
1846 1825 1947 1881 etsi
1978 1824 2159 1895 nigre—

571 1941 756 1997 dinem
790 1956 894 1993 non
924 1934 1130 1990 auferat
1148 1932 1248 1996 illi,
1268 1938 1419 1983 certe
1438 1926 1523 1981 vel
1552 1923 1837 1995 pecuniam
1868 1919 2065 1989 accipit
2085 1919 2160 1974 si-

567 2036 649 2101 bi,
678 2043 735 2089 et
765 2033 893 2086 licet
920 2030 973 2083 in
1012 2026 1157 2081 illius
1186 2022 1425 2079 candore
1456 2035 1562 2074 non
1595 2016 1858 2101 gaudeat,
1900 2024 2049 2070 certe
2080 2011 2163 2068 vel

570 2140 676 2183 Suo
718 2124 771 2179 in
810 2123 961 2176 lucro
1000 2120 1230 2174 ltetatur.
1274 2116 1350 2169 lta
1391 2114 1511 2168 sine
1555 2094 1721 2166 dubio
1763 2108 2162 2164 inobedietttem

566 2218 659 2289 qui
697 2214 900 2272 divinis
926 2210 1272 2268 sermonibus
1297 2216 1515 2271 monet,
1551 2203 1802 2274 quamvis
1838 2199 2165 2271 refragantis

568 2319 796 2382 peccata
837 2323 945 2363 non
971 2306 1124 2360 tollat
1148 2344 1162 2369 ,
1191 2299 1499 2357 mercedem
1540 2308 1720 2351 tamen
1756 2295 1823 2350 de
1862 2292 2165 2348 ministerio

568 2418 715 2460 verae
742 2398 1027 2457 charitatis
1058 2397 1160 2451 sibi
1194 2393 1447 2465 acquirit.
1465 2389 1571 2447 Sed
1596 2388 1715 2444 ideo
1742 2388 1846 2443 hoc
1870 2386 2016 2450 dico,
2042 2382 2164 2454 quia

567 2511 668 2551 vos
692 2491 936 2565 sperno?
959 2489 1088 2544 ldeo
1114 2488 1333 2557 loquor,
1359 2484 1484 2553 quia
1515 2495 1615 2535 vos
1654 2479 1792 2534 forte
1821 2493 1927 2531 non
1958 2474 2167 2546 diligo?

567 2585 894 2657 Respondeo
941 2580 1187 2651 Apostoli
1218 2591 1389 2633 voce:
1425 2574 1591 2628 Testis
1629 2581 1704 2626 est
1736 2570 1875 2624 Deus
1921 2566 2091 2636 (Phil.
2126 2582 2165 2633 ι,

568 2683 648 2753 8),
676 2679 823 2751 quod
850 2676 1013 2743 facio,
1045 2682 1100 2729 et
1122 2671 1335 2736 faciam,
1364 2683 1471 2724 non
1492 2674 1805 2731 contemno,
1855 2662 1950 2718 sed
1981 2661 2163 2727 doleo,

573 2752 915 2831 inﬁdelitatis
946 2768 999 2824 in
1027 2765 1165 2821 meis
1192 2770 1511 2835 argumenta
1543 2773 1833 2830 apparere,
1876 2771 1980 2809 non
2018 2752 2166 2817 fidei,

571 2868 698 2936 quia
721 2863 945 2921 Iudaica
974 2859 1031 2914 in
1062 2856 1216 2913 vobis
1243 2852 1577 2916 testimonia,
1604 2865 1709 2906 non
1741 2848 2049 2903 Christiana
2077 2858 2167 2899 co-

574 2972 803 3030 gnosco.
830 2954 1094 3023 Quoniam
1128 2949 1377 3005 videntes
1399 2990 1413 3013 ,
1450 2961 1559 3001 non
1582 2943 1778 2998 videtis
1811 2957 1825 2993 :
1856 2950 1911 2995 et
1947 2938 2170 2993 audien-

568 3028 675 3117 tes,
710 3064 815 3104 non
841 3046 1004 3101 vultis
1034 3042 1245 3097 audire.
1275 3041 1408 3093 item
1435 3038 1630 3092 fortem
1649 3036 1898 3089 dicturus
1921 3046 2063 3085 sum.
2087 3028 2165 3084 Ex

572 3156 812 3212 utroque
850 3138 1175 3195 conturbor.
1204 3134 1394 3188 Timeo
1425 3129 1705 3184 auditores
1734 3126 2009 3181 oll‘endere
2028 3165 2041 3189 ,
2073 3124 2168 3179 sed
2197 3110 2243 3176 C

568 3235 695 3307 plus
727 3234 893 3288 timeo
924 3238 1331 3295 contemptores
1364 3229 1763 3293 praceptorum
1790 3234 1803 3272 :
1827 3218 1920 3287 qui
1949 3217 2170 3271 verbum

574 3331 670 3385 Dei
714 3326 905 3383 audire
928 3322 1294 3384 dissimulant,
1327 3317 1543 3389 pejores
1570 3313 1726 3368 idolis
1759 3311 2044 3365 habentur.
2079 3308 2173 3363 Illa

576 3422 798 3493 quidem
825 3432 987 3473 aures
1016 3414 1239 3479 habent,
1270 3411 1364 3465 sed
1398 3425 1507 3464 non
1535 3406 1876 3461 voluntatem
1904 3421 1916 3457 :
1947 3417 2055 3459 non
2082 3418 2176 3457 au-

575 3515 752 3575 diunt,
778 3525 889 3565 non
930 3507 1152 3578 palpant
1178 3503 1454 3565 manibus,
1488 3512 1589 3554 nec
1614 3497 1863 3567 capiunt.

651 3601 714 3655 Il.
745 3600 901 3656 Unde
933 3601 984 3653 in
1009 3598 1279 3652 malorum
1312 3592 1594 3648 hominum
1621 3588 2031 3660 comparatione
2060 3600 2174 3643 me-

576 3695 715 3750 liora
756 3698 919 3756 sunt,
949 3691 1077 3759 quia
1124 3702 1225 3743 nec
1265 3685 1667 3755 concupiscunt
1692 3683 1895 3748 oculis,
1939 3696 2040 3736 nec
2076 3695 2173 3751 per

577 3783 855 3843 contraria
883 3794 937 3838 et
970 3783 1081 3838 Deo
1110 3782 1327 3835 inimica
1362 3780 1694 3833 discurrunt.
1739 3778 1809 3831 Et
1857 3774 2174 3830 naturaliter

578 3879 769 3943 surda,
798 3886 947 3933 recte
986 3874 1214 3930 meliora
1242 3871 1685 3928 inobedientibus
1718 3868 2050 3940 iudicantur.
2086 3869 2176 3923 Di-

577 3981 667 4028 cat
703 3969 1008 4039 Propheta,
1038 3966 1084 4021 si
1117 3966 1375 4020 mentior.
1421 3964 1697 4033 Loquatur
1728 3960 1899 4016 David
1940 3960 2030 4031 qui
2070 3960 2173 4014 ltu-

570 4062 814 4136 jusmodi
847 4060 1102 4117 homines
1125 4058 1524 4130 comparandos
1550 4072 1671 4112 esse
1691 4055 2041 4126 serpentibus
2064 4069 2173 4109 non

577 4158 797 4228 negavit
831 4173 845 4211 :
886 4155 1037 4211 Sicut
1067 4153 1264 4223 aspidis
1286 4194 1301 4217 ,
1337 4153 1444 4217 ait,
1486 4150 1661 4205 surda:
1699 4150 1991 4204 obturantis
2020 4164 2173 4202 aures

580 4268 728 4317 suas,
761 4266 824 4303 ne
849 4264 1019 4303 vocem
1044 4245 1225 4299 audiat
1251 4245 1570 4298 incantautis
1597 4242 1821 4314 (Psalm.
1846 4257 1975 4309 Lvu,
2002 4241 2081 4313 5).
2107 4240 2176 4296 Et

580 4343 800 4397 videant
837 4341 886 4396 si
917 4354 1028 4394 non
1062 4349 1209 4394 recte
1252 4336 1595 4406 serpentibus
1637 4344 2048 4406 comparantur,
2079 4335 2171 4404 qui

572 4432 718 4504 quod
742 4430 972 4487 audiunt
1012 4440 1219 4484 naturae
1254 4427 1551 4494 beneﬁcio,
1575 4427 1926 4482 dissimulant
1962 4425 2173 4482 callidi-

574 4530 703 4583 tatis
732 4525 954 4581 astutia.
999 4522 1084 4578 An
1111 4520 1409 4577 Christiani
1446 4520 1551 4575 dici
1595 4529 1854 4589 possunt,
1887 4520 1978 4589 qui
2006 4520 2168 4574 etiam
2196 4504 2251 4563 D

575 4633 773 4674 nomen
814 4616 1005 4687 prima:
1053 4613 1406 4669 humanitatis
1463 4612 1770 4666 amittunt?
1824 4611 1967 4668 Ecce
2009 4613 2168 4668 Jere-

576 4710 716 4766 mias
738 4708 914 4764 dicit:
953 4704 1339 4759 Incircumcistv
1374 4720 1522 4757 aures
1560 4719 1766 4771 eorum,
1807 4705 1897 4774 qui
1934 4705 2030 4758 hoc
2068 4721 2171 4760 non

576 4812 791 4876 possunt
830 4801 1016 4856 audire
1040 4796 1176 4868 (Jer.
1206 4814 1281 4862 γι,
1313 4794 1424 4867 12).
1464 4795 1581 4850 Νοη
1624 4797 1748 4864 quia
1778 4812 1885 4850 non
1919 4806 2167 4867 possunt,

573 4894 671 4947 sed
696 4892 1190 4963 impossibilitatem
1212 4890 1468 4943 voluntas
1498 4896 1705 4943 natura:
1735 4885 1951 4943 inimica
1980 4903 2170 4959 super-

574 4982 767 5037 duxit:
792 4983 918 5038 dum
947 4984 1105 5053 longe
1132 4980 1445 5036 vitiositatis
1474 4994 1595 5043 usu,
1619 4981 1838 5049 genuini
1862 4996 2045 5038 mores
2072 4997 2169 5051 per

574 5075 862 5129 adversam
907 5073 1362 5129 consuetudinem
1400 5073 1676 5141 corrupti,
1719 5072 1877 5127 malis
1912 5073 2169 5142 operibus

574 5166 913 5223 ceciderunt.
959 5166 1135 5222 Etiam
1180 5181 1310 5221 vasa
1345 5166 1477 5220 limo
1509 5165 1701 5235 plena,
1747 5166 2016 5236 liquorem
2050 5168 2168 5238 puri

574 5258 836 5317 elementi
876 5259 1123 5329 recipere
1159 5269 1213 5315 et
1254 5258 1539 5315 continere
1574 5273 1682 5313 non
1729 5268 1977 5329 possunt.
2023 5261 2169 5330 Ager

647 5460 675 5487 ι
707 5448 886 5505 Penes
914 5446 1190 5518 eumdem,
1213 5454 1270 5501 ut
1294 5463 1410 5518 qua:
1439 5445 1592 5501 labiis
1617 5444 2004 5518 sonantus:Et,
2029 5462 2176 5501 acce-

570 5520 794 5591 ptabiles
812 5520 955 5588 apud
968 5517 1635 5591 Deumquostrteoigiliw:iu
1654 5517 1782 5591 line,
1803 5533 2001 5591 aet-nun
2023 5519 2175 5591 etiam

572 5587 638 5641 rte
664 5587 1047 5642 earum'saucta
1072 5589 1300 5641 utilitate
1329 5590 1469 5641 dicta
1507 5588 1791 5657 sufﬁciant.
1817 5587 2026 5653 Quibus
2055 5589 2174 5643 haec

572 5659 1245 5730 subitectunturcontinuo
1268 5675 1281 5711 ε
1312 5659 1389 5711 De
1410 5660 1718 5730 hymnorum
1737 5668 1910 5730 autem
1940 5659 2173 5730 psalmo-

574 5742 792 5796 rumque
816 5728 1278 5796 deoatioue,quam
1302 5728 1570 5798 gratasint
1600 5738 1646 5781 et
1671 5728 2008 5797 acceptabilia
2036 5730 2166 5799 Deo,

2257 449 2367 489 non
2412 432 2579 487 nutrit
2614 431 2665 484 in
2704 444 2761 484 se
2784 427 2931 498 jacta
2963 426 3168 481 semina
3192 466 3206 490 ,
3248 422 3344 478 sed
3376 420 3610 477 sulfoeat
3648 437 3663 475 :
3698 422 3767 476 ita
3796 432 3847 478 et

2256 527 2470 581 animus
2500 523 2842 579 sarcularium
2870 517 3297 574 sollicitudinum
3332 516 3526 584 plenus
3551 513 3841 579 illecebris,

2256 618 2483 675 verbum
2526 632 2632 673 non
2674 623 2852 686 potest
2900 612 3171 668 sustinere
3213 607 3457 663 divinum
3501 625 3515 663 :
3554 606 3656 661 nisi
3708 608 3846 677 prius

2257 712 2402 784 ipsas
2429 712 2614 767 mundi
2636 708 3033 766 sollicitudines
3057 705 3457 775 culparumque
3484 704 3725 758 omnium
3744 718 3850 758 ma-

2262 808 2449 871 terias,
2492 804 2817 874 evangelica
2849 804 2901 859 in
2936 816 2995 857 se
3029 799 3164 854 falce
3208 795 3523 853 succiderit.
3560 796 3720 851 Modo
3741 798 3850 867 qui-

2261 898 2487 954 busdam
2515 897 2693 952 minus
2716 896 2938 952 forsitan
2962 894 3172 961 videor,
3195 895 3303 949 Deo
3317 891 3713 958 dissimulante,
3738 906 3851 959 pec-

2260 1004 2387 1045 care
2427 1008 2441 1043 :
2488 988 2583 1043 sed
2615 988 2789 1042 aderit
2821 987 2909 1042 illa
2948 985 3065 1042 dies
3089 1027 3105 1051 ,
3142 1000 3247 1056 qua
3308 984 3444 1040 facta
3475 995 3659 1039 nostra
3707 981 3851 1053 quasi

2261 1082 2313 1136 in
2344 1080 2573 1151 quadam
2608 1079 2790 1133 tabula
2817 1078 3031 1148 depicta
3061 1075 3413 1132 monstranda
3440 1084 3589 1131 sunt.

2334 1173 2420 1227 Ill.
2453 1172 2497 1227 Ο
2528 1172 2744 1243 quantis
2771 1172 2824 1227 in
2853 1170 2942 1225 die
2970 1170 3063 1225 illa
3096 1168 3438 1241 expedisset,
3464 1168 3510 1224 si
3543 1167 3722 1224 iubae
3752 1166 3854 1221 vita

2262 1276 2318 1323 et
2348 1266 2714 1321 membrorum
2745 1280 2909 1320 sensu
2941 1274 2996 1320 et
3021 1264 3291 1319 viscerum
3314 1262 3500 1334 vigore
3529 1260 3852 1317 caruissent.

2264 1361 2334 1416 Et
2376 1362 2564 1431 quanti
2595 1360 2708 1415 illic
2737 1361 2983 1431 elingues
3017 1367 3073 1415 et
3098 1359 3266 1425 muti,
3314 1356 3583 1413 feliciores
3612 1342 3860 1427 loquaci-

2263 1453 2362 1507 bus
2386 1461 2510 1506 tunc
2531 1461 2709 1506 erunt.
2737 1450 2804 1505 Et
2824 1449 3007 1520 quanti
3028 1458 3277 1521 pastores
3298 1446 3668 1517 philosophis;
3691 1460 3861 1517 quan-

2265 1546 2301 1598 ti
2336 1544 2521 1598 rustici
2553 1543 2863 1598 oratoribus
2890 1561 2904 1596 ε
2936 1541 3127 1612 quanti
3150 1539 3377 1596 hebetes
3407 1537 3639 1610 argutiis
3671 1535 3860 1609 pracfe-

2264 1637 2428 1694 rendi
2458 1636 2782 1693 Ciceronis?
2811 1634 2913 1690 Job
2936 1645 3161 1690 sanctus
3194 1636 3246 1688 in
3275 1632 3577 1688 tentatione
3613 1629 3679 1685 ad
3703 1645 3855 1685 suam

2184 1725 2235 1786 B
2262 1730 2489 1802 gloriam
2515 1731 2745 1786 devotus
2771 1749 2783 1782 :
2820 1730 2900 1785 sic
2926 1730 2978 1785 in
3009 1730 3201 1784 dolore
3238 1744 3337 1783 suo
3366 1728 3645 1782 clamabat
3672 1745 3684 1780 :
3723 1724 3857 1792 Quid

2264 1820 2476 1894 prodest
2514 1824 2568 1876 in
2616 1831 2870 1876 tormento
2904 1821 3037 1876 lux?
3078 1818 3147 1876 Ut
3199 1818 3327 1891 quid
3374 1817 3502 1872 mihi
3530 1820 3719 1889 juncta
3744 1824 3859 1869 sunt

2263 1932 2433 1988 genua
2452 1916 2477 1969 ?
2499 1925 2554 1969 ut
2578 1916 2705 1986 quid
2728 1915 2884 1968 ubera
2906 1912 3067 1968 saxi?
3096 1911 3202 1966 Cur
3222 1928 3326 1965 non
3356 1913 3411 1964 in
3437 1920 3610 1965 ventre
3633 1917 3862 1962 mortuus

2263 2026 2378 2063 sum
2405 2026 2423 2063 :
2466 2019 2515 2063 et
2557 2025 2678 2063 mox
2722 2017 2779 2062 ut
2811 2007 2874 2062 de
2906 2015 3052 2061 utero
3096 2007 3266 2071 exivi,
3325 2021 3428 2059 non
3489 2003 3723 2076 protinus
3763 2001 3862 2056 obii

2266 2100 2407 2175 (Job.
2438 2102 2557 2172 tu)?
2586 2103 2641 2158 Si
2683 2101 2787 2159 hoc
2816 2100 2911 2156 Dei
2948 2099 3158 2156 amicus
3187 2099 3406 2155 dicebat
3444 2099 3498 2153 in
3534 2098 3655 2153 luce
3684 2114 3699 2152 :
3730 2096 3859 2166 quid

2266 2199 2337 2252 ab
2367 2195 2601 2252 inimicis
2624 2196 2743 2267 ejus
2768 2194 2981 2251 dicetur
3011 2195 3066 2249 in
3099 2191 3377 2249 tenebris?
3401 2192 3458 2247 Si
3510 2189 3597 2246 ille
3637 2180 3866 2261 ingemi-

2271 2292 2375 2347 scit
2400 2305 2559 2361 quem
2594 2288 2762 2345 febris
2805 2288 2997 2344 urebat
3031 2304 3046 2344 :
3079 2287 3207 2357 quid
3232 2286 3394 2342 faciet
3434 2299 3595 2355 quem
3624 2283 3867 2356 gehenna

2268 2386 2588 2444 consumet?
2618 2386 2673 2441 Si
2719 2384 2813 2439 ille
2833 2383 2938 2439 sibi
2967 2383 3117 2438 dolet
3147 2396 3324 2453 genua
3358 2380 3525 2437 fuisse
3556 2377 3866 2447 conjuncta,

2268 2484 2427 2554 cujus
2450 2480 2615 2551 pedes
2639 2494 2857 2548 semper
2878 2477 2932 2533 iu
2966 2477 3057 2533 Dei
3084 2492 3272 2531 amore
3300 2482 3660 2531 cucurrerunt
3686 2488 3701 2529 :
3737 2470 3866 2542 quid

2270 2576 2519 2632 dicturus
2551 2580 2666 2637 est,
2705 2571 2863 2639 cujus
2907 2584 3205 2639 numquam
3234 2564 3535 2623 inverilate
3559 2560 3875 2619 steterunt?

2270 2665 2539 2735 Displicet
2574 2662 2654 2717 illi
2684 2660 2829 2731 quod
2863 2668 3025 2715 natus
3061 2674 3129 2714 ex
3155 2667 3312 2715 utero
3351 2657 3586 2721 vixerat,
3616 2653 3710 2725 qui
3733 2654 3869 2708 bene

2269 2759 2427 2826 vixit,
2459 2758 2583 2828 quia
2611 2771 2731 2811 eum
2762 2754 2960 2809 vermis
2984 2753 3280 2808 moriturus
3306 2750 3537 2807 edebat:
3569 2747 3699 2818 quid
3729 2746 3870 2800 male

2269 2849 2514 2906 viventes
2544 2848 2765 2913 facient,
2787 2861 2924 2917 quos
2951 2845 3091 2916 ignis
3122 2854 3379 2910 :eternus,
3407 2848 3464 2897 et
3491 2844 3694 2896 vermis
3721 2853 3872 2893 num-

2271 2961 2432 3017 quam
2475 2945 2773 2999 moriturus
2814 2941 3138 3013 exspectat?
3186 2940 3364 2993 Durus
3412 2946 3486 2992 est
3536 2936 3617 2990 hic
3662 2950 3875 2989 sermo:

2271 3043 2388 3112 quis
2420 3049 2584 3111 potest
2630 3040 2817 3093 audire
2846 3053 2965 3091 eum
2987 3036 3005 3109 (
3026 3034 3185 3089 Joan.
3211 3050 3285 3098 vt,
3310 3033 3371 3089 61
3404 3031 3444 3103 ).
3478 3031 3591 3087 Hoc
3616 3029 3877 3086 dixerunt

2275 3134 2355 3187 illi
2382 3132 2656 3201 discipuli,
2704 3130 2796 3201 qui
2825 3128 3026 3183 Christi
3068 3126 3295 3196 vestigia
3339 3126 3390 3179 in
3423 3122 3716 3193 Evangelia
3745 3121 3878 3177 reli-

2274 3235 2551 3295 querunt:
2585 3232 2640 3277 et
2681 3222 2748 3278 de
2780 3221 2964 3276 divino
3007 3219 3176 3273 verbo
3204 3215 3523 3273 scandalum
3556 3213 3723 3285 passi,
3770 3228 3879 3267 sse-

2274 3318 2457 3373 culum
2484 3316 2794 3370 maluerunt
2818 3326 3001 3367 amare
3031 3326 3190 3381 quam
3230 3310 3394 3364 Deum
3424 3327 3436 3360 :
3471 3321 3702 3378 quorum
3743 3320 3879 3361 ven-

2276 3419 2358 3465 ter
2391 3409 2557 3473 Deus,
2612 3408 2815 3461 cultum
2863 3404 3053 3459 nolunt
3084 3401 3275 3457 audire
3313 3399 3528 3471 jejunii.
3576 3395 3882 3453 Luxurioso

2274 3499 2502 3555 veibum
2534 3496 2799 3551 caStitatis
2820 3491 3049 3551 olfensio
3079 3502 3164 3547 cst
3188 3508 3204 3551 ;
3232 3492 3378 3546 sicut
3419 3487 3688 3559 Propheta
3711 3486 3877 3542 dicit:

2276 3592 2608 3648 Abominatio
2636 3600 2706 3646 est
2736 3591 2847 3643 viro
2874 3590 3052 3661 iniquo
3074 3588 3272 3641 directa
3297 3586 3401 3639 uia.
3425 3582 3545 3639 Jam
3577 3581 3881 3653 antiquitus

2276 3687 2480 3742 dictum
2511 3694 2595 3741 est
2625 3684 2694 3739 ab
2725 3683 2861 3737 Isaia
2888 3701 2901 3737 :
2933 3681 3078 3753 quod
3106 3678 3356 3735 Christus
3384 3675 3698 3733 infidelibus
3722 3672 3884 3742 .lapis

2276 3779 2590 3836 offensionis
2620 3777 2912 3834 exstiterit.
2937 3774 3161 3831 Adulari
3190 3785 3298 3828 non
3331 3784 3574 3841 possum,
3606 3782 3674 3822 ne
3694 3774 3753 3821 et
3772 3764 3885 3821 {ra-

2276 3886 2413 3933 trem
2445 3875 2733 3946 decipiam,
2776 3883 2830 3929 et
2860 3888 2946 3929 me
2987 3885 3171 3927 sermo
3217 3869 3488 3940 percutiat
3535 3863 3879 3931 Salomonis,

2275 3970 2366 4041 qui
2395 3969 2466 4023 ait
2496 3988 2509 4023 :
2554 3967 2718 4022 Verba
2764 3966 3096 4019 adulatorum
3127 3963 3305 4016 mollia
3350 3968 3475 4014 sunt
3501 3975 3519 4012 .'
3551 3958 3664 4012 [uec
3704 3965 3884 4009 autem

2274 4062 2467 4133 feriunt
2496 4061 2745 4115 interiora
2775 4060 2967 4113 ventris
2994 4055 3197 4128 (Prov.
3231 4069 3381 4122 xvttt,
3414 4052 3512 4123 8).
3544 4049 3663 4105 Non
3697 4057 3783 4103 est
3816 4046 3885 4101 ﬁ-

2276 4155 2416 4211 delis
2443 4154 2691 4209 medicus
2722 4150 2814 4221 qui
2836 4162 2964 4205 ante
3005 4149 3267 4219 digestam
3310 4142 3655 4216 putredinem
3683 4154 3889 4211 super-

2275 4245 2424 4302 ducit
2455 4244 2667 4300 vulneri
2699 4242 3030 4298 cicatricem.
3074 4240 3188 4294 Non
3224 4251 3513 4308 possumus
3547 4246 3764 4302 semper
3794 4230 3885 4285 lac

2274 4338 2407 4395 dare
2435 4355 2448 4391 :
2480 4338 2608 4408 quia
2642 4351 2744 4391 nec
2764 4349 2864 4389 vos
2890 4346 3107 4402 semper
3138 4328 3348 4401 parvuli
3380 4341 3501 4384 esse
3529 4324 3764 4381 debetis.

2352 4429 2444 4485 ιν.
2483 4429 2656 4483 Dicite
2681 4426 2836 4490 mihi,
2873 4433 3005 4495 quot
3024 4424 3151 4479 anni
3181 4430 3309 4479 sunt
3334 4435 3400 4475 ex
3430 4433 3541 4491 quo
3570 4414 3886 4486 regenerati

2275 4536 2465 4579 sumus
2497 4521 2550 4575 in
2581 4517 2833 4573 Christo?
2860 4514 3186 4572 Consideret
3212 4510 3584 4581 unusquisque
3610 4513 3888 4578 quantum

2275 4629 2343 4672 ex
2370 4630 2437 4671 eo
2464 4623 2707 4681 tempore
2738 4609 2790 4663 in
2814 4608 2903 4663 illa
2925 4607 3135 4664 caelesti
3164 4612 3325 4661 aetate
3347 4600 3659 4672 profecerit.
3683 4596 3893 4652 Nescio

2276 4707 2511 4779 qualiter
2544 4706 2795 4774 placeant
2822 4702 3141 4770 parentibus
3163 4698 3242 4752 illi
3275 4695 3510 4752 infantes
3534 4692 3734 4764 quibus
3759 4699 3893 4745 sunt

2276 4800 2403 4855 anni
2430 4797 2668 4868 quinque
2688 4796 2772 4850 vel
2802 4793 3017 4861 decem,
3048 4792 3092 4846 si
3116 4792 3169 4847 in
3193 4804 3257 4846 ea
3277 4802 3381 4860 qua
3410 4786 3527 4842 nati
3551 4794 3681 4841 sunt
3710 4783 3895 4839 modi-

2276 4895 2442 4949 citate
2469 4887 2789 4961 perdurant.
2821 4887 2964 4953 Quid
2994 4885 3063 4942 de
3094 4883 3252 4940 nobis
3281 4877 3572 4937 dicendum
3605 4884 3711 4941 est,
3746 4889 3897 4947 quos

2276 4980 2542 5052 temporis
2564 4979 2725 5044 ratio,
2758 4994 2869 5034 non
2900 4975 3169 5045 modicos,
3205 4974 3303 5031 sed
3327 4971 3602 5028 abortivos
3626 4966 3897 5023 invenit?

2279 5074 2435 5129 Ibunt
2483 5074 2547 5127 de
2589 5074 2775 5127 virtute
2812 5071 2870 5124 in
2896 5070 3160 5134 virtutem,
3192 5068 3263 5123 de
3305 5064 3463 5122 bonis
3493 5062 3769 5132 scriptum
3801 5067 3899 5117 est

2277 5166 2618 5224 Christianis.
2653 5164 2947 5220 Videamus
2970 5164 3014 5217 si
3054 5160 3353 5216 Christiani
3398 5170 3579 5214 sumus
3605 5172 3619 5210 :
3644 5153 3786 5225 quid
3836 5154 3897 5209 in

2280 5259 2437 5316 nobis
2468 5258 2577 5329 (ex
2609 5270 2716 5327 quo
2743 5254 3050 5325 rcgenerati
3071 5266 3260 5309 sumus
3289 5250 3343 5306 in
3373 5246 3634 5319 Christo)
3658 5244 3897 5304 virtutis

2285 5459 2421 5498 nunc
2457 5440 2989 5513 quantulumcumque
3027 5442 3293 5513 dixissem,
3321 5438 3421 5513 nisi
3458 5437 3598 5513 ratio
3621 5434 3900 5513 prolixior

2282 5508 2519 5592 volumen
2558 5508 3023 5592 aliudpostularet
3063 5513 3200 5592 quod
3236 5510 3460 5592 Domino
3495 5508 3773 5590 largiente,
3812 5521 3901 5592 sf.-

2281 5584 2465 5657 queuti
2495 5575 2813 5657 exhibebitur
2837 5575 3178 5657 lectionefjte
3208 5590 3385 5636 autem
3419 5580 3554 5657 ipsa
3574 5575 3629 5633 in
3670 5575 3902 5657 caedi:

2282 5646 2430 5711 t'ioue
2469 5653 2607 5708 alter
2632 5650 3017 5721 subsequitur.
3078 5654 3356 5708 Tractatus
3399 5646 3653 5721 ejusdem
3694 5646 3903 5705 Nicetii

2278 5726 2504 5798 episwpi
2526 5724 2589 5778 de
2621 5720 2938 5780 Psalmotlia:
2968 5725 3117 5780 bono.
