4012 6190
232 169 343 229 ειι

798 169 1137 229 EPISTULA
1178 169 1417 226 XXXIII.
1459 170 1550 227 AD
1591 167 1938 236 QUEMDAM
1975 168 2092 237 QUI
2132 168 2199 225 IN
2239 170 2534 230 διεζευιο
2563 174 3013 234 ΡίΕΝΙΤΕΒΔΤ.

3446 166 3559 239 2η

232 287 554 357 accesserit,
579 286 707 359 quid
729 287 1123 344 bumilitatisin
1148 289 1450 358 prosneris,
1475 287 1602 355 quid
1625 287 1833 357 patien-
1858 292 1909 347 Α
1938 284 2066 340 facit
2110 290 2306 355 oratio,
2341 300 2395 345 et
2427 292 2601 347 labori
2653 308 2775 349 meo
2818 294 2980 350 ﬁnem
3017 296 3169 365 ponit
3207 299 3543 355 membrana;

233 379 328 434 tia:
356 379 408 434 in
440 379 709 445 adversis,
740 379 869 450 quid
905 382 955 434 in
988 380 1331 435 tribulatione
1360 378 1564 451 gaudii,
1599 378 1725 449 quid
1758 379 1835 433 fe-

231 474 460 531 licitatis
492 475 545 529 in
571 474 805 539 damnis,
830 474 959 545 quid
980 474 1327 545 indulgentiae
1355 472 1411 527 in
1438 471 1686 539 oﬁ‘ensis,
1709 470 1835 541 quid

233 568 509 625 castitatis
541 569 594 624 in
625 569 911 624 occasione
939 568 1189 624 luxuriae.
1222 567 1328 622 Alii
1361 566 1429 622 de
1460 566 1661 621 virtute
1704 580 1838 635 quo-

231 662 368 718 tidie
392 671 685 718 transeunt
716 662 782 717 ad
828 664 1084 717 virtutem
1116 680 1131 718 :
1168 675 1268 716 nos
1309 661 1377 716 de
1425 660 1739 714 inﬁrmitate
1772 658 1839 714 ad

230 755 641 811 inﬁrmitatem.
666 754 771 810 Alii
804 756 1060 809 meliores
1093 769 1187 823 per
1228 762 1503 808 momenta
1532 752 1665 807 ﬁunt
1693 770 1705 805 :
1741 766 1839 806 nos

226 846 547 903 deteriores
577 861 723 916 saepe
760 845 1051 913 efﬁcimur,
1083 846 1236 916 quasi
1272 862 1377 900 non
1409 845 1658 900 eumdem
1688 844 1836 913 judi-

225 955 361 998 cem
393 950 799 1011 exspectemus.
832 940 996 997 Stulti
1038 954 1247 1007 sumus,
1300 939 1345 994 si
1390 954 1556 992 unum
1590 937 1839 1005 probavi-

224 1046 363 1086 mus
391 1032 729 1087 credentinm
761 1030 1099 1087 Salvatorem
1130 1046 1143 1081 :
1176 1039 1231 1082 et
1261 1043 1368 1082 non
1402 1042 1563 1081 unum
1592 1025 1832 1094 judicem

225 1124 358 1181 fore
384 1126 694 1180 credamus.
728 1123 895 1180 Unam
930 1123 1114 1189 ﬁdem,
1150 1136 1311 1175 unum
1346 1119 1631 1190 baptisma,
1669 1134 1831 1173 unam

230 1218 566 1281 Ecclesiam,
596 1231 761 1271 unum
794 1215 963 1270 Deum
993 1213 1124 1269 dicit
1150 1212 1469 1282 Apostolus.

311 1308 381 1363 V.
422 1308 523 1375 Qui
550 1322 680 1377 ergo
710 1306 871 1361 hodie
915 1305 1109 1370 malus,
1153 1305 1387 1359 crastina
1434 1303 1587 1374 pejor
1624 1321 1635 1357 :
1671 1302 1831 1357 hodie

228 1414 453 1465 avarus,
486 1399 721 1455 crastina
763 1399 1002 1452 avarior.
1033 1399 1172 1452 Ante
1209 1411 1410 1450 annum
1456 1410 1590 1449 meae
1619 1393 1830 1464 cupidi-

227 1492 333 1545 tati
364 1504 468 1544 una
497 1489 619 1542 villa
648 1488 937 1543 suﬁ'ecerat
963 1505 974 1540 :
1003 1486 1113 1556 jam
1144 1485 1245 1539 hoc
1284 1498 1429 1539 anno
1469 1484 1655 1554 quinta
1689 1484 1828 1537 forte

230 1598 345 1639 non
375 1581 596 1636 sufﬁcit.
646 1580 803 1635 Prius
846 1578 1238 1634 extendebatur
1276 1577 1490 1632 animus
1533 1588 1591 1630 ut
1634 1575 1825 1631 decem

231 1673 446 1730 solidos
491 1672 871 1742 possiderem:
922 1670 1034 1739 jam
1081 1684 1223 1723 nunc
1260 1680 1476 1723 centum
1531 1667 1680 1738 parvi
1711 1682 1831 1723 esse

1946 1690 2187 1757 perbum.
2234 1691 2509 1747 Pmnitete
2542 1702 2595 1748 te
2626 1698 2853 1759 aSStH‘iS,
2902 1698 2990 1766 qui
3044 1706 3189 1754 tutus
3241 1699 3293 1752 in

226 1772 538 1836 ceperunt.
566 1763 634 1818 Et
662 1777 784 1817 cum
827 1762 940 1817 veri
976 1760 1295 1825 Christiani,
1328 1760 1439 1815 veri
1474 1759 1564 1813 ﬁlii
1595 1759 1688 1814 Dei
1740 1760 1834 1829 qui

228 1857 444 1912 vadunt
469 1858 537 1911 de
562 1855 762 1911 virtute
789 1854 843 1910 in
866 1854 1143 1921 virtutem,
1172 1854 1215 1908 si
1244 1852 1584 1924 perdiderint
1604 1853 1837 1922 aliquid,

228 1949 304 2005 de
332 1949 554 2003 virtutis
606 1948 897 2003 occasione
942 1946 1229 2000 laetantur:
1263 1959 1365 2015 ego
1395 1946 1498 1999 nisi
1545 1944 1719 1999 aliena
1749 1958 1839 1998 ac-

228 2055 459 2111 cepero,
501 2054 729 2096 securus
757 2038 1025 2110 prandere
1067 2051 1174 2092 non
1224 2052 1467 2108 possum.
1508 2034 1650 2104 Quid
1697 2036 1835 2104 agis,

230 2150 381 2190 cseca
409 2132 713 2204 cupiditas?
730 2131 868 2199 Quid
891 2131 1129 2187 crudelis
1160 2131 1211 2185 in
1230 2130 1457 2203 parvulo
1477 2131 1501 2184 ?
1522 2129 1662 2197 Quid
1693 2144 1837 2184 szeva

234 2228 295 2280 in
327 2226 507 2280 alieno
538 2224 685 2278 lilio?
733 2222 990 2279 Ordinem
1021 2233 1231 2278 natura;
1269 2237 1337 2277 an
1377 2221 1653 2292 religionis
1684 2235 1838 2275 ever-

235 2319 344 2373 tis?
367 2318 486 2373 Jam
514 2315 695 2374 fecisti
737 2318 789 2372 in
831 2316 1092 2387 pedibus,
1130 2315 1277 2387 quod
1307 2314 1360 2370 in
1390 2313 1566 2384 capite
1595 2328 1717 2369 esse
1745 2312 1838 2368 de-

234 2412 451 2468 buerat.
484 2412 694 2467 Aurum
720 2410 1039 2467 insensibile
1061 2410 1266 2483 pariter
1294 2408 1544 2463 omnibus
1582 2406 1833 2461 domina-

237 2516 347 2560 tur.
378 2506 447 2561 Et
467 2504 597 2575 quid
625 2514 707 2559 est
749 2503 880 2558 illud
910 2518 1063 2574 rogo,
1114 2502 1201 2557 vel
1232 2502 1395 2572 quale
1424 2510 1528 2567 est,
1560 2500 1702 2569 quod
1736 2513 1836 2553 nos

238 2599 441 2652 avertit
457 2614 489 2652 a
513 2597 659 2653 Deo?
674 2596 807 2665 Quis
830 2595 1091 2666 splendor
1112 2603 1165 2648 et
1183 2601 1414 2664 quantus
1431 2603 1534 2658 est,
1555 2606 1652 2662 per
1675 2605 1833 2661 quem

245 2691 376 2746 mihi
405 2691 665 2761 splendor
688 2691 804 2747 veri
835 2690 965 2745 solis
993 2688 1292 2744 amittitur!
1326 2689 1528 2741 Aurum
1560 2696 1615 2740 et
1642 2699 1836 2754 argen-

238 2792 355 2839 tum
394 2783 571 2839 Iutum
618 2784 947 2853 exquisitum
992 2797 1058 2838 ex
1108 2796 1271 2855 arena
1325 2789 1379 2835 et
1423 2779 1648 2847 minera,
1695 2787 1749 2832 et
1779 2784 1839 2830 ut

240 2874 518 2947 Propheta
567 2875 662 2942 ait,
712 2875 915 2945 lignum
964 2872 1263 2940 offensionis
1307 2881 1392 2927 est
1439 2885 1630 2925 aurum
1664 2888 1677 2924 :
1710 2869 1836 2939 quia

232 2966 447 3036 judicio
480 2968 677 3022 mentis
709 2980 932 3033 everso,
967 2979 1066 3035 per
1094 2979 1285 3018 aurum
1320 2960 1527 3017 libidini
1557 2962 1835 3029 mancipa-

1940 382 2244 443 cooclusio.
2302 383 2474 439 Unum
2509 387 2633 441 dico
2671 388 2818 459 quod
2864 390 3047 459 cupio,
3089 393 3216 458 quia
3249 391 3543 447 Christiani

1939 479 2139 532 malum
2186 478 2387 533 debent
2432 495 2638 546 amare,
2694 498 2806 537 non
2852 494 3097 538 terram:
3142 496 3197 539 et
3226 487 3395 541 verbo
3445 488 3543 543 Dei

1942 568 2063 638 plus
2095 570 2319 626 obedire
2365 588 2523 641 quam
2575 574 2917 629 diabolo;ct
2961 575 3227 644 judicium
3278 592 3541 635 internum

1941 662 2121 733 magis
2156 663 2350 719 timere
2380 680 2540 734 quam
2574 664 2877 721 hominum.

2086 797 2401 856 MONITUM
2432 799 2499 854 IN
2531 800 2924 858 EPISTOLAM
2961 802 3402 872 SEQUENTI‘JM.

2022 930 2171 1007 Vere,
2201 934 2275 985 ait
2297 932 2569 1007 Erasmus,
2602 944 2712 988 tota
2733 936 2907 1007 specie
2932 938 3085 1006 refert
3111 950 3379 1007 parentem
3404 956 3543 992 cum-

1942 1002 2056 1080 dent
2088 1003 2198 1080 (nec
2230 1004 2471 1080 epistola,
2503 1022 2653 1080 quem
2687 1002 2931 1080 superior
2950 1052 2963 1073 ,
2990 1002 3180 1080 'qua'nt
3199 1010 3252 1060 in
3291 1011 3547 1080 plerisque

1938 1072 2218 1148 codicibus_
2244 1073 2436 1142 absque
2470 1072 2630 1148 titulo
2662 1072 2831 1145 reperi
2857 1093 2876 1130 .'
2909 1072 3058 1133 nullo
3087 1072 3313 1148 indicio,
3362 1072 3550 1136 ncc'ad

1934 1157 2083 1210 quem
2112 1144 2313 1212 scripta
2342 1146 2526 1214 fuerit,
2560 1163 2654 1198 nec
2681 1144 2866 1215 aquo.

2435 1277 2772 1335 EPISTOLA
2811 1280 3052 1337 XXXIII.

2149 1402 2218 1446 AD
2244 1407 2496 1454 QUEMDAI
2521 1409 2609 1458 QUI
2638 1410 2689 1449 IN
2719 1411 2937 1452 SECULO
2970 1413 3320 1456 PCENITEBAT.

2010 1502 2051 1556 Ι.
2093 1503 2175 1556 Ad
2209 1514 2260 1557 te
2292 1521 2458 1575 surgo
2489 1506 2789 1575 hominem,
2818 1525 2977 1579 quem
3004 1512 3119 1566 scio
3145 1528 3267 1567 esse
3298 1513 3535 1570 ﬁdelem.

1936 1597 2014 1652 Ad
2048 1606 2100 1652 te
2131 1598 2428 1669 increpatio
2462 1616 2578 1656 mea
2610 1602 2856 1669 festinat,
2890 1620 3049 1674 quem
3080 1605 3262 1661 sentio
3293 1621 3415 1662 esse
3442 1624 3536 1662 sn-

3340 1702 3541 1755 sa‘culo

1937 1783 2301 1836 conversaris.
2336 1783 2613 1840 Pmnitere
2646 1796 2696 1839 te
2725 1790 2951 1855 asseris,
2981 1790 3070 1859 qui
3097 1805 3159 1844 ea
3188 1805 3309 1861 qua:
3354 1807 3539 1847 vome-

1938 1886 2050 1938 ras,
2101 1872 2295 1927 iterum
2351 1876 2544 1929 sumis.
2590 1876 2864 1933 Pmnitcre
2917 1889 2970 1935 te
3020 1882 3241 1949 asseris,
3287 1884 3376 1952 qui
3409 1884 3535 1939 dtnn

1942 1981 2108 2035 opera
2138 1966 2341 2020 diaboli
2362 1968 2634 2037 sequeris,
2656 1968 2940 2024 Dominum
2966 1974 3360 2039 praetermittis.
3386 1975 3539 2032 Scire

1940 2072 1966 2110 a
2002 2067 2054 2113 te
2083 2058 2340 2113 desidero
2372 2059 2500 2129 quid
2531 2061 2816 2131 pmniteas.
2844 2061 3040 2117 Nescio
3063 2064 3191 2133 quid
3222 2065 3291 2118 sit
3318 2075 3407 2120 tua
3430 2083 3537 2136 pm-

1941 2150 2193 2205 nitentia.
2240 2152 2513 2209 Pmnitere
2562 2162 2617 2209 te
2669 2156 2867 2210 asseris
2901 2156 2991 2225 qui
3024 2156 3152 2211 dum
3199 2157 3409 2226 justitia
3444 2162 3539 2216 Dei

1941 2246 2263 2311 prmcinctus
2290 2261 2371 2309 es,
2406 2238 2841 2315 superinduxisti
2882 2248 3221 2317 superbiam.
3262 2249 3539 2308 Pmnitere

1942 2344 1996 2388 te
2019 2336 2241 2402 asseris,
2273 2337 2365 2404 qui
2396 2337 2523 2391 dum
2547 2338 2785 2392 alienam
2818 2353 3037 2394 carnem
3065 2341 3334 2411 sequeris,
3360 2343 3439 2397 sic
3465 2344 3542 2395 fa-

1943 2427 2155 2495 tigaris,
2191 2436 2247 2481 ut
2282 2427 2436 2482 canis
2471 2444 2729 2484 reversus
2756 2429 2823 2483 ad
2872 2433 3134 2485 vomitum
3174 2446 3331 2487 suum
3360 2451 3373 2487 :
3400 2433 3542 2488 sicut

1937 2518 2089 2571 canis
2116 2516 2372 2583 fumidus,
2421 2529 2513 2572 aut
2543 2534 2636 2575 sus
2687 2535 2718 2574 a
2761 2521 2944 2577 calore
2989 2521 3196 2577 defecta
3246 2522 3299 2578 in
3351 2524 3535 2578 lininm

1941 2619 2101 2664 terra:
2126 2619 2387 2679 postrata.
2416 2610 2549 2679 Quae
2575 2613 2642 2666 sit
2678 2622 2765 2666 tua
2797 2615 3135 2682 paenitentia,
3164 2632 3270 2671 non
3299 2617 3536 2671 invenio.

1937 2702 2228 2758 Ambulavi
2260 2704 2312 2758 in
2360 2705 2541 2759 locum
2576 2707 2918 2773 pmnitentim
2948 2716 3002 2763 et
3044 2724 3151 2763 non
3195 2710 3377 2765 inveni
3425 2728 3538 2780 rte-

1938 2794 2221 2848 nitentiam
2252 2803 2423 2849 tuam.
2449 2796 2526 2851 Tu
2552 2798 2641 2868 qui
2672 2799 2933 2853 sacculum
2956 2798 3304 2868 deserueras,
3336 2803 3532 2857 iterum

1940 2886 2139 2941 ibidem
2172 2888 2454 2943 inveniris.
2482 2889 2583 2957 Qui
2614 2892 2799 2945 carnis
2830 2892 3139 2961 superbiam
3171 2893 3531 2964 deposueras,

1939 2982 2215 3038 submittis
2239 2985 2551 3049 humerum,
2599 2995 2656 3037 ut
2685 2985 2881 3039 iterum
2914 2997 3120 3056 portes.
3164 2985 3261 3053 Qui
3292 2988 3534 3041 avaritia:

235 3066 326 3115 tur
350 3075 364 3111 :
398 3058 493 3130 qui
525 3058 717 3113 eodem
756 3065 876 3111 astu
903 3055 1141 3126 acquirit
1170 3054 1429 3119 solidum,
1457 3067 1567 3123 quo
1596 3052 1829 3106 animam

1946 3077 2168 3132 dederas
2196 3077 2440 3144 dorsum,
2487 3078 2669 3133 denuo
2707 3079 2785 3132 illi
2828 3079 3043 3133 obviam
3078 3081 3393 3135 reverteris.
3429 3081 3533 3147 Qui

237 3153 459 3221 perdit:
505 3152 746 3207 lucratur
794 3149 1140 3219 imperatoris
1171 3148 1486 3218 imaginem,
1534 3156 1589 3201 et
1633 3145 1835 3200 amittit

236 3244 539 3315 imaginem
571 3242 790 3298 Christi.
842 3243 934 3298 Vis
975 3257 1137 3297 nosse
1174 3256 1333 3311 quam
1377 3238 1719 3311 perniciosus
1765 3238 1835 3293 sit

236 3351 403 3393 amor
434 3335 688 3401 habendi,
732 3344 788 3391 et
833 3350 987 3391 amor
1014 3333 1360 3404 requirenda
1399 3330 1685 3401 pecuniae?
1730 3331 1834 3385 Per

238 3431 387 3486 hunc
433 3430 601 3487 Judas
646 3429 869 3485 tradidit
918 3428 1278 3486 Salvatorem.
1321 3425 1392 3480 Et
1437 3434 1586 3480 certe
1616 3424 1833 3494 quando

241 3522 488 3587 auditur,
520 3532 614 3576 aut
635 3522 849 3593 quando
876 3521 1093 3590 legitur,
1130 3527 1338 3573 tantum
1366 3516 1545 3572 scelus
1573 3514 1834 3571 abhorre-

240 3630 363 3671 mus
387 3630 602 3671 omnes.
634 3614 702 3670 Et
726 3621 986 3684 quantum
1013 3612 1067 3667 in
1096 3611 1255 3667 nobis
1282 3620 1387 3676 est,
1421 3608 1643 3679 impium
1673 3606 1834 3662 disci-

240 3709 430 3779 pulum
454 3708 919 3765 condemnanius:
954 3715 1009 3763 et
1054 3720 1149 3776 per
1180 3704 1544 3776 ignorantiam
1593 3710 1831 3757 nostram

239 3810 429 3857 nostro
454 3815 557 3855 nos
581 3814 841 3855 mucrone
869 3797 1231 3855 confodimus.

340 3892 431 3948 VI.
486 3892 685 3959 Quanti
739 3892 879 3947 inter
931 3907 1031 3946 nos
1078 3889 1233 3948 Iuda:
1292 3888 1484 3945 Judam
1533 3887 1835 3943 damnant?

241 3986 441 4051 Quanti
471 3984 529 4040 in
557 3984 863 4054 semetipsis
890 3998 1013 4040 cum
1042 3997 1140 4053 per
1167 3979 1517 4051 cupiditatem
1557 3993 1685 4033 suas
1713 3977 1834 4030 ani-

243 4094 366 4134 nias
393 4078 615 4134 aeternis
640 4077 969 4133 cruciatibus
998 4076 1220 4131 tradunt
1250 4096 1262 4131 :
1295 4082 1349 4128 et
1378 4070 1669 4128 traditores
1702 4068 1840 4124 ﬁunt

243 4173 452 4243 pariter
482 4180 535 4227 et
557 4170 758 4226 occisi?
790 4171 869 4224 An
900 4178 1172 4238 putamus,
1198 4166 1416 4233 fratres,
1441 4162 1583 4234 quod
1601 4161 1838 4232 jocando

244 4265 555 4337 praedicent
603 4262 905 4334 prophetae.
966 4261 1192 4317 ridendo
1243 4260 1533 4331 loquantur
1579 4253 1834 4326 apostoli,

246 4356 523 4414 inutiliter
565 4356 820 4412 Christus
860 4355 1123 4425 judicium
1154 4349 1553 4409 comminetur?
1582 4346 1692 4403 Sed
1728 4346 1836 4417 joci

244 4464 354 4504 non
385 4456 536 4516 sunt,
562 4446 652 4502 ubi
675 4447 936 4518 supplicia
959 4445 1339 4501 intercedunt:
1365 4443 1409 4498 si
1438 4440 1672 4511 iocando
1697 4441 1837 4509 passi
1864 4428 1922 4488 D

245 4552 398 4609 sunt,
428 4542 722 4600 credantur
741 4541 977 4613 jocando
1006 4542 1193 4596 locuti.
1228 4540 1393 4595 Isaias
1419 4554 1569 4595 serra
1601 4548 1839 4594 secatur.

246 4637 440 4694 Daniel
465 4636 719 4692 leonibus
756 4636 1069 4707 deputatur.
1100 4636 1300 4691 Paulus
1334 4644 1615 4690 truncatur
1634 4633 1839 4703 gladio.

249 4729 446 4786 Petrus
465 4729 519 4785 in
540 4744 722 4797 cruce,
742 4729 1243 4798 Dominiexemplo,
1266 4728 1631 4799 suspenditur.
1653 4729 1718 4783 Et
1741 4729 1843 4784 hoc

253 4831 429 4880 totum
453 4833 511 4878 ut
534 4837 635 4878 nos
660 4837 688 4877 a
713 4821 955 4894 peccatis
975 4837 1071 4877 sua
1095 4821 1340 4877 doctrina
1362 4829 1706 4876 revocarent.
1732 4820 1841 4875 Sed

249 4914 415 4971 timeo
446 4930 517 4969 ne
548 4913 991 4970 inobedientibus
1023 4914 1077 4968 in
1107 4912 1443 4969 contrarium
1470 4912 1649 4967 divina
1678 4911 1841 4967 bene-

250 5006 372 5063 ﬁcia
404 5008 763 5077 deputentur,
801 5016 859 5061 et
899 5004 1148 5077 proﬁciat
1173 5004 1240 5060 ad
1270 5020 1485 5077 poenam
1531 5006 1587 5060 in
1621 5003 1840 5073 iudicio,

250 5102 389 5173 quod
435 5102 527 5157 hic
570 5100 757 5156 datum
784 5099 959 5157 fuerat
985 5100 1053 5154 ad
1096 5099 1349 5155 salutem.
1382 5100 1567 5155 Timeo
1612 5116 1680 5156 ne
1712 5101 1845 5156 ﬁdes

252 5205 435 5252 nostra
469 5193 647 5265 magis
673 5194 866 5264 jocalis
896 5194 970 5249 sit
991 5208 1151 5263 quam
1178 5192 1311 5248 ﬁdes
1333 5201 1387 5247 et
1410 5192 1573 5248 verba
1606 5193 1844 5247 illorum.

251 5290 443 5347 Timeo
477 5303 549 5342 ne
579 5284 702 5353 nos}
724 5284 962 5356 jocando
991 5300 1098 5340 non
1136 5283 1448 5340 salvemur:
1488 5292 1545 5340 et
1573 5283 1849 5356 quomodo

252 5400 348 5457 per
374 5383 549 5440 risum
585 5377 875 5435 introimus
907 5377 960 5432 in
986 5378 1006 5451 [
1028 5376 1115 5430 Al.
1154 5374 1291 5447 per]
1317 5376 1636 5443 Ecclesiam,
1667 5378 1749 5431 sic
1778 5376 1852 5431 ri-

249 5477 377 5533 deat
404 5476 502 5531 ille
532 5471 603 5528 de
649 5469 851 5527 nobis:
887 5470 1025 5525 sicut
1055 5471 1318 5540 scriptum
1361 5478 1483 5525 est:
1527 5469 1627 5535 Qui
1653 5469 1854 5524 habitat

254 5573 305 5625 in
334 5570 480 5626 caelis
504 5564 751 5622 irridebit
780 5580 866 5619 eos
898 5562 1124 5635 (Psalm.
1158 5579 1219 5630 tt,
1250 5562 1331 5636 4).
1360 5563 1527 5618 Multa
1568 5572 1695 5619 sunt
1737 5578 1854 5631 qua;

255 5662 530 5733 dicantur,
564 5656 665 5716 sed
695 5654 914 5713 fastidio
942 5665 1145 5724 vestro,
1174 5654 1315 5725 quod
1345 5668 1538 5725 aspera
1570 5663 1625 5713 et
1653 5652 1855 5710 inculta

1936 3170 2157 3223 vanitati
2189 3169 2489 3224 remedium
2522 3170 2678 3241 [forte
2711 3169 3018 3240 repudium]
3044 3169 3308 3235 dederas,
3339 3171 3535 3226 iterum

1935 3265 2227 3319 reverteris
2256 3265 2311 3318 in
2339 3265 2571 3332 gratiam
2599 3263 2742 3331 ejus.
2774 3263 2877 3331 Qui
2925 3279 3180 3332 pompam
3220 3263 3407 3317 saeculi
3454 3263 3539 3317 fu-

1934 3370 2187 3426 gaveras,
2223 3356 2419 3409 iterum
2464 3355 2517 3408 in
2554 3368 2748 3407 manus
2790 3355 2935 3408 illius
2982 3354 3238 3409 incidisti.
3273 3354 3535 3411 Atnbulas

1936 3456 2117 3503 autem
2159 3446 2433 3516 superbus
2463 3454 2518 3499 et
2546 3446 2725 3500 elatus
2756 3446 2992 3512 cervice,
3043 3447 3241 3509 nescis,
3274 3448 3538 3519 seriptum

1937 3552 2059 3593 esse
2090 3555 2101 3590 :
2141 3536 2286 3604 Quid
2318 3535 2466 3590 nobis
2504 3536 2703 3607 profuit
2746 3536 3007 3607 superbia,
3055 3547 3102 3590 et
3138 3538 3263 3609 quid
3298 3541 3537 3595 honestas

1936 3646 2052 3682 cum
2070 3630 2367 3701 jactatione
2395 3629 2539 3683 nobis
2568 3629 2825 3683 contulit?
2853 3627 3051 3684 Iterum
3085 3630 3287 3687 dictum
3321 3632 3491 3689 fuisse
3518 3653 3531 3689 :

1940 3718 2278 3775 Transierunt
2300 3720 2473 3774 omnia
2496 3720 2589 3774 illa
2611 3729 2870 3790 tamquam
2892 3720 3084 3776 umbra:
3103 3722 3263 3795 (Sap.
3293 3740 3347 3791 v,
3373 3726 3425 3792 8,
3454 3725 3538 3793 9)?

2009 3811 2073 3865 ll.
2121 3811 2361 3867 Fidelem
2392 3821 2443 3867 te
2475 3812 2776 3868 meministi
2808 3814 2897 3884 qui
2930 3829 3028 3883 per
3058 3831 3251 3885 aquam
3279 3817 3536 3887 baptismi

1937 3905 2123 3961 fueras
2176 3916 2519 3961 renovatus:
2566 3909 2708 3961 sicut
2753 3908 3016 3978 scriptum
3066 3918 3147 3965 est
3189 3928 3203 3963 :
3246 3910 3537 3978 Laramini,

1936 3998 2120 4053 mundi
2178 4005 2336 4053 estote
2377 4014 2395 4051 :
2447 4000 2650 4069 auferte
2697 3999 2952 4069 nequitias
3006 4000 3068 4053 ab
3116 4001 3303 4054 animis
3357 4004 3537 4057 vestris

1940 4090 2098 4165 (Isa.
2127 4106 2165 4157 ι,
2198 4088 2312 4161 16).
2344 4090 2470 4145 Illos
2508 4089 2576 4146 ad
2613 4090 2899 4145 lavandum
2934 4090 3182 4145 hortatur
3217 4108 3231 4145 :
3264 4100 3317 4143 tu
3350 4102 3533 4150 autem

1939 4200 2061 4241 cum
2094 4200 2245 4241 esses
2292 4184 2549 4251 mundus,
2598 4184 2855 4240 sordidus
2905 4183 3083 4240 factus
3120 4198 3199 4239 es.
3233 4183 3352 4239 Non
3384 4196 3540 4255 potes

1934 4279 2045 4349 jam
2078 4279 2260 4335 denuo
2290 4278 2461 4334 lavari
2497 4298 2509 4333 :
2541 4279 2685 4334 sicut
2716 4278 2847 4334 dicit
2878 4278 3075 4333 Petrus
3102 4276 3168 4333 ad
3204 4277 3490 4334 Dominum
3520 4300 3532 4334 :

1945 4371 2182 4435 Domine,
2213 4386 2315 4423 non
2342 4371 2510 4423 solum
2540 4370 2715 4442 pedes,
2740 4369 2829 4424 scd
2855 4380 2903 4424 et
2936 4387 3119 4424 manus
3146 4371 3282 4438 lava,
3306 4379 3354 4425 et
3381 4383 3537 4440 caput

1944 4474 1992 4519 et
2022 4480 2101 4518 me
2134 4473 2318 4517 totum.
2354 4463 2458 4530 Qui
2485 4462 2644 4517 semel
2687 4464 2823 4516 lotus
2848 4472 2958 4526 est,
3000 4464 3171 4517 denuo
3210 4478 3313 4518 non
3344 4464 3540 4536 indiget

1945 4558 2109 4611 lavari
2135 4554 2333 4627 (Joan.
2380 4571 2497 4621 xm,
2541 4554 2597 4621 9,
2631 4553 2698 4610 10
2725 4553 2767 4625 ).
2810 4555 2869 4610 Si
2913 4554 2995 4608 vis
3036 4561 3218 4609 autem
3251 4564 3312 4608 ut
3340 4554 3537 4612 iterum

1942 4648 2279 4714 emunderis,
2304 4650 2373 4700 da
2400 4646 2810 4716 eleemosgnam,
2843 4653 2889 4699 et
2911 4660 3025 4699 ecce
3040 4646 3214 4700 omnia
3231 4654 3322 4700 tua
3340 4648 3537 4703 munda

1944 4751 2087 4794 sunt.
2120 4740 2259 4807 Quia
2288 4738 2640 4809 eleemosyna
2670 4745 2775 4804 est,
2809 4751 2929 4806 quae
2957 4746 3148 4806 purgat
3170 4753 3389 4794 omnem
3417 4757 3541 4797 sor-

1943 4832 2091 4887 dem.
2125 4829 2360 4884 Humilia
2389 4837 2439 4883 te
2462 4827 2515 4881 in
2547 4828 2825 4891 omnibus,
2858 4834 2913 4880 et
2938 4839 3122 4880 coram
3153 4826 3268 4884 Deo
3291 4830 3540 4892 invenies

1947 4922 2197 4994 gratiam.
2231 4920 2487 4975 Subditus
2516 4928 2645 4984 esto,
2693 4934 2740 4973 et
2771 4918 2982 4973 obsecra
3009 4935 3148 4986 eum,
3182 4937 3245 4976 ne
3281 4925 3540 4982 wmuleris

1950 5022 2006 5069 ut
2051 5013 2284 5083 nequiter
2315 5012 2496 5082 facias.
2526 5011 2657 5065 Nam
2680 5012 2772 5082 qui
2811 5012 3185 5083 malignantur,
3229 5021 3543 5073 extermina-
3580 5052 3583 5057 -

1954 5109 2165 5163 buntur.
2209 5104 2312 5159 Ora
2366 5103 2650 5158 Dominum
2694 5103 2941 5174 quotidie
2983 5121 3106 5162 cum
3150 5109 3438 5182 lacrymis,
3493 5113 3540 5166 si

1955 5201 2097 5256 forte
2125 5208 2345 5270 peccata
2377 5205 2468 5251 tua
2506 5196 2804 5250 solvantur.
2840 5198 3096 5265 Quoniam
3126 5203 3362 5273 superbis
3401 5203 3546 5259 Deus

1954 5294 2166 5360 resistit,
2206 5289 2487 5345 humilibus
2532 5299 2705 5342 autent
2746 5290 2834 5343 dat
2860 5293 3084 5363 gratiam
3111 5294 3271 5365 (Jac.
3323 5311 3397 5363 tv,
3440 5298 3540 5369 6).

1955 5386 2228 5442 Memento
2261 5382 2430 5437 ﬁlium
2460 5381 2515 5435 in
2545 5380 2839 5452 longinquo
2870 5384 3127 5453 positum,
3156 5386 3431 5443 luxuriose
3468 5391 3553 5447 vi-

1955 5478 2134 5535 vendo
2183 5473 2545 5531 substantiam
2606 5473 2661 5528 in
2711 5476 3094 5532 meretricibus
3152 5476 3545 5550 dispensasse;

1959 5579 2155 5641 postea
2181 5562 2402 5621 humilis
2428 5563 2623 5631 factus,
2651 5581 2904 5623 reversus
2924 5578 3009 5625 est
3028 5568 3083 5623 in
3111 5571 3465 5643 semetipsum
3494 5585 3552 5631 et

1963 5661 2038 5719 ait
2068 5679 2078 5716 :
2115 5658 2310 5728 Quanti
2346 5657 2648 5715 mercenarii
2675 5659 2730 5715 in
2778 5660 2930 5715 domo
2959 5660 3121 5732 patris
3152 5665 3249 5721 mei
3286 5665 3556 5721 abundant
