4030 6304
480 235 595 294 Si!

1517 228 1576 286 S.
1618 226 2000 284 HIERONYMI
2039 222 2319 287 OPERUM
2360 223 2726 287 MANTISSA.
2798 262 2803 265 -

3675 225 3791 295 ιιι

480 344 748 421 panibus:
788 347 835 398 α
862 356 955 413 ego
980 339 1066 394 lsie
1104 343 1242 412 {ante
1282 340 1475 411 pereo!
1524 335 1750 409 Surgam
1794 338 1987 408 itaque,
2037 343 2081 391 et
2105 337 2162 398 Α
2189 335 2427 405 Domine,
2479 340 2638 407 neque
2690 334 2949 408 despicias
2993 352 3096 406 me,
3151 335 3295 393 Deus
3347 338 3601 401 salutaris
3646 323 3793 395 meus

488 446 674 496 vadam
705 437 774 493 ad
793 446 993 509 patrem
1019 448 1209 501 meum,
1239 442 1286 487 et
1317 434 1488 487 dicant
1513 431 1596 487 illi
1622 448 1641 486 :
1666 430 1825 486 Pater
1842 473 1855 500 ,
1880 429 2086 503 peccavi

491 535 549 590 in
579 533 765 589 calum
805 541 853 585 et
892 542 1071 581 coram
1110 530 1180 593 te,
1222 528 1340 599 jam
1384 543 1487 581 non
1523 541 1639 579 sum
1687 525 1878 597 dignus
1914 524 2090 576 vocari

491 628 638 697 ﬁlius
664 635 783 678 tuus
830 636 851 679 .°
890 621 978 690 {ac
1020 634 1101 672 me
1128 619 1265 673 sicut
1306 634 1466 673 unum
1504 616 1567 670 de
1612 615 1939 671 mercenariis
1988 614 2088 668 tuis

488 718 511 790 (
539 716 670 771 Luc.
714 729 803 779 xv,
844 707 1149 781 i7,seqq.).
1181 709 1344 765 Pater
1369 719 1549 765 autem
1578 722 1701 763 cum
1736 707 1963 762 vidisset
1992 706 2087 759 hu-
2127 747 2138 762 .

490 810 775 865 militatem
806 803 924 870 lilii,
967 813 1020 858 et
1049 801 1214 857 nimis
1241 800 1419 871 inepia
1449 800 1745 864 defessum,
1779 798 2091 854 misericor-

489 899 578 955 dia
600 904 907 954 commotus
934 902 1061 949 est:
1091 907 1189 963 pro
1217 892 1331 948 lilio
1374 892 1570 949 humili
1605 890 1812 948 occidit
1858 890 2089 971 vitulum

488 992 818 1062 saginatum.
867 986 1146 1043 Memento
1193 998 1349 1055 ergo,
1403 984 1501 1050 tili,
1540 984 1796 1055 quoniam
1838 980 2091 1038 Christus

492 1098 594 1155 pro
617 1093 671 1139 te
692 1090 942 1139 mortuus
965 1088 1069 1146 est,
1095 1078 1188 1150 qui
1212 1086 1340 1141 ante
1366 1076 1545 1137 fuerat
1570 1076 1770 1139 vitulus
1790 1075 2089 1147 saginatus.

493 1176 668 1234 Filius
712 1187 896 1230 alitem
947 1173 1097 1230 illius
1147 1173 1322 1244 major
1368 1172 1727 1229 contristatae
1772 1182 1881 1229 est.
1910 1171 2095 1239 Quare

495 1269 711 1324 occisus
740 1276 824 1322 est
880 1264 1162 1334 Christus,
1214 1263 1307 1335 qui
1354 1272 1473 1319 erat
1521 1264 1724 1319 vitulus
1775 1262 2095 1335 saginatus?

494 1360 657 1415 Pater
702 1368 884 1412 autem
940 1358 1086 1415 illius
1129 1356 1464 1425 corripiebat
1494 1356 1666 1423 illum,
1697 1354 1889 1410 dicens
1918 1370 1934 1407 :
1960 1352 2093 1422 Fili,

488 1462 547 1507 tu
572 1467 767 1523 semper
789 1466 989 1509 mecum
1017 1467 1091 1519 es,
1116 1458 1165 1512 et
1198 1451 1372 1510 omnia
1404 1465 1518 1507 mea
1544 1459 1634 1509 tua
1657 1457 1780 1508 sunt
1808 1464 1826 1502 :
1851 1446 2096 1503 Gaudere

495 1554 543 1599 te
570 1553 793 1615 oportet,
817 1545 939 1614 quia
967 1544 1051 1597 hic
1072 1543 1219 1612 ﬁlius
1247 1560 1390 1598 meus
1434 1552 1670 1598 mortuus
1709 1542 1899 1613 fuerat,
1937 1550 1985 1596 et
2016 1557 2096 1594 re-

496 1639 624 1692 vixit
652 1638 937 1710 :perierat,
969 1645 1017 1690 et
1046 1636 1279 1692 inventus
1301 1645 1395 1691 est.
1420 1636 1465 1690 Ο
1491 1652 1650 1707 quam
1681 1635 1898 1691 beatum
1926 1648 2099 1704 popu-

2194 428 2418 502 (Psalm.
2450 445 2594 497 xxvr,
2628 428 2717 503 9).
2750 429 2834 485 Ne
2865 431 3111 505 projicias
3141 448 3220 486 me
3250 448 3283 484 a
3307 430 3575 504 facietua,
3608 444 3655 488 et
3683 435 3795 503 spi-

2190 522 2345 575 ritum
2368 530 2609 577 sanctum
2637 531 2785 576 tuum
2823 538 2887 576 ne
2913 524 3180 595 auferasu
3214 539 3293 575 me
3317 521 3548 595 (Psalm.
3583 542 3638 591 L,
3672 526 3790 595 15).

2191 611 2340 667 Sana
2365 613 2591 668 animam
2623 630 2806 680 meum,
2840 614 2961 684 quia
2992 615 3199 686 peccavi
3230 614 3343 670 tibi.
3387 615 3577 672 Libera
3621 635 3702 675 me
3728 623 3798 675 de

2190 718 2278 757 ore
2303 704 2486 772 leonis,
2516 713 2565 762 et
2591 715 2760 760 averte
2789 704 2965 759 oculos
2990 723 3130 763 meos
3162 723 3225 761 ne
3252 709 3460 762 videant
3484 710 3787 765 vanitatem.

2192 792 2450 850 Illumina
2476 797 2662 869 {aciem
2698 807 2837 852 tuam
2865 814 3021 867 super
3065 814 3269 853 servum
3300 810 3443 861 tuum
3473 818 3492 856 :
3518 813 3564 857 et
3591 805 3796 857 salvum

2192 905 2271 943 me
2305 891 2390 960 [ac
2431 890 2483 942 in
2525 900 2613 945 tua
2645 890 3020 945 misericordia.
3063 889 3277 947 Adlaesi
3312 894 3617 951 testimoniis
3657 896 3794 967 tuis,

2194 977 2463 1034 Domine:
2500 980 2609 1035 noli
2650 997 2734 1043 me
2778 981 3121 1054 confundere.
3162 981 3248 1037 Ne
3288 985 3574 1041 tradideris
3613 986 3798 1055 meqin

2193 1087 2376 1127 manus
2403 1071 2763 1128 tribulantium
2796 1090 2896 1127 me.
2930 1072 3146 1129 Custodi
3182 1092 3283 1145 me,
3317 1073 3572 1145 Domine,
3605 1087 3661 1134 ut
3691 1097 3797 1152 pu-

2195 1165 2379 1234 pillam
2404 1166 2564 1231 oculi,
2596 1167 2690 1221 sub
2719 1167 2901 1221 umbra
2943 1166 3149 1223 alarum
3194 1178 3400 1224 tuarum
3440 1184 3652 1246 protege
3692 1189 3797 1228 me.

2200 1255 2479 1312 Peccatum
2500 1276 2666 1314 meum
2697 1261 2958 1332 cognitum
2986 1262 3077 1317 tibi
3108 1264 3230 1336 feci,
3264 1272 3312 1318 et
3339 1266 3627 1337 injustitias
3658 1284 3799 1321 nicas

2197 1368 2301 1409 non
2346 1352 2612 1408 abscondi.
2658 1352 2950 1425 Conﬁtebor
2997 1354 3111 1422 tibi,
3140 1355 3357 1412 Domine
3384 1357 3547 1426 Deus,
3581 1360 3638 1414 in
3689 1367 3801 1414 toto

2196 1443 2352 1499 corde
2364 1460 2492 1498 meo.
2511 1442 2758 1510 Domine,
2782 1446 2974 1500 exaudi
2998 1448 3288 1503 orationem
3313 1465 3495 1517 meam,
3519 1462 3568 1505 et
3593 1452 3805 1505 clamor

2196 1553 2342 1591 meus
2369 1536 2439 1591 ad
2468 1546 2516 1591 te
2540 1539 2729 1593 veniat.
2778 1538 2899 1595 Non
2930 1548 3134 1595 avertas
3157 1543 3341 1613 faciem
3371 1551 3509 1597 tuam
3540 1560 3571 1597 a
3593 1560 3699 1612 me,
3743 1546 3804 1600 in

2198 1645 2517 1700 quacumque
2555 1628 2640 1684 die
2681 1631 2921 1697 tribulor,
2956 1632 3150 1687 inclina
3188 1635 3258 1688 ad
3302 1651 3382 1689 me
3420 1652 3600 1690 aurem
3632 1646 3799 1691 tuam.

500 1729 635 1799 lum,
679 1746 776 1801 pro
800 1743 908 1801 quo
933 1728 1185 1785 Christus
1212 1738 1467 1785 mortuus
1495 1738 1580 1783 est
1608 1747 1619 1781 :
1658 1728 1816 1799 quale
1839 1726 2094 1799 gaudium
2127 1723 2175 1794 Β
2206 1719 2270 1775 In
2300 1738 2621 1793 quacumque
2646 1723 2728 1778 die
2759 1724 3063 1779 invocavero
3093 1733 3159 1791 te,
3192 1724 3429 1784 velociter
3466 1730 3662 1783 exaudi
3702 1746 3801 1786 me.

504 1830 659 1892 pater
688 1830 891 1897 portat,
934 1822 1154 1893 quando
1198 1821 1343 1896 quod
1396 1830 1668 1877 mortuum
1713 1819 1911 1886 fuerat,
1957 1820 2101 1876 revi-

502 1898 667 1991 v‘jgtn
690 1930 706 1970 :
736 1925 788 1969 et
819 1913 961 1986 quod
996 1914 1251 1984 perierat,
1295 1914 1577 1970 inventum
1610 1915 1724 1969 est!

571 2010 659 2067 Ill.
700 2008 834 2065 Ecce
861 2026 1019 2064 sanus
1030 2011 1145 2083 jam
1174 2012 1346 2084 factus
1376 2026 1426 2065 es
1455 2026 1474 2066 .'
1507 2010 1617 2064 noli
1645 2025 1881 2081 peccare,
1911 2025 1974 2063 ne
2010 2007 2101 2063 tibi

501 2104 700 2175 aliquid
722 2102 945 2156 deterius
969 2103 1254 2173 contingat.
1278 2102 1497 2157 Attende
1523 2119 1644 2173 ergo
1673 2103 1810 2157 unde
1826 2101 2097 2168 cecideris,

502 2207 549 2251 ct
589 2195 799 2269 plange,
840 2209 888 2251 et
927 2213 1021 2271 age
1047 2199 1420 2268 paenitentiam.
1456 2196 1517 2253 Si
1558 2215 1660 2272 quo
1689 2199 1886 2267 minus,
1936 2199 2102 2252 veniet

503 2287 760 2343 Dominus
802 2287 917 2355 tibi,
963 2298 1015 2343 et
1043 2287 1260 2341 movebit
1306 2288 1673 2347 candelabrum
1706 2300 1851 2342 tuum
1888 2290 1949 2342 de
1985 2290 2100 2342 loco

501 2400 624 2450 suo,
659 2381 762 2436 nisi
797 2381 1172 2451 paenitentiam
1196 2383 1396 2453 egeris.
1432 2384 1771 2449 Memorare,
1800 2382 1874 2437 iiIi
1896 2427 1910 2453 ,
1941 2381 2101 2439 Chri-

503 2485 645 2527 stum
671 2474 958 2543 reliquisse
990 2475 1281 2551 nonaginta
1308 2490 1502 2530 novem
1529 2475 1727 2546 justos,
1760 2486 1813 2532 et
1840 2477 2101 2547 qnazsisse

508 2581 672 2620 unum
698 2565 972 2622 hominem
1013 2577 1353 2636 peccatorem
1396 2585 1406 2620 :
1441 2578 1497 2621 et
1529 2568 1807 2623 inventum
1848 2571 1899 2624 in
1929 2570 2099 2643 invio,

507 2659 752 2713 humeris
778 2659 891 2712 suis
929 2670 1261 2728 reportasse.
1314 2658 1414 2714 Vel
1462 2660 1608 2716 illam
1656 2662 1940 2717 mulierem
1982 2680 2101 2730 qua:

506 2752 827 2820 perdiderat
856 2753 1194 2820 drachmam,
1226 2751 1331 2807 huc
1358 2764 1462 2822 est,
1495 2755 1789 2811 Ecclesium
1821 2755 2099 2815 hominum

506 2847 856 2909 peccaturum
890 2857 903 2892 :
928 2849 984 2895 et
1013 2842 1331 2898 accendisse
1360 2843 1675 2915 lucernam,
1706 2846 1810 2902 hoc
1835 2859 1918 2903 est
1944 2846 2103 2903 Chri-

509 2939 674 2995 stum,
705 2932 796 3002 qui
828 2940 910 2985 est
956 2932 1135 2989 lumen
1165 2933 1383 3003 iustitiae
1410 2946 1465 2993 et
1507 2936 1596 2993 illa
1625 2937 1842 2995 inventa
1874 2940 1927 2995 in
1959 2952 2100 2997 ster-

507 3038 656 3089 core,
690 3037 1021 3079 convocasse
1050 3024 1254 3080 amicas
1285 3027 1369 3082 vel
1402 3029 1630 3096 vicinas,
1680 3030 1731 3084 id
1763 3041 1868 3097 est,
1913 3031 2102 3090 Eccle-

2204 1812 2316 1869 Fac
2358 1829 2557 1869 mecum
2585 1815 2810 1891 signum,
2855 1816 3096 1883 Domine,
3127 1818 3185 1871 in
3224 1817 3413 1872 bonum
3445 1834 3466 1876 :
3505 1828 3562 1874 ut
3592 1820 3803 1877 videant

2201 1910 2290 1977 qui
2316 1908 2539 1963 oderunt
2570 1925 2670 1976 me,
2705 1918 2752 1963 et
2792 1909 3204 1973 confundantur.
3237 1910 3462 1971 Remitte
3498 1911 3662 1978 mihi,
3696 1911 3811 1966 Do-

2202 2003 2359 2069 mine,
2389 2010 2446 2057 ut
2472 2002 2771 2074 refrigerer,
2802 2002 3106 2075 priusquam
3129 2003 3334 2075 abeam,
3380 2013 3427 2058 et
3456 2005 3682 2079 amplius
3704 2022 3808 2060 non

2205 2111 2292 2151 ενο
2300 2134 2314 2150 ο

2276 2189 2342 2245 ν.
2385 2188 2527 2251 Ecce
2552 2188 2871 2260 ptenitentia
2902 2187 3136 2245 hominis
3158 2189 3499 2247 humiliantis
3527 2206 3586 2246 se
3612 2208 3627 2247 :
3657 2208 3805 2264 quo-

2202 2286 2365 2345 modo
2410 2286 2624 2342 veniam
2669 2301 2777 2343 non
2822 2285 3048 2341 habebit
3092 2286 3183 2357 qui
3233 2287 3416 2349 taliter
3463 2287 3813 2359 ingemiscit!

2201 2379 2333 2450 Quis
2366 2394 2470 2434 non
2502 2378 2685 2433 audiat
2715 2379 2889 2446 illum,
2921 2387 2975 2432 et
3000 2379 3318 2437 moveatur?
3346 2379 3611 2457 Quoniam
3636 2381 3727 2453 qui
3760 2396 3818 2435 se

2203 2474 2440 2535 Itumiliat
2493 2472 2825 2538 exaltabitur,
2886 2481 2935 2525 et
2981 2472 3068 2543 qui
3107 2487 3162 2526 se
3207 2472 3404 2527 exultat
3451 2472 3819 2529 humiliabitur

2201 2565 2355 2637 (Luc.
2382 2582 2490 2630 xtv,
2524 2564 2635 2637 Η).
2667 2564 2804 2632 Quid
2833 2564 3076 2637 gloriaris
3108 2564 3161 2619 in
3196 2566 3416 2630 malitia,
3444 2567 3532 2637 qui
3548 2576 3734 2639 potens
3757 2584 3816 2622 es

2202 2661 2260 2715 in
2298 2660 2618 2732 iniquitate?
2654 2659 2839 2719 Melius
2880 2670 2957 2713 est
3006 2666 3055 2717 te
3085 2675 3188 2712 non
3240 2675 3438 2731 vovere,
3471 2667 3519 2719 et
3567 2660 3813 2730 reddere,

2201 2768 2354 2822 quam
2375 2768 2570 2819 vovere,
2603 2758 2649 2804 et
2672 2766 2775 2809 non
2796 2750 3029 2805 reddere.
3064 2750 3439 2819 ‘Pmnitentem
3473 2762 3524 2807 te
3555 2751 3713 2819 dicis,
3748 2764 3810 2807 et
3844 2796 3855 2806 .

2201 2844 2380 2901 mrnis
2410 2843 2633 2899 libidine
2660 2842 2975 2898 delectaris.
3009 2843 3235 2900 Peccata
3276 2852 3361 2899 tua
3414 2862 3522 2898 non
3554 2846 3824 2905 desinunt

2201 2938 2507 3007 ambulare,
2538 2946 2593 3001 et
2624 2947 2678 2993 tu
2705 2936 2849 2993 dicis
2874 2939 3017 3007 quod
3052 2938 3300 2994 sedeant.
3332 2937 3603 2995 Peccatori
3629 2950 3821 2995 autem

2204 3032 2337 3085 dixit
2377 3030 2531 3098 Deus,
2560 3046 2721 3099 quare
2748 3040 2809 3084 tu
2825 3046 3039 3085 euarras
3049 3032 3280 3097 justitias
3311 3048 3470 3101 meas,
3510 3042 3555 3085 et
3586 3032 3825 3088 assumis

510 3115 619 3169 sias
647 3116 952 3184 gratulasse
998 3131 1163 3186 super
1204 3117 1479 3174 inventum
1528 3120 1803 3176 hominem
1847 3133 2099 3193 peccato-
2124 3099 2168 3169 ε
2204 3122 2586 3178 Testamentum
2620 3137 2788 3183 meum
2818 3139 2969 3191 super
2997 3139 3053 3187 os
3082 3125 3265 3178 tuum?
3293 3121 3373 3176 Tn
3392 3140 3508 3177 vero
3535 3124 3692 3178 odisti
3724 3125 3819 3177 di-

510 3219 623 3258 rem
653 3219 666 3256 :
700 3211 756 3259 et
806 3218 837 3258 ι
867 3216 1110 3261 stercore
1161 3217 1401 3263 erectum
1454 3210 1756 3269 collocasse
1801 3228 1926 3269 eum
1973 3232 2098 3271 cum

508 3294 849 3364 principibus
879 3297 1060 3366 populi
1105 3298 1230 3355 sui:
1283 3301 1386 3354 hoc
1430 3311 1543 3368 est,
1595 3318 1717 3357 cum
1757 3308 2018 3374 apostolis
2047 3316 2103 3364 et

510 3390 814 3460 praphetis.
850 3390 993 3449 Ecce
1023 3392 1149 3462 quid
1179 3392 1337 3448 iaciat
1372 3395 1691 3465 poenitentia
1718 3398 1951 3455 hominis
1980 3416 2101 3471 pec-

509 3484 714 3539 catoris
743 3502 758 3539 :
792 3484 884 3555 qui
909 3486 1036 3541 dum
1071 3487 1122 3541 in
1152 3498 1394 3544 stercore
1417 3490 1584 3559 jacet,
1618 3506 1740 3547 cum
1771 3494 2103 3566 principibus

507 3575 805 3635 invenitur.
838 3577 1196 3635 Ptenitentem
1231 3582 1506 3639 hominem
1534 3584 1678 3653 dico,
1709 3588 1803 3657 qui
1826 3587 2016 3643 diebus
2041 3603 2105 3644 ac

511 3668 763 3724 noctibus
796 3670 1097 3741 ingemiscit
1126 3682 1182 3728 et
1214 3685 1434 3744 peccata
1482 3691 1579 3731 sua
1628 3677 1989 3753 eleemosynis
2022 3697 2106 3737 re-

512 3760 689 3817 dimit.
727 3760 1087 3820 Pmuitcntem
1134 3766 1405 3822 hominem
1437 3769 1580 3840 dico,
1613 3773 1704 3842 qui
1746 3772 1947 3846 plangit
1979 3776 2103 3849 quia

512 3855 641 3908 fecit
666 3854 867 3910 malum
896 3870 910 3909 :
936 3865 992 3911 et
1020 3869 1172 3925 rogat
1196 3860 1499 3929 Dominum,
1534 3873 1591 3917 ut
1611 3864 1773 3919 ctiam
1801 3872 1908 3929 non
1940 3869 2104 3927 faciat

513 3946 659 4019 quod
684 3948 999 4009 admiserat.
1025 3949 1385 4009 Paenitentiam
1409 3954 1678 4011 hominem
1704 3961 1846 4029 dico,
1871 3967 1959 4031 qui
1983 3973 2106 4034 post

514 4041 984 4109 cuncupiscentias
1014 4058 1139 4098 suas
1168 4061 1277 4099 non
1316 4047 1486 4116 vadit,
1537 4058 1592 4103 et
1618 4065 1647 4105 a
1699 4051 1976 4117 voluntate
2006 4069 2105 4109 sua

513 4145 574 4184 se
607 4130 877 4200 prohibet.
904 4133 1260 4195 Poenitentem
1293 4136 1572 4197 hominem
1614 4141 1756 4210 dion,
1791 4145 1883 4215 qui
1930 4146 2109 4216 diligit

515 4223 662 4292 quod
690 4237 816 4280 ante
848 4226 1172 4297 neglexerit,
1215 4240 1267 4283 et
1301 4232 1445 4301 quod
1495 4233 1697 4288 fecerat
1741 4236 2105 4294 obliviscitur.

513 4314 844 4370 Adhmrcant
875 4323 926 4371 in
958 4327 1012 4373 te
1056 4337 1176 4391 qua:
1202 4322 1341 4377 bona
1384 4333 1511 4378 sunt
1540 4342 1552 4379 :
1583 4334 1779 4397 etquae
1810 4328 1954 4383 mala
1981 4339 2110 4385 sunt

512 4408 816 4463 deleantur.
851 4409 907 4466 Si
964 4414 1337 4485 paenitentiam
1387 4432 1492 4470 non
1541 4418 1741 4488 egeris,
1794 4419 2003 4477 incides
2050 4423 2104 4483 in

2203 3212 2498 3287 sciplinam,
2530 3224 2576 3267 et
2620 3213 2887 3287 projecisti
2927 3230 3192 3269 sermones
3217 3231 3356 3269 meos
3398 3223 3700 3269 retrorsum.
3754 3216 3824 3272 Si

2203 3305 2409 3360 videbas
2432 3306 2622 3377 furem,
2641 3305 2891 3360 currebas
2912 3323 3026 3360 cum
3055 3323 3113 3360 eo
3140 3321 3159 3360 :
3184 3314 3233 3362 et
3259 3323 3377 3361 cu'n
3410 3306 3666 3363 adulteris
3691 3326 3828 3381 por-

2205 3400 2394 3456 tionem
2425 3406 2566 3453 tuam
2591 3398 2833 3469 ponebas.
2887 3398 2957 3454 Os
2987 3410 3130 3453 tuum
3169 3399 3451 3455 abundavit
3477 3401 3728 3471 nequitia,
3766 3410 3822 3456 et

2205 3492 2384 3564 lingua
2413 3499 2502 3544 tua
2533 3492 2871 3545 concinnabat
2916 3490 3089 3551 dolos.
3141 3491 3340 3547 Sedens
3391 3492 3640 3546 adversus
3694 3493 3823 3562 {ra—

2206 3591 2335 3637 trem
2376 3591 2523 3638 tuum
2572 3582 2873 3638 detrahebas
2907 3600 2924 3637 :
2954 3592 3003 3637 et
3031 3582 3279 3638 adversus
3307 3584 3477 3652 [ilium
3504 3584 3680 3641 aratris
3709 3592 3825 3638 tum

2208 3676 2431 3746 ponebas
2457 3676 2782 3732 scandalum.
2833 3675 2964 3741 Haec
2994 3677 3181 3749 fecisti,
3210 3686 3256 3729 et
3289 3677 3449 3733 tacui.
3486 3674 3823 3731 Existimasti

2206 3769 2377 3840 inique
2405 3767 2542 3839 quod
2578 3784 2669 3822 ero
2692 3770 2765 3822 tui
2792 3769 2975 3822 similis
3001 3785 3019 3823 .'
3049 3786 3267 3838 arguam
3290 3779 3337 3823 te
3364 3780 3410 3822 et
3438 3779 3661 3823 statuant
3689 3786 3824 3822 ron-

2210 3870 2288 3915 tra
2313 3862 2494 3932 [aciem
2529 3872 2690 3915 tuam.
2727 3859 3014 3933 Intelligite
3042 3862 3152 3916 [nec
3175 3863 3263 3935 qui
3294 3863 3657 3917 obliviscimini
3696 3862 3821 3917 Do-

2207 3955 2403 4009 minam
2428 3971 2448 4009 :
2489 3955 2761 4023 nequando
2790 3957 2979 4029 rapiat,
3011 3966 3059 4009 et
3108 3972 3209 4010 non
3238 3957 3303 4010 sit
3332 3958 3421 4029 qui
3461 3957 3669 4028 eripiat.
3704 3956 3820 4013 Sa-

2208 4047 2462 4118 cri/icium
2491 4048 2660 4111 laudis
2709 4048 3069 4123 Itonoriﬁrabit
3099 4066 3196 4113 me,
3239 4058 3288 4103 et
3330 4050 3440 4104 illic
3470 4060 3542 4103 est
3584 4049 3683 4105 iter
3710 4068 3821 4121 quo

2210 4142 2475 4203 ostendam
2494 4143 2541 4201 ei
2563 4143 2797 4204 salutare
2828 4158 2992 4195 meum
3025 4140 3197 4211 (Psal.
3230 4158 3378 4212 χιιι,
3408 4140 3473 4196 16
3504 4138 3691 4211 seqq.).

2283 4229 2365 4291 Vl.
2411 4230 2553 4291 Ecce
2579 4231 2759 4302 qualis
2787 4232 3144 4287 comminatio
3189 4232 3405 4287 Domini
3439 4232 3493 4286 in
3532 4231 3825 4295 hominem

2210 4332 2572 4393 peccatoreiu.
2617 4324 2697 4378 Tu
2731 4325 2823 4394 qui
2852 4324 3009 4389 dicis,
3045 4325 3135 4393 qui
3165 4324 3368 4379 asseris
3415 4333 3466 4379 te
3493 4324 3759 4395 poenitere
3796 4343 3811 4378 :

2211 4414 2300 4468 ubi
2329 4423 2416 4477 est
2456 4415 2781 4484 pmnitentia
2813 4415 2939 4470 tua?
2974 4415 3202 4470 Exclusa
3252 4429 3334 4469 est
3367 4431 3460 4484 per
3497 4416 3816 4484 superbiam

512 4516 704 4555 manus
741 4501 957 4555 Domini
1008 4504 1307 4559 secundum
1357 4508 1785 4579 magnitudinem
1830 4514 1968 4583 ejus.
2003 4512 2099 4567 Di-

2214 4512 2268 4557 ct
2300 4514 2666 4576 contemptum
2700 4522 2716 4561 :
2760 4507 2909 4577 sequi
2957 4506 3128 4562 Deum
3172 4506 3590 4575 prtetermisisd.
3628 4505 3807 4575 Audi,

508 4602 644 4646 t'crte
666 4610 698 4646 a
730 4592 887 4662 malo,
929 4603 977 4648 et
1002 4599 1088 4665 [ac
1117 4595 1306 4650 bonum
1330 4613 1351 4654 .'
1381 4599 1583 4681 inquire
1624 4618 1826 4679 pacem,
1858 4614 1906 4660 et
1930 4623 2107 4678 perse-

509 4700 663 4756 quere
694 4701 806 4738 eam
831 4686 849 4758 (
874 4684 1071 4740 Psalm.
1101 4704 1298 4751 χχχιιι.
1331 4691 1420 4751 15)
1447 4707 1462 4757 ;
1491 4692 1633 4747 sicut
1676 4695 1937 4769 scriptum
1971 4710 2054 4753 est
2087 4717 2100 4754 :

515 4776 680 4831 Omisi
709 4779 868 4843 mala,
894 4788 939 4833 et
962 4782 1179 4851 qutesivi
1199 4783 1352 4836 bona.
1380 4783 1492 4838 Fac
1518 4787 1864 4857 ergo’dignos
1896 4789 2104 4847 fructus

511 4871 847 4939 pauitantia
871 4888 887 4928 :
916 4880 1097 4928 etnon
1120 4873 1324 4929 dixeris
1348 4894 1361 4928 :
1384 4873 1601 4931 Peccavi
1634 4894 1650 4931 :
1678 4889 1726 4935 et
1755 4880 1878 4950 quid
1912 4882 2103 4936 accidit

514 4962 637 5012 mihi
659 4963 804 5015 triste
822 4964 848 5014 7

584 5050 673 5105 IV.
713 5051 829 5107 Non
856 5054 1081 5125 adjicias
1114 5067 1393 5137 peccatum
1412 5074 1577 5132 super
1606 5073 1911 5134 peccatum,
1945 5075 1998 5119 et
2024 5065 2106 5120 di-

509 5156 625 5206 cas,
658 5144 935 5200 miseratio
968 5149 1181 5209 Domini
1208 5166 1401 5224 magna
1430 5163 1532 5208 est.
1568 5154 1717 5210 Scito
1748 5166 1928 5212 autem
1960 5159 2103 5229 quod

510 5234 892 5289 misericordia
935 5244 991 5291 et
1020 5239 1095 5292 ira
1130 5241 1197 5296 ab
1227 5243 1320 5297 illo
1348 5253 1450 5299 est.
1490 5245 1785 5304 Revertere
1817 5250 1883 5304 ad
1919 5250 2103 5306 Domi-

466 5330 469 5331 ⁷
509 5345 661 5395 num,
695 5340 750 5384 et
780 5331 973 5400 piange
1001 5332 1269 5390 dicendo:
1297 5336 1410 5391 Tibi
1437 5340 1537 5393 soli
1564 5343 1789 5412 peccavi,
1823 5352 1872 5395 et
1902 5343 2099 5397 malum

505 5437 679 5474 coram
707 5430 755 5474 te
780 5422 881 5494 feci
905 5423 926 5494 (
952 5419 1155 5477 Psalm.
1186 5443 1239 5491 ι,
1273 5425 1349 5495 ὑ).
1392 5427 1597 5484 Delicta
1636 5433 1918 5499 iuventutis
1946 5449 2093 5501 mete,

502 5524 550 5566 et
571 5512 887 5583 ignorantiae
915 5532 1041 5570 metu
1058 5532 1119 5570 ne
1130 5518 1439 5585 memineris,
1458 5518 1919 5594 Domine(Psalm.
1946 5539 2092 5595 xxiv,

502 5600 536 5653 7
561 5601 606 5671 ).
643 5601 729 5658 Ne
759 5615 958 5661 avertas
987 5606 1174 5675 [aciem
1209 5616 1352 5662 tuam
1382 5626 1415 5662 a
1459 5628 1560 5687 me,
1590 5625 1637 5667 et
1668 5631 1733 5667 ne
1774 5615 1996 5671 declines
2038 5616 2095 5670 in

489 5698 571 5752 ira
588 5716 619 5753 a
639 5715 783 5761 servo
800 5711 907 5756 tuo.
932 5703 1157 5774 Adjutor
1183 5721 1326 5763 meus
1349 5720 1401 5763 es
1424 5714 1481 5762 tu
1500 5749 1516 5778 ,
1540 5724 1604 5763 ne
1626 5708 1956 5781 derelinquas
1981 5727 2084 5779 me,

2217 4596 2310 4665 ﬁli,
2343 4604 2397 4651 et
2420 4597 2632 4653 retrahe
2662 4598 2852 4669 pedem
2882 4606 3033 4654 tuum
3064 4598 3130 4654 de
3153 4599 3378 4669 saeculo,
3405 4599 3491 4653 cui
3520 4600 3811 4653 renuntia—

2214 4690 2301 4743 sti.
2333 4688 2605 4745 Ptenitere
2634 4707 2762 4761 ergo
2793 4691 2862 4746 de
2891 4693 3038 4747 omni
3082 4706 3277 4763 pompa
3325 4690 3646 4761 iniquitatis.
3698 4693 3813 4761 Ap-

2212 4784 2486 4854 prehende
2517 4783 2674 4841 iidem
2697 4799 2858 4854 quam
2889 4794 3013 4839 ante
3046 4784 3382 4853 perdideras,
3426 4795 3485 4840 ut
3514 4784 3807 4853 consemi-

2215 4890 2302 4930 res
2326 4876 2539 4931 diabolo
2568 4885 2621 4931 et
2649 4875 2914 4942 tenebris,
2963 4881 3017 4931 et
3047 4876 3357 4940 Dominum,
3411 4878 3501 4946 qui
3555 4876 3642 4929 lux
3692 4886 3808 4943 est,

2211 4978 2333 5037 post
2360 4967 2582 5023 dorsum
2627 4968 2945 5038 reliqueras.
2994 4967 3319 5035 Memorare,
3369 4968 3464 5039 liii,
3512 4956 3639 5039 quid
3692 4980 3807 5024 est.

2211 5058 2629 5115 Misericordiam
2661 5061 2795 5128 volo,
2831 5068 2878 5115 et
2921 5078 3020 5115 non
3051 5062 3367 5131 sacriﬁcium
3399 5061 3545 5134 (Ose.
3601 5075 3677 5127 vr,
3711 5059 3802 5131 6).

2208 5153 2554 5208 Miserebitur
2585 5155 2679 5209 tibi
2722 5152 3020 5209 Dominus:
3061 5154 3105 5207 si
3155 5154 3271 5209 hcec
3307 5168 3428 5208 cum
3463 5152 3681 5223 legeris,
3719 5152 3808 5207 fa-

2206 5247 2341 5316 cias,
2373 5258 2428 5315 et
2458 5265 2556 5323 per
2591 5248 2952 5305 obedientiam
2981 5247 3356 5320 paenitentiam
3391 5246 3656 5319 sequaris.
3692 5245 3809 5305 Ve-

2205 5357 2324 5395 rum
2356 5343 2399 5397 si
2426 5343 2495 5398 de
2538 5352 2648 5399 toto
2687 5342 2857 5398 corde
2888 5344 3262 5411 paenitendum
3293 5342 3491 5413 egeris,
3539 5342 3583 5397 si
3613 5341 3807 5399 Domi-

2203 5449 2330 5488 num
2361 5451 2471 5504 prae
2500 5436 2671 5491 oculis
2705 5435 2980 5503 habueris,
3010 5440 3055 5493 si
3084 5437 3284 5493 amissa
3326 5436 3583 5507 voragine
3612 5440 3800 5509 poculi

2200 5526 2478 5593 venenosi,
2510 5527 2733 5583 calicem
2751 5528 3003 5585 salutaris
3029 5529 3327 5601 acceperis,
3357 5529 3401 5584 si
3431 5529 3519 5584 die
3548 5543 3611 5584 ac
3633 5541 3806 5587 nocte

2198 5620 2252 5675 in
2281 5621 2399 5691 lege
2432 5620 2647 5681 Domini
2693 5621 3062 5695 meditareris,
3111 5624 3158 5678 si
3190 5637 3406 5692 omnem
3456 5621 3796 5679 sollicitudi-

2198 5727 2321 5777 nem
2348 5720 2493 5779 tuam
2523 5727 2685 5793 super
2710 5713 2861 5773 illum
2891 5716 3105 5788 miseris
3137 5733 3151 5777 :
3180 5726 3305 5783 tunc
3329 5714 3590 5797 gaudebis
3612 5724 3671 5772 et
3690 5732 3796 5779 ex-
