4012 6190
191 182 308 243 245

861 181 1197 240 EPISTOLA
1236 181 1481 241 XXXIV.
1522 174 1614 243 DE
1652 182 1796 243 DIVI

1901 181 1970 242 ιδ
2002 184 2400 249 GENEBIBUS
2440 186 2847 247 LEPRARUM.

3387 196 3493 255 υς

194 296 425 385 saltabis
452 296 507 353 in
537 296 788 361 Domino.
819 300 910 368 qui
939 299 1115 359 vicisti
1151 300 1467 371 malignum.
1500 299 1652 359 Tunc
1678 300 1786 359 erit
1808 301 1861 367 Δ
1888 302 2071 356 innata
2101 300 2574 371 deprehenditur:
2618 321 2739 379 qua
2769 308 2950 367 omnia
2989 307 3092 367 nisi
3126 308 3489 385 spiritualiter

198 381 406 447 merces
434 399 521 445 tua
550 392 773 463 copiosa
800 390 856 447 in
903 386 1078 461 caelis,
1127 392 1251 461 quia
1300 392 1482 448 taliter
1518 392 1570 449 in
1620 406 1785 462 opera

198 486 411 540 Domini
442 485 696 545 laborasti
732 503 744 541 :
780 496 906 543 tunc
935 487 1041 541 erit
1084 485 1342 541 Dominus
1394 485 1614 569 adjutor
1664 494 1790 545 tuus

195 577 252 632 in
272 577 360 635 die
383 577 567 646 iudicii
600 594 611 633 :
640 586 769 635 tunc
793 577 964 635 stabis
1003 591 1125 634 eum
1158 592 1351 647 magna
1382 568 1577 635 ﬁdutia
1603 591 1631 631 a
1660 568 1821 635 des?

154 680 160 686 '
194 672 295 727 tris
319 671 532 728 Domini
559 687 684 727 cum
714 672 914 729 sanctis
959 674 1095 739 suis,
1131 682 1186 726 et
1216 672 1362 727 dicet
1399 672 1594 727 vobis:
1643 670 1793 727 Veni-

195 773 266 832 te,
298 764 547 821 benedicti
581 763 759 821 Patris
790 764 928 832 mei,
984 764 1229 835 percipite
1269 779 1484 836 regnum
1527 779 1794 835 prwpara-

194 866 329 920 tum,
351 856 490 926 quod
522 858 834 929 prwparavit
858 858 998 911 vobis
1020 855 1181 910 Pater
1202 873 1341 910 meus
1368 857 1455 925 qui
1481 866 1553 909 est
1580 856 1631 910 in
1654 855 1793 909 caelis

194 944 419 1018 (Matth.
473 962 618 1017 xxv,
654 946 771 1019 54).
818 948 1038 1019 lnjustis
1084 957 1263 1003 autem
1294 948 1546 1004 dicetur:
1601 945 1683 1003 Ite
1738 948 1791 1001 in

188 1038 375 1114 ignem
396 1050 648 1097 internum
666 1083 681 1105 ,
704 1058 853 1111 quem
880 1042 1193 1114 pra’paravit
1224 1039 1385 1094 Pater
1416 1056 1556 1094 meus
1584 1039 1793 1093 diabolo

191 1143 247 1186 et
265 1136 467 1203 angelis
490 1135 624 1205 ejus.
644 1133 743 1189 Ubi
764 1135 897 1205 ignis
915 1151 1017 1187 non
1033 1134 1403 1204 exstinguetur,
1420 1140 1470 1185 et
1494 1132 1678 1185 vermis
1705 1146 1791 1184 eo-

192 1242 312 1278 rum
336 1244 440 1281 non
461 1228 728 1280 morietur.
761 1225 908 1279 Tunc
937 1226 1079 1278 ibunt
1091 1227 1227 1295 justi
1247 1226 1297 1277 in
1326 1226 1481 1279 vitam
1501 1233 1747 1283 cateruam
1767 1238 1789 1279 ε

194 1318 344 1391 impii
368 1329 539 1373 autem
584 1329 631 1371 et
654 1327 949 1389 peceatores
973 1322 1024 1379 in
1072 1318 1242 1391 ignem
1288 1328 1529 1373 retentum
1577 1316 1784 1387 (Ibid.,

194 1409 440 1483 41,46).

326 1522 637 1579 IIOMTUM
676 1522 742 1579 IN
783 1522 1174 1580 EPISTOLAM
1212 1521 1660 1592 SEQUENTE”.

271 1640 591 1711 Prodigiosa:
628 1640 980 1695 balbutientia:
1025 1638 1283 1694 hominem
1324 1637 1576 1693 Erasmus
1639 1645 1788 1711 uocat

195 1715 354 1785 hujus
380 1709 647 1767 auctorem
672 1713 902 1782 epistola:
931 1728 949 1765 :
973 1727 1089 1782 qua
1114 1722 1283 1785 tamen
1326 1711 1473 1785 nobis
1510 1726 1617 1785 non
1647 1709 1787 1777 infra

191 1780 526 1855 superiorum
548 1780 748 1856 aliquot
774 1780 1006 1851 censum,
1036 1793 1185 1850 atque
1212 1780 1479 1851 ingenium
1504 1781 1724 1836 videtur.

680 1934 1018 1995 EPISTULA
1056 1933 1303 1993 XXXIV.

514 2031 592 2086 De
627 2030 837 2085 diversis
874 2029 1146 2101 generibus
1186 2027 1473 2100 leprarum.

262 2149 301 2203 l.
346 2146 684 2205 Admirabile
710 2145 907 2201 divinae
933 2143 1309 2214 dispositionis
1357 2156 1617 2198 examen:
1668 2157 1791 2212 qua:

182 2238 432 2297 exhiberi
459 2237 565 2295 sibi
601 2237 743 2293 Deus
770 2250 835 2291 ac
854 2233 1055 2290 deferri
1087 2233 1284 2298 voluit,
1321 2248 1519 2303 magno
1550 2232 1791 2289 consilio

183 2343 242 2388 et
296 2328 489 2387 solerti
532 2327 761 2386 scientia
810 2341 875 2383 ac
930 2326 1144 2383 ratione
1208 2325 1508 2381 mandavit.
1566 2325 1788 2381 Diversa

182 2423 331 2479 enim
367 2420 649 2477 hominum
681 2420 925 2477 moribus
954 2434 1156 2489 genera
1190 2428 1526 2482 naturarum,
1554 2417 1788 2475 diversis

182 2516 378 2573 statuit
410 2524 803 2585 praceptorum
833 2512 1120 2569 sententiis
1140 2510 1453 2580 gubernari.
1482 2510 1617 2565 Aliis
1643 2511 1787 2567 enim

188 2607 578 2679 imaginarium
613 2605 751 2675 legis
794 2618 952 2677 opus,
986 2605 1136 2673 quasi
1179 2605 1281 2659 sub
1322 2604 1571 2659 veritatis
1605 2604 1790 2659 colore

185 2699 447 2768 depinxit.
470 2697 607 2755 Aliis
621 2712 821 2767 corpus
845 2695 1011 2764 ipsius
1032 2694 1277 2750 veritatis
1307 2694 1618 2750 declaravit.
1641 2695 1786 2767 Quos

188 2790 333 2847 enim
377 2789 665 2847 obvolutus
695 2788 871 2843 adhuc
900 2788 1085 2843 mundi
1130 2789 1385 2858 caligine,
1428 2788 1493 2847 ad
1535 2803 1787 2859 compre-

190 2884 479 2941 hendenda
508 2899 568 2939 ca
602 2898 723 2955 qua:
761 2896 1013 2957 germana
1040 2888 1196 2938 erant
1221 2895 1284 2935 ac
1312 2880 1511 2948 solida,
1548 2897 1785 2952 perpen-

189 2978 271 3032 dit
310 2992 325 3029 :
357 2976 437 3030 eis
469 2975 827 3031 observantia:
857 2971 1049 3033 ordine
1079 2987 1388 3047 suspenso,
1434 2971 1619 3027 subtili
1646 2987 1787 3044 quo-

1890 392 2197 450 sentiantnr
2242 412 2256 447 :
2314 396 2584 453 rationem
2631 397 3005 469 intelligentiae
3060 402 3328 473 simplicis
3376 420 3488 463 non

1890 484 2204 541 admittunt.
2236 485 2369 541 Nam
2400 488 2580 545 divina
2611 490 2899 559 sapientia,
2946 490 3079 562 legis
3117 508 3227 548 sua:
3258 496 3486 566 proluu-

1891 574 2019 630 dum
2060 576 2113 631 in
2162 575 2322 647 hujus
2371 588 2618 637 extrema
2650 580 2840 636 smculi
2890 583 3135 653 regione,
3166 585 3320 656 quasi
3352 597 3485 643 tem—

1895 671 2042 740 plum
2084 685 2183 725 suo
2210 670 2429 727 nomine
2460 681 2861 738 consecratum,
2908 674 3049 728 intra
3079 676 3316 734 civitatis
3354 680 3489 734 alte-

1894 763 2008 817 rius
2036 763 2233 820 moenia
2263 764 2571 819 collocavit.
2603 763 2767 836 Cujus
2795 767 3133 821 constructio
3165 776 3325 838 atque
3349 784 3486 840 Opus

1895 857 2147 926 quamvis
2178 857 2521 929 magniticum
2546 858 2815 928 videatur,
2846 860 3074 915 interior
3098 870 3279 918 tamen
3310 863 3485 918 aditus

1894 962 2004 1002 non
2032 948 2285 1003 omnibus
2317 960 2623 1005 reseratur.
2649 950 2800 1005 Multi
2830 952 2975 1005 enim
3027 953 3297 1009 mirantur
3326 970 3489 1011 orna-

1894 1049 2077 1094 menta
2107 1040 2362 1095 vitiorum
2398 1057 2413 1095 :
2446 1041 2540 1095 sed
2569 1041 2845 1099 interioris
2870 1043 3114 1100 scientim
3138 1045 3316 1101 aditus
3344 1062 3491 1103 rese-

1893 1147 2017 1186 rare
2052 1147 2160 1186 non
2191 1142 2444 1201 possunt.

1963 1219 2051 1276 Ill.
2095 1222 2275 1292 Quare
2302 1222 2505 1278 oranda
2535 1234 2621 1279 est
2642 1223 2824 1281 divina
2852 1228 3116 1301 dignatio,
3143 1239 3199 1286 ut
3227 1232 3492 1301 pulsanti-

1890 1315 1990 1369 bus
2021 1316 2198 1387 nobis,
2227 1315 2604 1387 intelligentia:
2648 1330 2892 1391 patescat
2926 1325 3227 1395 ingressus.
3259 1326 3489 1385 Juhetur

1890 1407 2053 1475 igitur
2075 1406 2294 1463 diversa
2320 1408 2593 1481 leprartun
2621 1425 2820 1483 genera
2848 1416 3107 1471 sacerdos
3135 1419 3324 1489 templi
3368 1420 3491 1477 dili-

1891 1512 2081 1571 genter
2108 1500 2395 1573 inspicere,
2444 1512 2609 1574 atque
2637 1520 2823 1562 earum
2860 1507 3098 1580 habitus,
3129 1510 3218 1566 vel
3249 1513 3483 1581 colores,

1891 1591 2124 1660 pleniori
2175 1593 2614 1651 consideratione
2652 1595 3080 1668 deprehendere.
3132 1600 3179 1659 Α
3207 1601 3483 1661 coloribus

1820 1687 1864 1747 Β
1889 1686 2033 1742 enim
2066 1686 2213 1757 lepra
2244 1685 2482 1743 refertur
2516 1703 2673 1758 posse
2719 1693 2965 1761 agnosci,
2998 1708 3136 1763 quos
3186 1702 3366 1757 tamen
3414 1696 3479 1755 ad

1891 1789 2171 1849 peCcatum
2211 1779 2380 1849 magis
2406 1780 2627 1848 animm,
2662 1796 2826 1854 quam
2859 1783 2927 1839 ad
2956 1784 3207 1842 morbum
3243 1787 3490 1859 corporis

1892 1869 2237 1929 manifestum
2268 1881 2349 1929 est
2379 1873 2675 1945 pertinere.
2736 1874 2943 1935 Diversi
2992 1879 3195 1935 etenim
3246 1880 3484 1948 colores,

1891 1962 2137 2018 diversas
2168 1963 2333 2017 animi
2366 1962 2605 2022 indicant
2639 1969 2898 2025 maculas.
2929 1969 3064 2027 Cum
3097 1972 3263 2043 igitur
3284 1975 3486 2046 pallida

1894 2051 2043 2122 lepra
2083 2052 2455 2124 conspicitur:
2504 2055 2768 2126 languens
2810 2070 2863 2117 et
2905 2075 3047 2131 mgra
3103 2061 3239 2118 ﬁdes
3290 2066 3488 2123 animae

1892 2145 2200 2200 denotatur.
2261 2146 2395 2205 Cum
2438 2156 2619 2207 autem
2674 2150 2973 2207 rubicunda
3034 2152 3486 2223 deprehenditur,

1892 2254 2046 2297 mens
2076 2239 2261 2295 furore
2284 2251 2446 2310 atque
2474 2241 2749 2299 iracundia
2776 2244 3109 2305 inﬂammata
3131 2256 3184 2303 et
3205 2248 3485 2307 homicidii

1889 2343 2087 2385 cruore
2117 2346 2363 2400 respersa
2393 2335 2764 2401 Cognoscitur.
2804 2335 2939 2397 Cum
2984 2352 3115 2395 vero
3159 2338 3304 2407 alba,
3355 2350 3483 2399 tunc

1892 2420 2269 2479 luereticorum
2297 2423 2478 2479 fucata
2504 2434 2559 2479 et
2588 2413 2729 2487 male
2767 2427 2969 2489 munda
2996 2430 3327 2487 conscientia
3360 2447 3491 2491 con»

1890 2513 2199 2571 damnatur.

1964 2608 2052 2663 IV.
2091 2608 2197 2665 Sed
2226 2609 2332 2665 alia
2364 2610 2508 2681 lepra
2542 2612 2594 2666 in
2622 2615 2824 2684 capite,
2862 2616 2968 2671 alia
2998 2617 3127 2677 oriri
3154 2618 3486 2689 perhibetur

1892 2702 1943 2757 in
1970 2702 2157 2759 barba.
2193 2702 2329 2759 Sunt
2356 2704 2503 2761 enim
2538 2704 2777 2762 haeretici
2818 2709 2911 2777 qui
2943 2707 3110 2765 Deum
3156 2709 3371 2767 Patrem
3404 2711 3487 2771 vi-

1890 2794 2086 2855 dentur
2129 2785 2501 2853 tantummodo
2550 2798 2959 2869 blasphemare,
2998 2811 3056 2859 ut
3112 2801 3483 2873 Matticltreus,

1890 2888 1983 2958 qni
2014 2903 2119 2945 non
2142 2889 2315 2944 solum
2343 2906 2465 2945 cuin
2502 2889 2758 2947 factorem
2789 2893 3017 2964 denegat
3050 2894 3260 2958 mundi.
3292 2912 3479 2953 verum

1891 2979 2055 3033 etiam
2086 2980 2351 3033 malorum
2381 2983 2666 3049 protitetur
2713 2998 2836 3037 esse
2886 2991 3187 3039 auctorem.
3241 2985 3302 3039 lli
3359 2997 3489 3057 sunt

192 3070 486 3125 dammodo
531 3067 780 3123 examine
824 3066 1148 3130 susurravit,
1200 3081 1338 3136 quos
1369 3077 1553 3125 autem
1591 3065 1788 3133 depre-
1814 3069 1861 3134 C
1890 3071 1980 3140 qui
2012 3072 2214 3141 lepratn
2254 3070 2311 3127 in
2353 3072 2528 3145 Capite
2577 3084 2790 3143 portare
2824 3074 3092 3133 videntur.
3124 3075 3293 3149 Caput
3326 3079 3481 3143 enim,

194 3162 437 3220 henderc
462 3176 619 3234 posse
632 3162 937 3221 absolutum
966 3159 1364 3232 praedicationis
1376 3174 1599 3221 carmen
1620 3174 1789 3234 agno-

192 3255 295 3320 vit,
323 3255 404 3309 eis
437 3253 576 3311 Deus
610 3251 901 3323 perfecuun
933 3251 1271 3307 harmoniam
1306 3252 1496 3311 solidae
1527 3252 1675 3309 vocis
1702 3251 1788 3309 itt-

196 3346 407 3401 tonuit.
438 3346 564 3401 lude
618 3354 704 3400 est
748 3344 892 3416 quod
943 3344 1130 3415 ﬁguris
1172 3352 1228 3399 et
1282 3344 1662 3413 renigmatibus
1701 3343 1789 3399 lex

192 3441 383 3511 prisoa
413 3438 736 3510 depingitur,
776 3437 1033 3507 quoniam
1060 3437 1185 3491 dum
1218 3437 1430 3491 infirma
1478 3437 1790 3493 Judteorum

196 3534 345 3589 acies
378 3531 683 3601 hebetatur,
729 3542 783 3589 et
813 3529 1104 3589 candidum
1137 3529 1379 3587 scientiae
1410 3530 1676 3587 claritatis
1707 3531 1790 3587 vi~

197 3640 387 3698 gorem
419 3622 745 3694 inspiciendi
779 3623 960 3681 lumen
985 3637 1092 3679 non
1124 3622 1345 3686 habent,
1376 3635 1602 3679 necesse
1623 3630 1710 3678 est
1736 3630 1795 3677 ut

199 3719 255 3774 in
284 3719 450 3773 variis
480 3716 666 3787 figuris
697 3716 987 3786 ﬁgurarum
1017 3716 1170 3770 color
1190 3714 1535 3769 adhibeatur.
1567 3713 1701 3767 Nam
1731 3712 1796 3767 il-

203 3812 272 3865 lis
302 3820 359 3865 et
400 3810 659 3866 virtutum
701 3809 945 3878 praemia,
992 3810 1422 3879 supposita'spe,
1469 3808 1798 3879 promittun-

200 3914 334 3972 tur;
365 3913 419 3960 et
450 3914 792 3974 peccatorum
822 3911 966 3957 nota:
994 3903 1289 3958 inuruntur
1336 3903 1389 3955 in
1418 3916 1670 3972 corpore.
1705 3900 1799 3955 His

203 3999 351 4053 enim
399 3999 790 4052 confirmantur
831 3995 946 4062 alii,
1002 3997 1199 4067 quibus
1250 3995 1340 4049 alii
1372 3994 1799 4050 transferuntur.

206 4090 457 4144 Prmens
490 4088 653 4144 lectio
680 4087 844 4157 exigit
887 4086 1198 4157 huiusmodi
1238 4085 1383 4141 ferre
1434 4101 1745 4139 sermonem
1784 4103 1797 4138 :

204 4197 330 4251 qua:
371 4181 585 4235 diversa
619 4180 890 4250 leprarum
921 4194 1122 4250 genera
1149 4176 1604 4249 deprehendenda
1637 4178 1693 4231 in
1722 4176 1804 4231 tll-

204 4273 389 4329 versis
420 4273 660 4328 materiis
691 4273 1010 4342 designavit.
1043 4272 1161 4328 Alia
1191 4272 1337 4327 enim
1364 4272 1512 4341 lepra
1544 4271 1599 4325 in
1625 4270 1803 4339 parie-

206 4368 360 4423 tibus
386 4366 811 4435 demonstratur,
842 4366 942 4420 alia
974 4365 1210 4421 humano
1236 4374 1453 4420 notatur
1474 4365 1528 4420 in
1551 4378 1803 4434 corpore,

1890 3161 2061 3232 inquit
2104 3162 2395 3235 Apostolus
2422 3203 2437 3227 ,
2488 3164 2583 3218 viri
2628 3160 2864 3221 Christus
2904 3175 2976 3221 est
3028 3165 3074 3239 (Ι
3114 3164 3236 3220 Cor.
3272 3166 3487 3235 v.55).

1890 3252 2019 3321 Qua:
2066 3267 2194 3307 vero
2225 3252 2375 3322 lepra
2403 3254 2456 3307 in
2484 3253 2654 3311 barba
2687 3265 2936 3329 portatur
2966 3275 2979 3309 :
3012 3256 3071 3315 hi
3098 3263 3226 3315 sunt
3254 3257 3346 3329 qui
3378 3255 3493 3311 bla-

1890 3345 2175 3415 sphemare
2205 3344 2457 3400 videntur
2487 3347 2538 3399 in
2579 3346 2796 3407 Filium.
2822 3347 3099 3407 Chrismm
3126 3348 3272 3407 enim
3305 3349 3359 3407 in
3391 3347 3492 3406 ad-

1892 3448 2053 3495 ventu
2105 3438 2352 3508 pristino,
2397 3436 2621 3505 perfecti
2652 3438 2753 3497 viri
2797 3454 2971 3499 rerum
3015 3448 3286 3510 agentern,
3333 3440 3489 3510 quasi

1893 3530 2195 3588 tricenariae
2226 3532 2398 3585 tutetis
2430 3528 2655 3585 virilitas
2697 3529 2997 3587 decoravit.
3019 3530 3124 3587 Sed
3157 3543 3233 3597 et,
3273 3532 3315 3584 si
3342 3540 3493 3592 tetra,

1896 3624 2094 3695 inquit,
2125 3632 2171 3676 et
2203 3620 2361 3676 livida
2404 3622 2560 3692 fuerit
2588 3638 2606 3675 :
2629 3622 2753 3695 quid
2802 3622 2949 3676 aliud
2984 3637 3145 3693 quam
3192 3622 3411 3681 lividam
3444 3632 3501 3678 et

1896 3716 2082 3772 livoris
2128 3716 2351 3770 maculis
2401 3714 2790 3771 exsecrandatn
2845 3714 3130 3785 designat?
3172 3715 3232 3771 Si
3287 3725 3485 3781 autem,

1895 3810 1992 3875 ait,
2025 3810 2172 3880 nigra
2204 3809 2357 3879 fuerit
2389 3806 2556 3874 lepra,
2597 3807 2747 3862 fumo
2802 3809 2985 3881 utique
3040 3807 3383 3874 idololatrize,
3442 3819 3499 3864 et

1899 3904 2287 3960 sa;riﬁciorum
2322 3901 2600 3957 nidoribus
2628 3910 2712 3956 est
2740 3908 2945 3957 notata.
2982 3901 3043 3957 Si
3071 3913 3262 3973 autem,
3290 3904 3491 3971 inquit,

1900 4000 2091 4068 ﬂorens
2120 3995 2259 4065 lepra
2274 3995 2509 4064 fuerit,et
2539 3994 2857 4065 cooperuerit
2886 4010 3084 4051 onmem
3105 3998 3284 4066 ﬂorem
3317 4012 3499 4048 macu-

1901 4088 2108 4142 lationis
2137 4102 2169 4137 a
2196 4086 2360 4157 capite
2392 4100 2549 4157 usque
2571 4085 2639 4136 ad
2679 4084 2854 4155 pedes,
2901 4086 3012 4141 visu
3041 4086 3320 4141 sacerdotis
3352 4084 3497 4155 diju-

1905 4178 2178 4235 dicabitur.
2212 4175 2413 4230 Videbit
2444 4177 2579 4237 enim
2608 4174 2847 4233 sacerdos
2874 4193 2891 4231 :
2924 4191 2968 4233 et
2997 4193 3110 4235 ecce
3142 4178 3285 4246 lepra
3317 4191 3503 4247 coope—

1906 4274 2009 4326 ruit
2040 4287 2236 4326 onmem
2262 4270 2450 4341 pellent
2472 4270 2726 4346 corporis,
2759 4279 2803 4329 et
2835 4269 3101 4329 mundabit
3141 4270 3289 4325 illum
3328 4282 3502 4323 sacer-

1907 4363 1999 4418 dos
2020 4380 2051 4416 a
2080 4362 2441 4422 maculatioue,
2466 4362 2711 4433 quoniam
2737 4365 2790 4419 in
2820 4362 2998 4416 album
3040 4361 3339 4419 mutabitur.

208 4459 319 4515 alia
349 4458 405 4514 in
432 4460 689 4523 vasculis,
719 4460 820 4513 alia
854 4460 904 4512 in
936 4467 1108 4523 veste,
1134 4459 1237 4512 alia
1262 4458 1576 4528 designatur
1607 4458 1659 4511 in
1694 4463 1808 4510 sta-
1836 4452 1887 4513 l)
1983 4455 2048 4509 ν.
2093 4454 2145 4507 ln
2180 4453 2280 4507 hac
2308 4455 2475 4521 lepra,
2507 4469 2664 4522 quam
2697 4454 2848 4526 quasi
2881 4454 3062 4508 albam
3102 4462 3156 4507 et
3203 4452 3488 4507 florentem

210 4551 384 4606 mine.
416 4550 621 4605 Deinde
642 4566 762 4621 qua:
794 4552 845 4605 in
892 4550 1201 4620 hujusmodi
1232 4551 1474 4605 vulneris
1517 4550 1659 4618 loco,
1690 4564 1810 4604 cre-

213 4646 317 4697 lira
345 4657 411 4696 ac
440 4644 590 4696 varia
624 4643 875 4713 pellicula
891 4642 1241 4712 deputantur.
1271 4642 1407 4709 Quid
1428 4642 1572 4697 enim
1599 4638 1812 4695 dicam?

212 4736 485 4805 Totﬂsunt
511 4750 710 4805 genera
739 4744 869 4806 quot
910 4735 1145 4799 colores,
1194 4734 1295 4787 alia
1330 4732 1557 4802 pallida,
1590 4732 1692 4786 alia
1734 4740 1814 4787 te-

216 4840 322 4895 tra,
356 4828 458 4883 alia
494 4827 813 4882 rubicunda.
841 4828 1045 4883 Deinde
1076 4829 1118 4881 si
1153 4826 1403 4881 homines
1452 4827 1620 4896 lepra,
1662 4825 1807 4894 quod

217 4930 303 4975 est
325 4919 546 4974 insitum
563 4927 770 4974 natura:
794 4921 950 4986 vitio,
972 4920 1311 4989 polluantur,
1338 4917 1465 4988 quid
1494 4918 1548 4972 hi
1582 4917 1808 4985 faciunt,

221 5016 311 5084 qui
332 5012 686 5084 gravioribus
712 5011 916 5067 morbis
940 5027 1231 5085 corporum
1268 5011 1707 5085 prmgravantur?

298 5104 361 5160 ll.
402 5103 510 5159 Sed
560 5118 659 5172 age
702 5102 815 5172 jam
846 5102 1130 5158 videamus
1161 5117 1362 5173 genera
1413 5101 1710 5170 leprarum,
1763 5109 1822 5156 ut

225 5200 563 5256 medelarum
594 5212 791 5252 causas
836 5212 1135 5267 agnoscere
1166 5208 1324 5266 atque
1375 5196 1607 5265 probare
1651 5196 1825 5264 possi-

224 5311 364 5351 mus.
396 5296 453 5353 Si
481 5294 673 5356 fuerit,
708 5292 905 5363 inquit,
928 5291 1077 5362 lepra
1102 5291 1222 5345 alba
1246 5290 1333 5344 vel
1353 5287 1673 5355 rubicunda,
1704 5288 1825 5345 sive

224 5400 397 5458 tetra,
429 5388 519 5445 vel
579 5384 809 5458 pallida,
840 5385 924 5438 vel
971 5385 1016 5439 si
1055 5382 1279 5449 ﬂorens,
1326 5384 1423 5449 ait,
1461 5381 1560 5438 hoc
1605 5390 1689 5437 est
1722 5389 1835 5436 toto

1914 4546 2181 4616 designat,
2223 4545 2435 4599 diversa
2468 4544 2692 4600 crimina
2735 4546 2889 4600 varie
2931 4543 3287 4617 deprehendit
3321 4559 3333 4595 :
3380 4542 3505 4609 quia

1914 4658 2035 4697 cum
2070 4639 2359 4695 mundialis
2388 4640 2512 4693 vitae
2549 4641 2819 4711 voluptas,
2847 4639 3001 4709 quasi
3039 4636 3267 4695 candida
3308 4643 3363 4691 et
3401 4634 3507 4695 flo-

1916 4751 2045 4791 rens
2083 4736 2470 4799 existimatur,
2526 4744 2637 4787 tum
2686 4747 2854 4804 grave
2894 4732 3147 4786 vitiorum
3196 4729 3504 4799 contagium

1917 4834 2198 4896 grassatur
2226 4826 2277 4877 in
2310 4836 2557 4888 corpore.
2592 4821 2725 4875 Nam
2757 4828 2846 4875 aut
2877 4819 3141 4888 avaritite,
3183 4830 3275 4877 aut
3325 4819 3505 4881 libidi-

1920 4918 2003 4971 nis
2030 4915 2257 4968 macula:
2282 4922 2683 4982 perpatescunt.
2705 4911 2809 4966 Sed
2840 4911 2978 4964 hanc
3006 4910 3212 4981 lepram
3245 4911 3353 4967 cito
3378 4910 3513 4967 dicit

1922 5022 2082 5080 posse
2114 5004 2386 5061 ntuudari.
2425 5004 2678 5058 Avaritia:
2724 5003 2866 5058 enim
2898 5003 3103 5059 crimen
3137 5002 3295 5061 facile
3324 5019 3517 5061 curare

1924 5107 2124 5171 potest,
2152 5097 2242 5166 qui
2275 5110 2574 5150 conversus
2605 5094 2673 5149 ad
2704 5094 3019 5162 Dominum,
3052 5107 3107 5153 et
3148 5112 3208 5152 ea
3233 5113 3351 5169 qua:
3391 5114 3517 5166 pos-

1929 5191 2131 5248 sederit
2164 5186 2521 5259 indigentium
2554 5188 2827 5241 alimonia:
2876 5189 3264 5247 ministraverit
3298 5210 3310 5245 :
3358 5193 3428 5245 ita
3462 5200 3519 5243 ut

1933 5286 2195 5342 Dominus
2222 5284 2275 5336 in
2325 5281 2618 5353 Evangelio
2673 5282 2790 5337 ait:
2856 5282 3043 5338 Verum
3092 5286 3211 5337 date
3243 5288 3523 5355 eleemosy-

1936 5395 2081 5445 nam,
2123 5388 2171 5433 et
2200 5391 2313 5431 ecce
2342 5374 2515 5429 omnia
2553 5374 2689 5429 vobis
2719 5376 2912 5429 munda
2942 5386 3058 5430 sunt
3094 5375 3246 5448 (Luc.
3291 5390 3374 5442 ιι,
3405 5372 3527 5447 41),

224 5500 451 5556 corpore
477 5482 813 5539 decurrens.
856 5476 991 5533 Nam
1021 5486 1105 5533 est
1135 5476 1471 5534 detestabilis
1509 5477 1683 5544 lepra,
1716 5488 1836 5545 quae
1939 5471 2239 5527 Libidinem
2270 5481 2483 5537 quoque
2520 5467 2774 5521 celeriter
2816 5468 3077 5521 mundare
3108 5465 3333 5536 poterit.
3367 5468 3410 5521 si
3438 5466 3525 5536 je-

225 5579 448 5637 οιηηίηο
477 5571 748 5637 mandari
774 5586 879 5628 non
911 5572 1103 5642 possit.
1138 5571 1231 5628 Esi
1262 5580 1319 5628 ει
1347 5587 1467 5643 (μω
1495 5570 1710 5627 facilem
1741 5567 1841 5624 ha-
1938 5563 2102 5633 juniis
2132 5557 2587 5629 frequentissimis
2614 5569 2670 5619 et
2702 5558 3029 5613 abstinentia
3058 5572 3263 5627 corpus
3284 5559 3529 5615 retinue-

224 5670 344 5730 beat
392 5666 856 5729 mundationem.
915 5663 1034 5721 Alia
1067 5677 1282 5735 quoque
1329 5662 1671 5722 sdventitia:
1733 5658 1839 5717 alia

1948 5658 2037 5710 rit.
2074 5654 2179 5711 Sed
2212 5650 2298 5707 his
2328 5647 2581 5707 omnibus
2613 5649 2875 5709 medelam
2905 5664 3001 5723 per
3033 5649 3369 5711 sacerdotem
3404 5664 3543 5735 pro:
