4012 6190
549 200 656 257 247

1586 199 1643 258 S.
1684 199 2074 257 HIERONYMI
2112 198 2401 259 OPERUM
2440 198 2810 259 MANTISSA.

3742 209 3840 270 248

540 320 690 391 cepit
719 320 988 379 Dominus
1005 319 1275 378 adhiberi.
1310 318 1449 377 Dicit
1472 320 1615 376 enim
1647 320 1991 388 esselepram
2018 335 2137 391 qua:
2168 323 2220 383 Α
2246 330 2352 389 tus,
2385 322 2438 376 in
2474 322 2672 391 quibus
2700 322 2929 379 credere
2948 330 3189 393 oportet,
3230 330 3290 379 ut
3331 326 3614 384 emundari
3645 343 3673 384 a
3697 330 3834 402 lepra

549 414 948 470 sacriﬁciorum
998 412 1360 467 oblationibus
1409 411 1751 466 emundetur.
1806 411 1982 465 Aliam
2014 427 2143 465 vero

547 519 710 573 quam
742 520 895 574 aqua:
926 503 1133 557 facilius
1162 502 1387 557 abluant
1416 522 1428 556 :
1458 519 1667 558 necnon
1720 512 1776 559 et
1826 518 1946 571 quae
1987 512 2140 558 extra

544 606 722 653 castra
748 599 920 667 posita
952 595 1263 651 mundetur.
1299 597 1433 652 Esse
1473 612 1688 667 quoque
1733 597 1940 667 lepram
1992 611 2142 653 asse-

542 692 654 746 rit:
687 706 808 759 quae
834 688 1080 743 mundari
1113 690 1339 744 omnino
1373 705 1479 744 non
1515 690 1705 760 possit.

613 780 700 833 Vl.
745 780 947 835 Horum
999 780 1165 850 igitur
1204 782 1500 836 secundum
1548 783 1777 853 ﬁguram
1827 783 2136 854 graviorum

540 881 882 941 peccatorum
935 872 1166 926 erimina
1215 883 1635 944 congregantur.
1691 874 1811 930 Alia
1860 886 1985 930 sunt
2016 892 2137 946 quae

540 974 665 1019 ante
707 965 1037 1033 baptismum
1068 966 1319 1020 videntur
1349 983 1471 1021 0:50
1511 970 1801 1023 commissa
1837 984 1849 1022 :
1900 985 2022 1039 qua:
2055 980 2137 1024 ta-

530 1072 657 1111 men
690 1071 786 1126 per
812 1057 1039 1126 gratiam
1066 1057 1318 1126 baptismi
1347 1059 1648 1114 diluuntur.
1700 1061 1821 1114 Alia
1857 1077 1988 1116 vero
2017 1078 2138 1129 qua:

538 1160 662 1217 post
694 1150 1026 1205 lavationem
1051 1151 1394 1220 baptismatis
1416 1162 1800 1222 perpetrantur
1827 1172 1839 1207 :
1875 1171 1993 1223 qum
2023 1157 2137 1211 sive

534 1239 805 1310 graviora,
848 1240 963 1295 sive
990 1242 1199 1297 minora
1234 1254 1456 1312 peccata
1486 1244 1621 1309 siut,
1654 1246 1803 1300 visus
1834 1254 2017 1302 tamen
2048 1264 2135 1301 sa-

530 1332 770 1389 cerdotis
793 1333 1079 1388 emundat.
1112 1334 1514 1405 Quodcumque
1555 1336 1700 1392 enim
1732 1337 2007 1394 modicum
2039 1340 2137 1395 de-

526 1422 718 1478 lictum
749 1422 936 1488 fuerit,
979 1433 1161 1494 potest
1205 1440 1237 1479 a
1285 1428 1573 1483 sacerdote
1612 1430 1835 1484 omnino
1876 1431 2132 1488 relaxari.

530 1516 665 1583 Qua:
695 1522 875 1569 autem
922 1516 1171 1585 graviora
1211 1527 1360 1584 sunt,
1412 1519 1703 1589 disciplina
1735 1521 1931 1576 debent
1962 1525 2136 1578 eccle-

531 1606 767 1662 siastica:
799 1607 1001 1678 regula:
1025 1619 1080 1662 et
1110 1609 1359 1665 oratione
1386 1611 1630 1681 purgari.
1663 1610 1796 1677 Quae
1825 1628 1957 1668 vero
1988 1614 2134 1669 insa-

2250 420 2594 484 peccatorum
2639 414 2794 483 prius
2842 430 3176 481 mereamur,
3224 430 3392 472 unum
3438 434 3559 473 cum
3608 424 3750 478 venit
3785 436 3835 481 et

2246 519 2437 574 passus
2470 515 2579 571 est,
2618 506 2782 561 alium
2829 522 2937 577 quo
2973 519 3057 563 est
3103 518 3370 564 venturus
3417 511 3469 566 in
3501 512 3691 583 gloria.
3737 517 3835 573 Sed

2246 596 2488 663 vitulum,
2516 598 2709 668 inquit,
2738 598 2921 663 o/ferat
2945 616 2965 654 :
2990 600 3093 655 hoc
3115 601 3432 657 animalium
3466 619 3682 674 genere.
3716 624 3835 679 gen-

2244 695 2328 741 tes
2355 691 2535 743 crucis
2558 690 2762 745 Christi
2784 690 2915 762 jugo
2942 693 3310 764 subjugandas
3339 711 3461 751 esse
3490 698 3831 758 demonstrat.

2247 778 2375 834 Dum:
2405 781 2625 849 gallina:
2673 784 2907 837 animam
2958 785 3201 842 indicare
3238 788 3494 846 videntur
3520 801 3574 846 et
3603 809 3831 853 carnem.

2243 868 2351 924 Sed
2394 888 2575 935 unam,
2618 874 2827 940 inquit,
2867 876 3119 945 gallinam
3163 879 3402 946 occides,
3458 882 3668 938 alteram
3706 904 3835 958 aqua

2240 964 2439 1030 ablues,
2473 974 2521 1018 et
2557 965 2802 1021 dimittes.
2839 968 2979 1023 Caro
3011 970 3199 1040 utique
3249 973 3302 1026 in
3337 976 3593 1042 passione
3626 976 3833 1047 jubetur

2246 1060 2461 1114 occidi:
2489 1063 2670 1117 anima
2705 1079 2835 1119 vero
2862 1082 2982 1136 qua:
3027 1083 3126 1136 per
3152 1078 3401 1124 naturam
3434 1080 3654 1127 :etcrnae
3681 1075 3831 1129 morti

2243 1151 2463 1207 videtur
2489 1169 2610 1209 esse
2632 1156 2873 1227 subjecta
2900 1176 2913 1211 :
2940 1159 3122 1215 abluta
3153 1176 3295 1233 aqua
3325 1163 3659 1235 baptismatis
3684 1181 3711 1220 a
3732 1168 3833 1223 cri-

2246 1244 2485 1299 minibus
2522 1246 2780 1303 relaxari.

2312 1334 2403 1388 IX.
2447 1336 2552 1391 Sed
2579 1347 2623 1391 et
2660 1339 2882 1409 lignum,
2929 1342 3120 1412 inquit,
3162 1345 3448 1400 cedrinum.
3494 1346 3832 1419 Imputrihile

2239 1422 2345 1479 hoc
2395 1424 2523 1496 ligni
2554 1442 2726 1497 genus
2770 1445 2914 1499 esse,
2966 1448 3127 1487 nemo
3170 1445 3255 1490 est
3298 1437 3387 1505 qui
3433 1440 3657 1494 nesciat.
3694 1440 3833 1511 Ergo

2239 1529 2335 1584 per
2363 1516 2608 1585 cedrum,
2647 1519 3021 1592 incorruptam
3056 1535 3293 1581 mentem
3317 1536 3374 1581 et
3400 1529 3645 1585 stabilem
3676 1530 3827 1587 ﬁdem

2236 1606 2413 1660 voluit
2438 1610 2652 1664 ostendi
2682 1629 2695 1664 :
2720 1613 3013 1685 hyssopum
3036 1628 3215 1673 autem
3248 1634 3435 1689 preces
3463 1622 3833 1694 orationesque

525 1696 725 1751 nabilia
772 1707 924 1765 sunt,
978 1699 1090 1754 Deo
1132 1699 1304 1767 iudici
1354 1712 1728 1757 reservantur,
1781 1703 1850 1758 Et,
1893 1704 2018 1760 inde
2050 1715 2133 1761 est
2160 1708 2209 1768 Β
2238 1696 2598 1757 demonstrat.
2629 1702 2735 1758 Sed
2756 1714 2811 1759 et
2833 1721 3080 1777 coccum,
3109 1710 3322 1767 scilicet
3343 1714 3587 1785 martyrii
3612 1717 3832 1786 gloriam

528 1788 677 1857 quod
708 1789 760 1843 in
790 1788 895 1844 hoc
918 1790 1042 1845 loco
1066 1792 1143 1845 ait
1175 1811 1187 1844 :
1224 1792 1648 1864 Unumquemque
1685 1798 1966 1852 secundum
1994 1804 2130 1869 quod

524 1880 676 1933 habet
713 1882 978 1949 prapriam
1004 1883 1343 1950 curationem,
1368 1886 1683 1953 sacriﬁcium
1706 1887 1893 1954 oﬂ'erre
1914 1890 2132 1946 debere:

525 1970 582 2026 id
610 1980 713 2040 est,
750 1973 1122 2043 unusquisque
1143 1975 1447 2031 secundum
1474 1977 1616 2046 quod
1638 1994 1697 2032 se
1720 1979 2017 2049 deliquisse
2039 1997 2132 2039 co-

524 2064 764 2132 gnoscit,
795 2065 910 2118 sive
934 2080 1029 2133 per
1054 2066 1333 2121 carnalem
1362 2070 1887 2140 concupiscentiam,
1914 2088 2009 2127 seu
2034 2089 2130 2143 per

520 2152 917 2222 idololatriam,
951 2171 1047 2211 seu
1070 2157 1336 2227 perjurio,
1365 2174 1462 2213 seu
1504 2161 1808 2227 mendacio,
1850 2167 2004 2235 quasi
2042 2167 2126 2221 le-

522 2261 639 2316 pra:
663 2261 725 2303 se
752 2247 898 2302 vitiis
943 2248 1201 2318 intelligit
1244 2251 1573 2306 maculatum
1608 2270 1623 2306 :
1656 2266 1819 2323 prout
1863 2259 2124 2325 potuerit,

516 2338 633 2395 Deo
663 2339 976 2396 sacriﬁcare
1017 2355 1123 2395 non
1153 2341 1388 2397 desinat.
1423 2342 1530 2399 Sed
1586 2344 1721 2400 dicit
1775 2362 1945 2415 genus
2001 2364 2126 2405 esse

520 2430 713 2501 leprm,
754 2432 899 2501 quod
947 2433 1174 2487 omnino
1219 2432 1469 2498 mundari
1522 2450 1625 2489 non
1660 2436 1830 2505 possit
1865 2454 1876 2489 :
1908 2447 1961 2494 et
2003 2440 2124 2495 ideo

525 2522 838 2594 hujusmodi
880 2524 1046 2579 homo
1076 2535 1230 2579 extra
1260 2535 1436 2579 castra
1479 2526 1703 2594 jubetur
1733 2529 1959 2598 expelli.
2007 2532 2124 2587 Hoc

519 2625 609 2672 est
650 2632 782 2671 sane
809 2617 1041 2683 crimen,
1075 2617 1219 2687 quod
1251 2616 1561 2672 admittitur
1589 2620 1640 2673 in
1687 2619 1953 2688 Spiritum
1991 2637 2118 2677 san-

524 2714 698 2776 ctum,
732 2708 1090 2777 blasphemiae
1125 2708 1357 2777 scilicet,
1410 2711 1552 2765 sicut
1596 2712 1713 2783 ipse
1758 2712 2019 2770 Dominus
2068 2717 2120 2772 in

530 2800 832 2866 Evangelio
863 2801 940 2853 ait
975 2818 988 2854 :
1026 2800 1128 2865 Qui
1160 2803 1445 2870 peccaverit
1488 2804 1830 2875 in'Spiritum
1864 2816 2119 2877 sanctum,

520 2907 631 2947 non
654 2893 944 2947 remittetur
965 2893 1013 2946 ei
1043 2909 1205 2963 neque
1232 2895 1338 2962 hic,
1387 2910 1549 2965 neque
1588 2897 1640 2950 in
1684 2900 1863 2967 futuro
1904 2898 2118 2971 (Matth.

517 3000 605 3040 xu
622 3029 637 3054 ,
672 2983 787 3056 52).

2238 1791 2571 1848 manifestat.
2606 1795 2708 1860 Qui
2733 1799 3013 1854 mediocris
3033 1811 3129 1867 est,
3158 1805 3254 1866 ait,
3280 1805 3419 1873 quod
3438 1807 3573 1861 valet
3610 1807 3827 1875 offerat:

2234 1881 2289 1937 id
2320 1892 2423 1950 est,
2459 1886 2504 1939 si
2536 1888 2661 1957 quis
2686 1904 2794 1945 non
2818 1907 3009 1948 omnes
3036 1894 3253 1950 divitias
3279 1898 3582 1954 cmlestium
3606 1910 3689 1956 est
3712 1902 3834 1957 cha-

2234 1973 2515 2029 rismatum
2543 1991 2890 2047 consecutus,
2924 1985 3005 2039 vel
3050 1996 3228 2055 potest
3256 1990 3361 2043 etsi
3404 1989 3689 2047 minimum
3723 1995 3826 2050 Deo

2239 2067 2547 2124 devotionis
2580 2087 2692 2126 sum
2724 2074 3014 2144 deportare
3046 2080 3391 2150 obsequium.
3422 2082 3495 2139 Ut
3522 2086 3565 2138 si
3604 2086 3825 2156 virgini-

2234 2166 2400 2213 tatem
2433 2162 2554 2227 quis
2578 2163 2871 2222 observare
2894 2183 3001 2223 non
3029 2173 3228 2239 potuit,
3258 2174 3422 2229 unius
3453 2176 3699 2247 conjugis
3727 2179 3833 2232 sal-

2232 2257 2336 2304 tem
2367 2262 2574 2307 castum
2614 2256 2793 2312 cubile
2824 2261 3241 2317 custodiat:vel
3283 2266 3376 2334 qui
3424 2268 3670 2340 martyrii
3720 2278 3831 2325 tro-

2229 2357 2402 2413 pzeum
2437 2362 2544 2401 non
2578 2349 2746 2404 valuit
2788 2364 3092 2421 reportare,
3125 2355 3270 2427 fugae
3314 2372 3373 2412 se
3411 2360 3680 2428 praesidiis
3724 2362 3832 2417 Deo

2228 2447 2409 2492 servet
2432 2438 2712 2494 invictum.
2740 2441 2808 2495 Et
2832 2444 2953 2511 olei,
2981 2447 3177 2516 inquit,
3209 2450 3457 2504 torlulam
3478 2450 3690 2521 offerat,
3724 2455 3829 2508 uti-

2235 2542 2341 2597 que
2390 2531 2780 2587 misericordiae
2844 2538 3077 2605 gratiam
3126 2557 3140 2594 :
3176 2541 3340 2595 etiam
3383 2544 3429 2597 si
3471 2545 3831 2602 clarissimam

2230 2622 2608 2677 sanctimonia:
2639 2623 2817 2681 facem
2853 2629 3115 2697 praeferre
3154 2648 3261 2687 non
3302 2634 3490 2702 valuit,
3539 2637 3824 2694 lucernam

2224 2711 2419 2768 saltem
2468 2714 2590 2769 lidei
2622 2733 2731 2771 non
2764 2721 3105 2791 exstinguat.
3141 2722 3348 2779 Videtis
3382 2741 3531 2797 ergo,
3567 2730 3820 2785 dilectis-

2224 2804 2347 2857 simi
2392 2804 2610 2874 fratres,
2652 2810 2857 2865 nullam
2898 2827 3021 2869 esse
3070 2824 3177 2868 tam
3221 2818 3468 2887 exiguam
3520 2821 3825 2889 Spiritualis

2224 2896 2418 2964 gratiae
2448 2909 2849 2970 paupertatem,
2884 2920 3004 2974 qua:
3035 2905 3102 2961 ad
3131 2906 3465 2964 oll'erendum
3494 2914 3822 2970 sacriﬁcium

2225 2987 2339 3043 Deo
2368 3006 2474 3046 non
2503 3006 2902 3067 quamcumque
2952 3000 3127 3067 possit
3166 3002 3543 3057 sanctimoniae
3587 3005 3815 3062 oblatio-

593 3075 705 3133 Vll.
746 3077 959 3147 Adjecit
987 3087 1167 3141 autem
1195 3077 1477 3149 Scriptura
1512 3080 1717 3150 divina,
1752 3083 1957 3155 lepram
1988 3102 2113 3145 esse
2142 3089 2186 3151 C
2222 3095 2348 3137 nem
2378 3083 2598 3141 offerre.

512 3171 569 3224 in
602 3170 858 3237 vasculis,
904 3172 1115 3242 lepram
1157 3173 1211 3227 in
1244 3173 1563 3243 parietibus,
1603 3178 1812 3246 lepram
1856 3180 1911 3234 in
1943 3184 2110 3237 vesti-

510 3259 639 3326 bus,
663 3260 873 3332 lepram
906 3263 959 3316 in
993 3263 1249 3329 stamine,
1283 3263 1379 3320 sed
1422 3267 1695 3335 quomodo
1724 3267 1777 3323 in
1818 3268 1903 3325 his
1949 3273 2110 3331 rebus

513 3350 669 3420 lepra
695 3366 817 3407 esse
850 3354 1041 3422 possit,
1078 3355 1292 3423 penitus
1316 3355 1508 3426 ignoro
1538 3374 1551 3410 :
1577 3374 1695 3426 qum
1719 3361 1845 3431 quia
1877 3363 1984 3417 vita
2021 3380 2109 3419 ca-

515 3451 665 3511 rent,
698 3445 860 3500 etiam
885 3460 1049 3501 sensu
1082 3462 1275 3504 carere
1302 3463 1527 3507 necesse
1550 3460 1651 3507 est.
1697 3452 1806 3509 Sed
1836 3470 1937 3525 ego
1967 3458 2108 3514 arbi-

507 3545 626 3589 tror
655 3551 775 3591 cum
825 3540 877 3591 in
910 3541 1208 3608 parietibus
1238 3542 1432 3599 domus
1458 3544 1608 3615 lepra
1647 3561 1769 3603 esse
1813 3550 2103 3620 referatur,

502 3626 891 3681 haereticorum
923 3632 1208 3699 perﬁdiam
1251 3640 1448 3690 notari.
1483 3638 1625 3705 Quid
1655 3641 1798 3697 enim
1846 3661 1952 3699 non
1986 3649 2106 3717 pol-

503 3716 695 3784 luitur,
730 3721 819 3773 ubi
848 3722 1168 3777 adulterinae
1215 3726 1479 3783 doctrinae
1526 3730 1865 3801 blasphemia
1906 3716 2104 3808 praedi-

503 3811 696 3865 catur?
729 3810 855 3867 ldeo
899 3813 1040 3870 hanc
1070 3817 1279 3887 lepram
1315 3823 1574 3877 sacerdos
1614 3825 1834 3894 jubelur
1860 3844 1888 3883 a
1923 3834 2101 3901 parieo

501 3904 649 3959 tibus
693 3907 1026 3975 emundare,
1072 3920 1133 3963 ut
1177 3912 1462 3971 catholicae
1525 3921 1765 3977 veritatis
1816 3924 2096 3995 doctrina,

500 3997 778 4052 maculosa
826 3999 1211 4058 haereticorum
1250 4006 1413 4060 verba
1451 4009 1704 4079 depellat.
1737 4014 1869 4071 Cum
1918 4029 2095 4076 autem

498 4088 651 4159 lepra
681 4092 732 4145 in
761 4094 997 4150 vasculis
1024 4094 1228 4153 dicitur
1270 4114 1413 4166 esse,
1455 4106 1663 4175 proprii
1707 4111 1953 4179 corporis
2002 4114 2098 4170 de-

496 4181 629 4238 licta
658 4196 1050 4243 monstrantur.
1094 4190 1235 4247 Vasa
1264 4204 1445 4251 autem
1480 4196 1758 4256 hominum
1804 4207 2094 4274 coporibus

498 4284 783 4345 comparat
828 4278 1121 4349 Apostolus
1157 4301 1171 4339 :
1207 4284 1466 4343 Habentes
1489 4330 1504 4356 ,
1546 4291 1751 4363 inquit,
1795 4294 2094 4354 thesaurum

494 4365 634 4421 hunc
679 4370 735 4422 in
775 4372 910 4425 vasis
938 4374 1183 4443 ﬁctilibus
1210 4377 1288 4450 (ll
1334 4379 1450 4435 Cor.
1502 4398 1580 4450 tv,
1630 4386 1718 4457 7).
1768 4387 1823 4442 In
1857 4392 2092 4449 stamine

492 4472 675 4516 autem
709 4467 985 4534 quomodo
1015 4468 1162 4539 lepra
1195 4486 1319 4527 esse
1350 4483 1551 4543 potest,
1578 4480 1681 4535 nisi
1711 4484 1832 4552 quia
1860 4492 2095 4550 stamine
2122 4478 2178 4538 Ῐ)

495 4554 675 4608 anima
709 4554 947 4612 hominis
977 4559 1153 4617 ﬁdelis
1179 4562 1571 4634 designantur?
1606 4570 1738 4639 Qua:
1766 4590 1888 4633 cum
1916 4589 2090 4639 tenta-

496 4644 768 4716 tionibus,
820 4657 881 4703 ut
934 4649 1112 4707 fusum
1179 4654 1393 4711 ﬁlorum
1456 4660 1717 4720 tenuitate
1767 4676 2089 4742 torquetur:

491 4736 754 4795 ﬁrmioris
780 4742 998 4799 virtutis
1027 4746 1306 4804 soliditate
1327 4756 1739 4826 constringitur.

563 4830 701 4887 Vill.
736 4835 855 4889 Stat
878 4852 1010 4909 ergo
1027 4841 1233 4909 anima,
1256 4854 1314 4898 ut
1342 4844 1726 4906 densissimum
1740 4864 1948 4915 stamen
1963 4879 2086 4920 cre-

490 4932 577 4978 cta
595 4941 609 4977 :
624 4929 864 4994 corporis
884 4947 1013 4987 vero
1030 4949 1247 5005 sensus,
1269 4947 1324 4992 nt
1341 4947 1512 4997 trama
1530 4948 1745 5003 stamini
1768 4952 2084 5024 subiacebit.

484 5015 554 5070 Et
602 5017 722 5072 ideo
751 5021 914 5076 etiam
962 5026 1016 5079 in
1047 5037 1217 5084 trama
1252 5031 1456 5103 lepram
1503 5050 1625 5093 esse
1653 5015 1900 5115 designat
1926 5066 1939 5103 :
1964 5054 2088 5123 quia

482 5107 588 5162 alia
610 5112 884 5180 corporis,
910 5115 1015 5172 alia
1043 5121 1237 5176 anima:
1260 5137 1484 5195 peccata
1505 5107 1800 5203 signiﬁcat:
1828 5139 1936 5198 Sed
1959 5107 2087 5215 quid

479 5218 581 5273 pro
606 5205 963 5264 inundatione
987 5210 1281 5284 leprarum,
1310 5231 1402 5277 aut
1423 5222 1530 5280 duo
1557 5230 1678 5298 agni
1706 5234 1968 5305 anniculi,
1996 5249 2087 5298 aut

479 5297 683 5352 tortula
712 5298 850 5369 olei,
890 5312 983 5357 aut
1013 5303 1135 5360 dua:
1167 5318 1189 5345 α
1229 5312 1445 5381 gallinae
1480 5297 1741 5387 jubentur
1770 5297 1995 5386 oll‘erri'?
2024 5297 2083 5391 In

477 5389 691 5447 duobus
719 5408 849 5465 ergo
887 5397 1063 5467 agnis,
1103 5402 1212 5459 duo
1239 5404 1443 5464 Christi
1480 5412 1856 5483 signiﬁcantur
1881 5389 2083 5481 adven:

542 5532 852 5635 iul/Ife"?
878 5546 1593 5635 ³¹¹¹θ¹ἱ¹η⁶ί⁰¹³¹¹ἓυτὲ⁵ἠέΐν
1625 5562 1769 5628 quod
1798 5574 1904 5630 est.
1928 5582 2065 5635 aves.

470 5603 728 5693 Effcﬁlﬁf!
748 5625 1008 5693 passeres,
1036 5616 1239 5693 Graece,
1257 5603 1467 5693 ὀρέδὶᾶαί
1483 5603 1568 5681 ’ἷλῖ
1580 5603 1879 5689 ’δὲίιῖἴοῖιῖ
1891 5603 2066 5693 Ῐ

470 5678 556 5723 set
581 5670 792 5744 Moyses
820 5670 1063 5749 gallinas,
1078 5670 1336 5744 multa}?
1348 5670 1484 5752 ’ἐίῆῆ
1502 5670 1741 5774 Iifili'iq
1751 5670 2063 5777 'ngliiiaa

2362 3175 2684 3235 MONITUM
2715 3179 2784 3236 IN
2814 3180 3204 3239 EPISTOLAM
3239 3185 3689 3253 SEQUENTEM.

2288 3266 2541 3351 Dicitur-na
2560 3273 2839 3351 nonnullis
2860 3291 2969 3329 esse
2997 3274 3369 3345 Chrysostomi,
3399 3297 3718 3351 quamquam
3740 3299 3828 3336 nec

2212 3339 2435 3415 ejus_sit.
2477 3340 2627 3395 Certe
2666 3352 2721 3395 ut
2762 3339 3143 3415 Hieronymum
3190 3339 3457 3404 auctorem
3504 3339 3613 3407 no'n
3637 3354 3829 3407 habere

2213 3411 2427 3494 sentias,
2453 3428 2764 3494 quamquam
2792 3431 2871 3494 res
2901 3411 3089 3470 clamat
3116 3418 3249 3494 ipsa,
3276 3423 3402 3494 satis
3430 3422 3645 3478 abunde
3672 3426 3825 3494 fuerit

2213 3479 2347 3561 lianc
2368 3479 2483 3534 cum
2504 3482 2557 3535 Η
2564 3479 2933 3561 ierongmiantr
2945 3479 3267 3561 exposiiione
3290 3493 3341 3545 in
3363 3494 3588 3561 epistola
3614 3479 3683 3550 Ξῖ
3707 3539 3721 3559 ,
3757 3494 3824 3546 ad

2210 3549 2846 3627 Damasumcontend’isse.
2878 3557 2982 3611 Hic
3008 3549 3255 3627 prwterea
3282 3549 3429 3617 nam.
3461 3565 3494 3617 ’Ξ
3527 3567 3663 3620 duas
3686 3549 3823 3619 tilias

2210 3621 2488 3691 parabolas
2512 3626 2574 3697 de
2610 3643 2720 3692 ove,
2750 3637 2799 3681 et
2828 3630 2889 3681 de
2920 3621 3156 3697 muliere,
3204 3644 3460 3689 contexto
3490 3638 3689 3693 ordine
3730 3653 3823 3690 sn-

2208 3706 2367 3779 prana
2395 3710 2448 3747 se
2469 3696 2541 3777 ait
2564 3698 2829 3765 recitatos,
2862 3717 2987 3766 quas
3013 3719 3299 3774 numquam
3326 3714 3397 3760 est
3424 3710 3646 3779 praprio
3668 3722 3825 3777 opere

2209 3762 2273 3816 S.
2304 3763 2493 3819 Doctor
2521 3762 2915 3837 interpretatus.

2708 3880 3044 3938 EPISTOLA
3084 3884 3303 3941 XXXV.

2236 3980 2331 4022 SEU
2366 3982 2588 4024 HOHILIA
2620 3987 2686 4025 DE
2713 3988 2914 4029 DUOBUS
2955 3991 3135 4041 FILHS,
3162 3994 3319 4035 FRUGI
3349 3997 3414 4035 ΕΤ
3448 3998 3780 4041 ιυχωυοςο.

2274 4058 2315 4112 Ι.
2341 4059 2593 4117 Omnium
2619 4064 2833 4133 quidem
2862 4066 2927 4121 de
2949 4066 3245 4139 Scripturis
3265 4075 3628 4142 quaestionum
3656 4078 3819 4134 abso.

2200 4145 2338 4205 lutio
2362 4152 2440 4206 illi
2468 4154 2569 4208 soli
2602 4155 2676 4209 ita
2719 4165 2776 4210 ut
2805 4166 2910 4223 est,
2942 4166 3194 4228 estnota,
3228 4163 3318 4231 qui
3349 4164 3489 4220 dixit
3515 4185 3530 4221 :
3561 4166 3681 4240 Ego
3704 4185 3823 4223 sum

2198 4243 2380 4296 veritas
2403 4242 2592 4316 (Joan.
2623 4246 2805 4319 1v,6).
2838 4246 2950 4303 Nos
2978 4260 3158 4305 autem
3190 4258 3507 4327 oportetpia
3531 4259 3822 4315 voluntate

2199 4334 2481 4401 accedere,
2516 4346 2571 4391 et
2599 4338 2823 4408 speciali
2852 4354 3017 4395 sensu
3049 4342 3117 4397 ad
3143 4344 3561 4415 inquisitionem
3596 4352 3817 4406 divina-

2200 4440 2322 4479 rum
2365 4426 2770 4497 Scripturarum
2800 4449 2812 4484 :
2840 4433 3076 4489 scientes
3124 4437 3266 4506 quod
3310 4440 3355 4493 si
3402 4440 3637 4511 aliquod
3687 4458 3821 4500 vere

2201 4518 2795 4579 invenerimusbonum
2828 4525 3159 4584 desiderium
3186 4533 3381 4588 mentis
3409 4543 3645 4591 attenta:
3676 4536 3819 4606 Deo,

2197 4611 2343 4667 inter
2370 4611 2508 4668 ﬁnes
2536 4614 2892 4673 beatitudinis
2921 4618 3039 4688 ejus
3067 4620 3272 4677 erimus
3297 4641 3308 4675 :
3333 4623 3402 4678 de
3430 4641 3537 4694 qua
3567 4628 3815 4683 dicitur:

2195 4699 2387 4757 Beatus
2411 4705 2488 4758 vir
2513 4706 2602 4776 qui
2623 4707 2849 4777 implerit
2876 4712 3187 4766 desiderium
3211 4731 3361 4769 suum
3385 4716 3404 4787 (
3429 4715 3587 4773 Psal.
3618 4736 3812 4787 cxxvt,

2196 4790 2287 4861 5).
2321 4793 2505 4861 Qualis
2534 4805 2720 4852 autem
2750 4798 2820 4853 sit
2851 4798 3010 4870 hujus
3051 4806 3508 4875 concupiscentiae
3561 4812 3815 4880 species,

2189 4885 2422 4955 adjectio
2464 4888 2815 4948 beatitudinis
2862 4895 3023 4951 facile
3065 4896 3307 4954 declarat
3344 4901 3533 4956 audire
3564 4903 3821 4960 volenti-

2197 4978 2319 5047 bus,
2355 4980 2407 5037 id
2437 4994 2541 5050 est,
2575 4984 2869 5054 prudenter
2896 4988 3266 5047 audientibus.
3299 4991 3454 5061 Quod
3496 4996 3542 5049 si
3574 5011 3692 5050 non
3718 5012 3818 5065 po-

2192 5075 2459 5128 tuerimus
2497 5074 2563 5129 ad
2604 5076 2825 5147 plenam
2870 5080 3117 5136 veritatis
3158 5083 3330 5153 ipsius
3373 5084 3816 5155 intelligentiam

2191 5164 2479 5232 pervenire
2510 5182 2523 5218 :
2553 5182 2655 5223 nec
2688 5178 2868 5224 tamen
2898 5171 2976 5227 sic
3006 5171 3171 5243 longe
3198 5174 3402 5231 erimus
3431 5175 3494 5231 ab
3528 5175 3628 5229 illa
3668 5175 3819 5234 bea-

2190 5254 2442 5324 titudine,
2460 5273 2620 5328 quam
2646 5261 2869 5331 capiunt
2887 5262 2973 5331 qui
2995 5262 3221 5334 implent
3243 5266 3579 5323 desiderium
3606 5282 3816 5327 suum.

2184 5347 2374 5419 Neque
2404 5352 2548 5405 enim
2576 5353 2624 5408 si
2650 5369 2757 5410 non
2791 5356 3103 5427 ceperimus
3135 5359 3187 5415 id
3214 5376 3430 5430 munus,
3464 5362 3634 5433 cujus
3661 5381 3815 5437 prae-

2184 5440 2361 5495 standi
2386 5449 2625 5510 potestas
2646 5445 2699 5498 iu
2721 5445 2947 5502 alterius
2972 5463 3134 5505 manu
3158 5452 3334 5521 posita
3358 5461 3463 5519 est,
3492 5457 3819 5523 reprehen-

2177 5586 2243 5653 ex
2274 5572 2602 5629 mundorum
2644 5592 2866 5659 genere.
2896 5580 3199 5660 Verumhita
3233 5596 3320 5639 est
3331 5586 3473 5660 _olim
3512 5585 3817 5660 Origenes

2174 5643 2611 5721 interpretatus:
2650 5643 2752 5702 nec
2784 5649 2893 5704 visa
2941 5663 3027 5708 est
3059 5654 3177 5712 aliis
3218 5672 3283 5712 ex
3330 5657 3561 5715 Patrum
3622 5643 3815 5721 Eritich

2170 5714 2439 5785 expositio
2469 5716 2557 5773 illa
2588 5717 2904 5791 incongrua.
