4012 6190
190 228 301 288 249

654 258 662 267 -
731 228 1065 288 EPISTOLA
1105 231 1325 289 XXXV.
1371 234 1457 291 DE
1497 233 1769 294 DUOBUS
1817 237 2049 310 FlLllS,
2090 241 2301 301 FllUGl
2344 244 2430 303 ET
2470 243 2895 305 LUXURIOSO.

3378 255 3486 313 250

188 344 395 438 sionem
428 343 822 402 sustinebimus
845 362 859 403 :
886 346 978 401 sed
1008 346 1054 403 si
1089 348 1142 403 in
1184 348 1270 404 his
1299 365 1419 421 qua:
1447 366 1612 422 agere
1638 368 1776 423 prte-
1803 353 1857 415 Α
1882 356 2075 412 rabant
2101 357 2295 427 Judaei,
2331 372 2384 417 et
2411 363 2710 419 urebantur
2742 366 2964 429 invidia,
3014 368 3161 438 quod
3191 382 3219 423 a
3254 369 3482 429 Domino

188 436 417 507 cipimur
442 451 762 506 pareamus,
795 439 1077 510 przrmium
1112 440 1289 499 laudis
1326 443 1478 514 juste
1524 445 1779 517 adipisci-

187 543 327 585 mur.

252 626 319 681 ll.
360 625 624 695 Quoniam
664 643 797 701 ergo
836 626 1622 690 omnimode'demonstratum
1672 647 1776 705 est,

183 731 288 771 non
322 717 497 771 solum
530 720 735 775 nullius
770 722 1019 790 periculi,
1056 723 1150 778 sed
1182 732 1238 780 et
1269 726 1514 794 plurima:
1536 727 1781 783 utilitatis

180 826 325 877 esse,
351 813 584 867 scrutari
614 812 825 870 divinas
853 815 1204 885 Scripturas:
1234 818 1600 891 disquiramus
1632 822 1777 878 illam

181 904 467 976 Evangelii
495 906 810 975 parabolam
832 950 845 973 ,
873 924 994 979 quae
1019 918 1101 965 est
1127 909 1195 965 de
1224 921 1374 981 patre
1397 922 1451 970 et
1472 914 1681 970 duobus
1713 916 1775 970 li-

177 999 269 1055 liis
300 1000 473 1073 (Luc.
503 1002 631 1074 xv).
663 1002 796 1057 Nam
831 1005 993 1059 unius
1021 1006 1097 1061 rei
1130 1021 1289 1061 causa
1318 1017 1372 1062 et
1400 1009 1468 1063 de
1498 1025 1599 1064 ove
1628 1019 1683 1066 et
1707 1011 1777 1066 de

172 1095 419 1149 muliere
448 1098 883 1166 comparationes
914 1098 1067 1152 nobis
1106 1107 1359 1153 contexto
1391 1100 1581 1155 ordine
1607 1116 1772 1170 supra

170 1188 424 1244 recitata:
454 1199 600 1245 sunt.
626 1189 895 1257 Quzeritur
919 1205 1048 1261 ergo
1073 1192 1192 1260 quis
1228 1192 1318 1246 ille
1348 1194 1529 1247 senior
1557 1194 1627 1247 sit
1658 1194 1768 1247 fra-

172 1288 283 1346 ter,
327 1281 422 1351 qui
459 1297 526 1336 ex
556 1280 781 1336 dimidio
807 1281 985 1336 datam
1031 1282 1132 1337 sibi
1164 1292 1403 1353 paterna:
1448 1285 1767 1343 substantia

171 1374 480 1444 portionem
523 1373 839 1440 custodivit,
886 1383 942 1429 et
985 1374 1401 1445 inseparabilem
1446 1394 1569 1433 cum
1609 1388 1767 1450 patre

170 1481 275 1521 suo
297 1467 460 1521 vitam
492 1481 656 1537 agere
686 1466 898 1522 dilexit.
927 1466 1058 1535 Quis
1087 1485 1216 1525 vero
1243 1470 1445 1541 junior,
1487 1473 1578 1542 qui
1611 1489 1768 1529 acce-

171 1569 267 1628 pta
299 1558 548 1614 similiter
588 1574 656 1613 es
699 1567 851 1627 patre
894 1560 1220 1629 substantia,
1269 1561 1545 1631 profectus
1585 1572 1670 1620 est
1714 1566 1766 1621 in

168 1651 521 1721 longinquam
568 1653 880 1721 regionem,
923 1662 977 1711 et
1020 1652 1317 1725 proﬂigatis
1362 1654 1473 1710 illic
1512 1657 1765 1713 omnibus

1884 459 2073 504 nostro
2101 452 2227 507 Jesu
2250 452 2466 509 Christo
2498 466 2813 526 peccatores
2856 460 3081 529 suscipi,
3125 462 3286 519 simul
3314 464 3476 522 etiam

1881 543 2176 611 convivari,
2209 554 2263 599 et
2295 547 2611 614 publicanos
2642 548 2876 605 libenter
2898 549 3162 607 doctrina:
3184 554 3477 614 Salvatoris

1883 633 2168 690 intendere
2198 635 2467 691 viderant.
2514 638 2593 693 Ad
2636 639 2776 695 hanc
2818 656 2948 711 ergo
2995 644 3338 701 insolentiam
3384 649 3477 705 Ju-

1882 722 2125 779 dzeorum
2148 726 2419 795 aspiciens
2444 727 2720 795 Dominus,
2748 733 2871 799 quia
2896 732 3389 802 reprehendebatur
3409 740 3474 794 ab

1882 817 1987 883 eis,
2021 817 2207 888 incipit
2238 819 2463 888 primam
2496 819 2562 875 de
2588 831 2809 890 pastore
2838 822 2982 877 illam
3016 826 3353 894 parabolam,
3386 830 3475 884 ubi

1882 910 2171 980 nonaginta
2204 919 2256 964 et
2283 925 2477 965 novem
2506 913 2695 967 ovibus
2725 913 3028 979 derelictis,
3062 917 3129 971 ad
3163 934 3319 973 unam
3355 937 3474 990 quas

1879 1000 2251 1066 abcrraverat,
2298 1002 2683 1072 requirendam
2731 1006 2881 1060 abiit.
2933 1008 2999 1062 Et
3041 1009 3311 1066 subnectit
3352 1012 3477 1069 huic

1875 1091 2035 1144 aliam
2060 1091 2370 1159 parabolam
2394 1094 2461 1147 de
2478 1094 2733 1149 drachma
2757 1097 2993 1167 decima,
3022 1118 3185 1171 quam
3212 1105 3472 1173 perditam

1875 1182 2018 1236 intra
2042 1182 2260 1236 domum
2288 1197 2442 1238 suam
2491 1200 2720 1242 accensa
2767 1190 2987 1247 lucerna
3019 1196 3215 1252 mulier
3243 1198 3468 1255 invenit.

1876 1275 2079 1331 Deinde
2109 1274 2226 1331 haec
2265 1279 2333 1334 de
2364 1278 2487 1332 tiliis
2530 1279 2743 1336 duobus
2788 1284 3041 1352 parabola
3096 1289 3470 1360 subsequitur,

1873 1368 2172 1423 secundum
2219 1369 2716 1440 dispensationem,
2766 1383 2822 1428 et
2864 1378 3225 1445 providentia:
3273 1382 3470 1439 divina:

1872 1462 2148 1529 ordinem,
2210 1463 2401 1518 harum
2467 1468 2935 1536 eomparationum
2983 1479 3186 1527 textum
3237 1474 3465 1534 faciens.

1872 1556 2004 1610 Nam
2030 1558 2158 1627 quia
2183 1558 2297 1628 ipse
2322 1559 2570 1628 princeps
2600 1570 2654 1615 et
2686 1572 2878 1618 auctor
2902 1565 3092 1620 salutis
3124 1577 3329 1622 nostra:
3360 1582 3463 1633 est,

1874 1648 2156 1705 seductum
2205 1651 2501 1717 hominem,
2534 1662 2584 1706 et
2614 1652 2741 1706 dolo
2786 1653 2983 1709 diaboli
3032 1657 3325 1725 perditum,
3359 1660 3465 1714 sal-

168 1744 341 1812 partis
369 1757 478 1797 sure
508 1742 861 1798 facultatibus
891 1744 957 1799 ad
1001 1744 1237 1812 inepiam
1266 1746 1539 1814 redactus,
1569 1763 1771 1818 porcos
1802 1740 1848 1800 B
1876 1756 2003 1795 vare
2030 1741 2317 1811 incipiens,
2351 1753 2402 1797 et
2435 1743 2754 1813 perfectioui
2781 1746 3067 1803 restituere
3095 1767 3107 1802 :
3135 1749 3236 1805 hoc
3258 1760 3340 1806 est
3362 1768 3463 1807 nu-

164 1833 381 1889 alienos
412 1848 637 1904 pascere
676 1844 901 1890 coactus
932 1844 1035 1890 est.
1063 1835 1170 1893 Sed
1213 1847 1267 1893 et
1295 1839 1614 1906 qualitatem
1642 1857 1763 1912 poe-

165 1927 418 1982 nitentia:
475 1926 594 1996 ejus
638 1941 746 1981 non
796 1929 1139 1995 omittamus,
1183 1938 1238 1983 et
1279 1930 1540 1987 laetificati
1596 1935 1765 2004 patris

161 2027 480 2089 promptam
510 2019 887 2074 remissionem
922 2019 1329 2090 modestamque
1360 2024 1638 2092 pietatem,
1673 2026 1765 2095 qui

162 2113 469 2169 revertenti
502 2112 614 2168 ﬁlio
652 2112 1004 2168 discessionis
1032 2115 1321 2183 praeterita:
1354 2116 1469 2186 [ΑΙ.
1499 2120 1763 2187 praeterit]

161 2206 479 2273 levitatem,
516 2216 571 2261 et
599 2206 879 2276 dissipatae
924 2207 1245 2264 substantia:
1288 2210 1488 2281 ﬂagitia
1534 2227 1641 2268 non
1669 2229 1763 2269 ex-

162 2298 435 2369 probrat:
469 2297 564 2353 sed
595 2298 909 2354 venientem
957 2299 1256 2357 clementer
1297 2304 1546 2375 suscipit,
1583 2314 1639 2361 et
1664 2321 1760 2362 oc-

160 2406 392 2446 currens
422 2390 647 2457 salutat,
692 2400 747 2445 et
774 2392 1071 2461 gratulans.
1095 2393 1393 2459 osculatur,
1442 2396 1761 2453 incumbens

159 2483 457 2552 requiescit
489 2484 543 2538 in
577 2498 664 2552 eo,
698 2492 752 2538 et
774 2485 1009 2539 vitulum
1042 2485 1194 2541 illum
1219 2490 1517 2557 saginatum
1543 2506 1639 2559 pro
1670 2492 1761 2546 la:-

160 2574 281 2629 titia
324 2575 530 2644 recepti
559 2574 657 2629 ﬁlii
687 2575 1013 2645 epulandum
1063 2577 1333 2633 immolat.
1382 2579 1439 2633 In
1480 2595 1588 2649 quo
1610 2596 1758 2636 com-

159 2676 396 2738 punctus
441 2666 626 2721 senior
654 2665 820 2722 frater
846 2667 975 2721 dicit
1004 2669 1162 2737 patri,
1212 2681 1319 2724 etc.
1356 2669 1482 2725 Haec
1509 2685 1629 2740 qua:
1659 2687 1759 2741 per

161 2767 347 2830 partes
371 2757 579 2829 digesta
610 2767 761 2827 sunt,
799 2761 1074 2830 expositio
1116 2761 1312 2815 vestris
1348 2762 1599 2817 sensibus
1630 2762 1758 2818 inti-

161 2852 353 2907 mabit.
377 2850 758 2906 Necessarium
785 2853 935 2906 enim
958 2860 1042 2907 est
1062 2864 1189 2907 ante
1213 2854 1389 2907 omnia
1414 2856 1755 2923 percunctari

162 2958 408 3008 causam,
442 2957 541 3012 pro
574 2957 705 3011 qua,
734 2943 949 3013 etquid
981 2943 1168 2998 volens
1197 2944 1263 2998 de
1298 2947 1592 3013 pronositis
1637 2945 1757 3000 Sal-

163 3046 323 3092 vator
349 3036 662 3102 ostendere,
699 3035 1009 3105 hujusmodi
1055 3036 1336 3106 parabolas
1369 3037 1577 3093 Iudaeis
1606 3048 1751 3109 apta-

1870 1848 2025 1889 mero
2050 1835 2355 1889 centesimo
2382 1837 2629 1900 reddere,
2680 1838 2731 1892 in
2763 1855 2873 1909 quo
2903 1840 3253 1910 perfectionis
3284 1845 3463 1914 pleni-

1871 1925 2005 1980 tudo
2034 1927 2541 1982 numeraturzhinc
2586 1929 2799 1983 initium
2842 1932 3266 1999 comparationis
3311 1935 3460 1991 facit.

1868 2018 2160 2089 Subjungit
2185 2028 2364 2073 autem
2394 2028 2447 2073 et
2478 2020 2721 2075 mulieris
2753 2036 3062 2089 personam,
3108 2039 3339 2095 arguens
3368 2028 3465 2083 Ju-

1868 2109 2039 2176 dzcos,
2070 2110 2277 2166 docens
2304 2123 2485 2167 autem
2532 2112 2857 2180 Ecclesiam,
2893 2124 2946 2169 et
2990 2114 3263 2171 hominem
3307 2120 3463 2188 quasi

1867 2203 2157 2257 erraticam
2188 2217 2343 2257 ovem
2375 2204 2613 2274 diligens
2646 2215 2829 2273 pastor
2861 2205 3089 2275 inquirit
3127 2225 3140 2261 :
3171 2224 3331 2277 quem
3362 2208 3462 2265 ho—

1866 2294 2066 2348 minem
2098 2294 2414 2349 drachmam
2448 2297 2711 2365 nominat,
2753 2306 2974 2367 propter
2999 2308 3229 2354 rnonetze
3266 2299 3465 2370 regalis

1863 2386 2273 2440 similitudinem
2310 2403 2324 2440 :
2358 2387 2655 2457 figuraliter
2700 2386 2754 2441 iu
2795 2387 3076 2455 drachma,
3128 2405 3248 2458 qua:
3298 2406 3461 2459 pecn-

1866 2478 1967 2531 niae
1996 2493 2168 2547 genus
2196 2488 2300 2544 est,
2331 2478 2475 2550 quod
2512 2479 2589 2533 illi
2626 2488 2899 2547 tamquam
2925 2496 3168 2546 nummo,
3204 2482 3378 2553 imago
3406 2494 3463 2540 et

1862 2571 2145 2641 inscriptio
2197 2572 2341 2640 regis
2383 2571 2625 2626 caelestis
2662 2571 2929 2642 insculpta
2970 2574 3062 2628 sit.
3094 2573 3302 2641 Quaerit
3330 2592 3461 2647 ergo

1861 2678 1977 2716 eam
2002 2662 2318 2718 drachmam
2348 2664 2563 2728 mulier,
2598 2679 2827 2719 accensa
2862 2666 3083 2721 lucerna
3112 2679 3163 2722 et
3198 2669 3455 2725 mundata

1862 2754 2025 2809 domo
2055 2756 2301 2813 invenit:
2334 2755 2436 2811 hoc
2476 2765 2580 2822 est,
2625 2755 2788 2810 homo
2834 2757 3165 2813 illuminatus
3213 2759 3381 2815 verbo
3402 2770 3459 2816 et

1861 2846 2240 2901 misericordia
2273 2847 2390 2911 Dei,
2441 2848 2666 2918 gloriam
2700 2858 2906 2904 natura:
2946 2864 3080 2915 suae,
3122 2851 3174 2905 in
3227 2867 3335 2921 qua
3386 2853 3457 2908 ad

1860 2939 2150 3010 imaginem
2184 2941 2445 2995 creatoris
2489 2941 2572 2995 sui
2614 2941 2786 2996 factus
2826 2951 2928 3012 est,
2963 2960 3122 3014 quam
3163 2946 3455 3002 obscurata

1861 3032 2097 3101 peccatis
2129 3031 2294 3088 domo
2332 3032 2534 3101 cordis,
2566 3033 2621 3088 in
2660 3036 2899 3090 tenebris
2937 3036 3116 3092 cordis
3146 3038 3407 3094 amiserat
3438 3056 3453 3096 :

162 3129 320 3186 verit.
375 3130 434 3186 Si
478 3129 621 3185 enim
655 3129 805 3185 vobis
845 3144 1009 3186 causa
1051 3130 1237 3184 talium
1283 3132 1753 3201 eomparationum
1783 3122 1829 3186 C
1860 3124 2165 3180 emendatis
2193 3125 2442 3182 senSibus
2473 3128 2677 3197 reperit
2707 3144 2723 3183 :
2756 3136 2814 3183 et
2846 3128 3044 3199 gaudio
3073 3130 3270 3200 gaudet
3308 3134 3456 3200 quod

160 3222 403 3293 patuerit
430 3238 446 3275 :
478 3232 603 3277 tunc
634 3236 698 3277 ea
722 3236 847 3291 quae
880 3221 952 3276 de
989 3221 1127 3291 ipsis
1161 3222 1448 3287 sentimus,
1493 3238 1562 3278 an
1593 3223 1757 3279 ratio-

159 3315 423 3372 nabiliter
452 3324 748 3385 congruant
773 3312 1006 3380 veritati,
1031 3313 1188 3369 facile
1214 3314 1571 3385 dignoscitur.

232 3408 328 3463 Ill.
350 3408 484 3463 Sunt
510 3409 684 3478 itaque
700 3408 790 3478 qui
822 3406 1009 3462 dicunt
1029 3407 1095 3461 de
1111 3408 1325 3462 duobus
1347 3407 1469 3463 ﬁliis
1498 3409 1635 3473 istis,
1663 3422 1750 3463 se-

156 3502 368 3555 niorem
396 3499 618 3570 angelos
638 3513 761 3554 esse
788 3508 843 3553 et
862 3496 1242 3568 archangelos,
1269 3497 1351 3553 vel
1382 3513 1601 3553 omnem
1623 3498 1756 3554 coeli

158 3594 435 3650 militiam.
484 3594 746 3649 Minorem
792 3606 921 3647 vero
961 3601 1168 3661 ponunt
1206 3592 1517 3660 hominem,
1574 3594 1663 3660 qui
1697 3593 1753 3648 iu

159 3687 449 3757 longinqua
478 3685 922 3757 peregrinatione
952 3687 1170 3752 abierit,
1202 3685 1422 3756 quando
1448 3685 1515 3740 ad
1552 3694 1752 3742 terram

157 3778 225 3834 de
256 3778 411 3834 cwlis
435 3786 492 3833 et
520 3777 775 3847 paradiso
803 3777 1002 3833 cecidit
1033 3794 1049 3833 :
1078 3786 1133 3832 et
1163 3785 1349 3849 aptant
1387 3776 1541 3846 quasi
1576 3777 1754 3832 scien-

158 3872 229 3927 tia
264 3872 610 3941 respicientis
649 3871 716 3926 ad
741 3886 924 3926 casum
952 3871 1039 3926 vel
1078 3879 1281 3926 statum
1329 3868 1479 3925 Adae.
1520 3869 1629 3926 Sed
1667 3869 1755 3926 hic

156 3979 350 4022 sensus
385 3965 506 4034 pius
530 3964 749 4034 quidem
786 3961 1020 4017 videtur.
1068 3961 1264 4018 Nescio
1296 3970 1473 4016 tamen
1503 3962 1548 4016 si
1582 3976 1751 4017 verus

156 4058 245 4113 sit.
281 4056 421 4112 Dicit
441 4056 640 4127 aliquis
667 4074 680 4109 :
714 4056 918 4126 quare?
945 4054 1080 4123 Quia
1113 4054 1294 4109 minor
1321 4053 1461 4107 filius
1491 4061 1548 4108 et
1569 4053 1753 4122 junior

154 4150 221 4205 ad
253 4148 631 4219 paenitentiam
676 4148 821 4203 venit
858 4161 954 4202 sua
986 4154 1212 4218 sponte,
1254 4144 1575 4201 recordatus
1609 4159 1748 4214 pra:-

156 4246 334 4299 teritze
362 4242 713 4299 abundantia:
740 4242 908 4312 patris
933 4241 1039 4309 sui,
1071 4241 1214 4296 sicut
1244 4239 1409 4293 habet
1454 4237 1627 4293 series
1674 4238 1751 4293 le-

154 4337 373 4392 ctionis.
414 4334 679 4390 Dominus
722 4344 900 4389 autem
945 4333 1196 4397 veniens,
1248 4331 1317 4385 ad
1368 4330 1742 4401 paenitentiam

156 4430 368 4486 vocavit
413 4428 708 4484 humanum
742 4442 935 4497 genus,
983 4442 1105 4482 cum
1146 4442 1241 4482 sua
1289 4433 1483 4495 sponte
1532 4423 1747 4494 regredi

1858 3232 2075 3273 omnem
2108 3217 2505 3273 immunditiam
2549 3218 2830 3274 interioris
2861 3220 3022 3288 aulze,
3065 3222 3258 3276 studiis
3284 3222 3455 3277 disci-

1859 3312 2023 3382 plina:
2056 3312 2306 3382 specialis
2336 3312 2653 3368 absterserit
2683 3331 2698 3365 :
2732 3324 2787 3368 et
2816 3324 3126 3368 contractas
3155 3315 3351 3371 anima:
3382 3317 3453 3372 de

1857 3405 2023 3459 rebus
2043 3414 2098 3459 et
2124 3404 2271 3458 curis
2300 3404 2653 3459 smcularibus
2676 3404 2891 3471 sordes,
2924 3407 3261 3463 orationibus
3291 3417 3346 3464 et
3375 3410 3459 3466 in-

1855 3498 2265 3566 crepationibus
2301 3508 2628 3566 expurgatas
2655 3498 2982 3551 excusserit.

1931 3590 1995 3644 V.
2039 3589 2349 3645 Secundum
2406 3585 2723 3657 prmdicinm
2771 3598 3170 3660 consequenter
3219 3593 3460 3649 annectit

1856 3682 2193 3753 parabolam,
2224 3682 2291 3738 de
2317 3681 2527 3736 duobus
2558 3682 2684 3737 filiis
2715 3682 3086 3749 collationem,
3121 3694 3179 3738 ut
3207 3685 3338 3740 mihi
3374 3688 3458 3741 vi-

1855 3774 1987 3830 deor
2014 3774 2192 3830 facere
2220 3792 2232 3827 :
2261 3788 2364 3829 non
2398 3774 2464 3829 dc
2480 3774 2682 3829 Judaeis
2706 3776 3218 3847 transgressoribus,
3252 3794 3352 3835 nec
3382 3779 3452 3837 de

1854 3868 2108 3938 gentibus
2130 3866 2376 3938 perditis,
2399 3867 2492 3922 sed
2520 3868 2701 3938 populi
2732 3869 2868 3938 ejus,
2898 3871 2988 3940 qui
3014 3885 3109 3940 per
3132 3872 3450 3942 patientiam

1853 3963 2100 4019 redditur
2123 3961 2305 4027 saluti,
2328 3977 2487 4031 quem
2504 3962 2778 4032 juniorem
2804 3963 2971 4019 lilium
2994 3967 3260 4021 nominat.
3292 3968 3443 4035 Setb,

1856 4057 2004 4112 Eoos
2031 4065 2086 4111 et
2109 4055 2195 4111 his
2216 4056 2486 4126 juniores,
2510 4057 2603 4127 qui
2630 4056 2698 4110 ab
2718 4057 2830 4112 Eva
2855 4074 3025 4129 usque
3053 4059 3117 4112 ad
3148 4060 3452 4116 Salvatoris

1854 4150 2152 4205 humanum
2196 4150 2516 4217 adventum,
2550 4150 2844 4205 secundum
2871 4151 3143 4221 juSIitiam
3189 4151 3323 4220 legis
3370 4152 3451 4206 vi-

1853 4251 2043 4298 ventes
2071 4242 2199 4312 justi
2234 4242 2575 4299 videbantur.
2613 4243 2752 4313 Ergo
2797 4245 2940 4314 quod
2987 4244 3063 4299 ait
3088 4245 3361 4314 juniorem
3392 4254 3451 4300 et

1854 4335 2150 4402 seniorem,
2181 4351 2287 4390 non
2319 4335 2370 4390 in
2406 4336 2601 4392 ordine
2634 4337 2918 4405 temporis,
2962 4336 3057 4392 sed
3098 4337 3151 4391 in
3198 4338 3448 4404 volupta-

1854 4439 1965 4484 tum
1994 4428 2279 4500 qualitate,
2314 4445 2634 4499 praaponens
2668 4445 2725 4485 se
2756 4427 2829 4495 ei,
2860 4429 2950 4500 qui
2978 4446 3085 4484 non
3113 4428 3448 4499 voluntarie,

157 4525 295 4580 unde
319 4523 618 4589 ceciderat,
656 4537 761 4577 non
788 4522 1074 4592 cogitaret.
1115 4520 1326 4576 Deinde
1356 4519 1542 4575 senior
1575 4519 1742 4588 filius,
1772 4503 1825 4563 Ῑ)
1851 4522 1947 4577 sed
1975 4523 2151 4576 alieno
2172 4520 2299 4575 dolo
2320 4523 2719 4577 circumventus
2744 4522 3115 4587 aberraverat,
3145 4521 3285 4575 sicut
3309 4522 3457 4589 ovis,

156 4620 198 4673 si
225 4617 429 4672 chorus
472 4624 559 4672 est
588 4616 891 4672 caelestium
935 4614 1274 4687 angelorum,
1326 4625 1383 4669 ut
1424 4614 1741 4684 praedictum

157 4722 234 4766 est
265 4729 279 4765 :
317 4710 593 4782 quomodo
624 4708 677 4765 in
726 4708 903 4764 reditu
934 4719 989 4763 et
1017 4707 1191 4762 salute
1235 4706 1422 4761 fratris
1450 4707 1560 4770 sui,
1592 4714 1648 4761 et
1690 4704 1743 4759 in

158 4802 303 4858 vituli
336 4803 718 4857 immolatione
748 4800 1022 4856 tristatur?
1063 4797 1198 4854 Cum
1242 4799 1295 4854 in
1325 4798 1522 4854 eodem
1564 4798 1747 4853 Evan-

155 4896 288 4966 gelio
316 4896 467 4951 dicat
498 4894 766 4950 Dominus
790 4911 803 4947 :
831 4893 1091 4947 Laetitiam
1119 4909 1228 4947 esse
1248 4894 1299 4947 in
1332 4892 1459 4947 ctelo
1489 4892 1627 4964 apud
1650 4908 1745 4945 an-

156 4990 289 5060 gelos
316 5006 474 5061 super
497 5004 600 5042 uno
632 4996 899 5058 peccatore
925 4985 1279 5056 paenitentiam
1299 4992 1499 5057 agente.

220 5082 312 5159 IV.
349 5083 719 5138 Discutiemus
766 5095 896 5150 ergo
948 5078 1110 5148 hujus
1161 5077 1438 5147 parabolae
1478 5078 1743 5132 rationem

156 5193 254 5232 non
280 5186 336 5233 ut
357 5178 513 5232 illum
544 5175 713 5228 alium
742 5172 1080 5228 intellectum
1100 5172 1494 5241 vituperemus,
1519 5171 1612 5223 sed
1641 5185 1748 5223 ma-

151 5270 229 5340 gis
249 5279 309 5325 ut
329 5286 453 5325 cum
484 5281 656 5323 sensu
685 5264 780 5319 illo
814 5263 868 5317 id
904 5262 1046 5333 quod
1079 5278 1178 5318 nos
1212 5262 1504 5328 sentimus,
1550 5261 1749 5316 vestris

152 5362 553 5432 diiudicandum
588 5356 830 5415 arbitriis
859 5354 982 5429 [AL
1014 5354 1351 5428 arbitrariis]
1379 5356 1743 5411 conferamus.

150 5455 260 5512 Jam
286 5459 429 5513 enim
458 5468 692 5512 causam
723 5451 1073 5521 exponimus,
1098 5466 1258 5522 quam
1286 5458 1343 5506 et
1372 5450 1586 5506 Domini
1629 5465 1746 5505 ser-

150 5565 232 5607 ruo
265 5547 547 5623 subiungit
576 5562 591 5602 :
623 5543 695 5601 de
740 5542 1026 5614 superiore
1056 5558 1220 5600 causa
1262 5542 1401 5598 hanc
1434 5541 1745 5613 parabolam

150 5642 494 5703 introducens
524 5638 676 5697 sicut
724 5636 932 5708 prmfati
972 5652 1156 5693 sumus
1204 5638 1545 5710 singularum
1578 5638 1629 5691 in
1664 5636 1748 5690 his

146 5742 404 5809 parabolis
437 5747 818 5812 personarum
852 5731 1173 5789 memoriam
1203 5731 1485 5790 facientes.
1511 5729 1751 5785 Murmu-

1850 4616 1954 4671 hoc
1978 4625 2080 4681 est,
2108 4615 2457 4671 irrationabili
2488 4614 2706 4671 animali
2748 4614 3145 4683 imprudentem
3174 4614 3447 4670 hominem

1849 4723 2208 4778 comparans,
2262 4708 2681 4762 sollicitudinem
2745 4706 2976 4775 pastoris
3022 4703 3284 4758 adhibens
3332 4721 3347 4760 :
3392 4714 3450 4760 ut

1848 4811 2057 4871 qumrat
2077 4815 2234 4857 ovem
2258 4800 2545 4869 perditam,
2572 4808 2626 4855 et
2654 4806 2897 4867 reportet
2919 4798 3215 4850 inventam.
3240 4796 3300 4850 Ei
3322 4812 3451 4853 vero

1848 4893 1940 4963 qui
1971 4892 2178 4945 arbitrii
2206 4890 2290 4943 sui
2321 4890 2573 4945 libertate
2617 4888 2804 4954 utitur,
2837 4898 2891 4940 et
2934 4889 3277 4957 recognoscit
3305 4889 3449 4947 unde

1847 4984 2127 5049 ceciderit,
2160 4983 2495 5053 poenitentiae
2537 4992 2592 5037 et
2640 4980 2976 5035 reversionis
3025 4981 3309 5039 utilitatem
3359 5000 3449 5041 ac-

1848 5076 2179 5136 commodat.
2232 5074 2385 5130 Unde
2431 5075 2548 5130 hmc
2591 5076 2730 5129 inter
2774 5073 3061 5143 parabolas
3105 5078 3449 5147 supradictas

1851 5173 1993 5227 ratio
2021 5166 2385 5225 distinctionis
2415 5176 2519 5231 est,
2544 5164 2842 5221 secundum
2873 5182 3133 5237 personas
3166 5170 3252 5224 vel
3292 5187 3448 5226 men-

1853 5275 1934 5321 tes
1963 5260 2299 5333 pcceantium
2332 5279 2342 5313 :
2376 5266 2530 5329 pater
2575 5256 2741 5311 tilium
2786 5274 2892 5314 non
2938 5263 3180 5333 requirat
3208 5262 3452 5332 peregri-

1854 5366 2095 5420 nantem,
2128 5352 2224 5409 sed
2252 5351 2479 5422 recipiat
2506 5350 2880 5420 pmnitentem.
2907 5352 3098 5408 Pastor
3129 5368 3261 5407 vero
3289 5367 3448 5406 ovem

1851 5459 2146 5511 errantem,
2179 5454 2360 5500 etnon
2391 5444 2687 5513 sapientem
2725 5446 2943 5512 reverti,
2975 5446 3234 5516 requirat,
3267 5453 3319 5501 et
3350 5444 3451 5499 hu-

1855 5541 2021 5597 meris
2049 5542 2161 5595 suis
2194 5537 2413 5593 referat.

1926 5630 2014 5687 γι.
2048 5630 2337 5687 Videamus
2368 5646 2509 5686 nunc
2552 5630 2595 5685 si
2625 5636 2948 5697 conson‘ent,
2996 5647 3117 5703 qua:
3147 5631 3447 5704 signiﬁcata

1855 5734 1981 5782 sunt
2010 5724 2077 5781 ad
2108 5723 2246 5780 hanc
2294 5723 2712 5794 expositionem.
2752 5724 2887 5783 Dicit
2936 5725 3214 5796 Scriptura
3247 5741 3261 5779 :
3302 5724 3453 5781 Divi-
