4012 6190
460 162 562 220 251

1503 156 1562 216 S.
1608 151 1992 216 ΙῘΙΕΒΟΝΥΜΙ
2031 150 2314 212 OPEBUM
2351 149 2715 212 MANTISSA.

465 279 598 334 dere
624 287 832 348 patrem
854 291 919 334 ex
943 289 1099 346 atquo
1121 274 1243 330 liliis
1259 271 1469 329 duobus
1489 268 1844 326 substantiam
1875 279 2052 324 suam.
2085 267 2134 325 Λ
2159 262 2375 319 dilectio
2405 263 2649 318 carnium
2672 260 2960 336 illecebrre,
2993 261 3335 334 siliquarum’
3365 265 3588 324 nomine
3614 263 3764 328 εει-ί-

469 370 536 427 Et
565 387 726 443 quam
782 369 1136 426 substantiam
1179 365 1268 421 hic
1305 362 1647 434 evangelicus
1688 368 1839 430 pater
1873 356 2066 413 dividit

476 462 591 518 ﬁlio
620 461 881 534 spirltuali
904 503 920 527 ,
953 459 1054 513 nisi
1077 459 1358 526 sapientia:
1389 454 1742 515 intellectum,
1782 450 2062 504 scientiam

473 554 605 611 boni
629 565 684 611 et
715 553 865 618 mali,
893 563 1014 621 qua:
1039 565 1186 604 verae
1223 557 1279 603 et
1311 556 1585 618 perpetuae
1620 551 1749 597 sunt
1789 555 1920 612 Opes
1949 539 2068 594 ani-

477 662 582 703 ma:
613 649 750 700 bene
772 641 1012 698 viventi?
1052 641 1150 694 Dat
1170 650 1350 694 autem
1381 638 1468 693 hic
1498 646 1649 708 pater
1688 632 1911 692 divitias
1941 645 2067 686 suas

479 752 545 793 ex
574 749 749 805 equo.
791 734 908 789 Non
952 733 1096 787 enim
1125 731 1410 802 quisquam
1456 737 1546 782 aut
1579 726 1786 804 justus,
1827 735 1918 780 aut
1948 737 2070 800 pec-

480 837 634 884 cator
661 824 899 879 nascitur
925 839 939 876 :
969 823 1066 878 sed
1083 836 1202 893 qua:
1222 835 1288 876 ex
1312 820 1426 874 Deo
1455 825 1561 884 est,
1585 819 1639 871 in
1669 815 1840 893 prima
1873 813 2068 867 nativi-

481 927 594 974 tate
633 915 870 971 hominis
893 915 1071 987 portio
1092 912 1411 970 substanti:e
1441 907 1758 971 rationalis,
1794 906 2076 986 aequaliter

485 1009 693 1066 cunctis
739 1006 1089 1063 nascentibus
1135 1003 1314 1059 datur.
1365 1004 1440 1057 De
1483 1002 1848 1072 subsequente
1895 1009 2075 1056 autem

485 1099 906 1158 conversatione
950 1096 1320 1168 unusquisque
1377 1095 1497 1165 plus
1549 1102 1643 1147 aut
1695 1092 1873 1145 minus
1918 1089 2080 1158 hujus

488 1191 812 1249 substantia:
845 1188 1131 1260 possidere
1175 1188 1470 1253 invenitur,
1501 1185 1630 1239 dum
1676 1183 1730 1238 in
1776 1181 2082 1252 semetipsis

490 1301 588 1357 per
636 1283 1134 1340 dissimilitudinem
1180 1283 1510 1337 voluntatum
1552 1279 1885 1350 negligentes
1929 1276 2079 1330 dese-

490 1385 660 1434 runt:
716 1377 1010 1448 diligentes
1067 1386 1248 1432 autem
1303 1373 1658 1436 custodiunt,
1711 1381 1766 1425 ut
1820 1368 2084 1425 naturalia

493 1471 660 1525 bona.
719 1470 874 1526 Alius
932 1479 1115 1525 autem
1175 1477 1438 1524 memorat
1493 1465 1800 1534 intelligens
1868 1461 2080 1516 Domini

495 1558 774 1616 Creatoris
800 1575 862 1615 ea
890 1575 1010 1631 qum
1038 1576 1066 1614 a
1098 1560 1208 1616 Deo
1240 1560 1402 1615 Patre
1435 1558 1758 1628 sumpserit,
1802 1553 1877 1609 ita
1922 1563 1980 1607 ut
2007 1550 2089 1607 sui

2168 369 2322 428 plura
2355 355 2622 427 designat.

2243 447 2373 502 \‘lll.
2407 448 2592 520 Itaque
2636 449 2725 504 ille
2771 448 3046 520 digressus
3079 465 3107 502 τι
3140 459 3322 520 patre,
3352 463 3408 505 et
3452 451 3507 506 in
3545 451 3765 526 longin-

2175 555 2337 611 quam
2387 541 2878 616 peregrinationem
2925 540 3228 616 profectus,
3289 543 3342 598 in
3387 551 3534 604 terra
3583 544 3765 606 aliena

2173 634 2512 704 consumptis
2537 633 2878 690 facultatibus
2903 649 3024 704 quae
3054 634 3381 708 supradicta:
3412 647 3562 708 sunt,
3587 637 3770 695 omnia

2175 724 2331 802 digna
2367 740 2684 797 perpessus,
2717 736 2770 782 et
2799 734 2982 796 postea
3022 726 3290 784 malorum
3319 742 3540 790 suorum
3576 743 3773 788 neces-

2180 820 2340 878 sitate
2382 820 2748 879 constrictus:
2796 820 2898 880 hoc
2953 831 3059 894 est,
3109 829 3165 875 et
3212 821 3357 892 fame
3394 832 3451 881 et
3489 831 3769 897 egestate,

2179 913 2407 984 pteuitet
2449 915 2656 970 erroris
2706 914 2788 969 sui
2827 934 2841 970 :
2893 926 2948 968 et
2990 915 3156 970 sentit
3191 913 3322 982 quid
3368 915 3486 985 ipse
3523 913 3631 972 sibi
3669 929 3771 970 no-

2181 1009 2373 1079 cuerit,
2422 1009 2513 1082 qui
2564 1025 2669 1064 non
2711 1008 2779 1066 de
2819 1007 3024 1080 judicio
3059 1005 3360 1063 voluntatis
3393 1022 3528 1076 suae,
3573 1005 3672 1064 sed
3703 1005 3772 1062 de

2183 1111 2334 1171 patre
2364 1100 2430 1155 ad
2461 1100 2698 1167 alienos,
2744 1099 2812 1156 de
2847 1098 3007 1155 domo
3038 1098 3105 1154 ad
3143 1097 3426 1170 exsilium,
3467 1097 3536 1154 de
3575 1098 3774 1170 apibus

2184 1192 2250 1248 ad
2278 1193 2697 1270 eleemosynam,
2722 1191 2790 1248 de
2811 1191 3133 1248 abundantia
3154 1190 3220 1246 ad
3245 1189 3434 1248 famem
3465 1189 3772 1245 transierit:

2189 1285 2241 1340 in
2269 1285 2370 1339 hoc
2401 1286 2519 1340 loco
2546 1285 2824 1342 servitutis
2846 1294 2896 1339 et
2922 1283 3152 1338 miseria:
3175 1282 3545 1350 reminiscens,
3583 1279 3779 1352 incipit

2188 1383 2428 1448 cogitare
2466 1376 2533 1432 de
2567 1377 2764 1444 reditu,
2810 1383 2867 1431 et
2915 1391 3098 1434 secum
3136 1375 3251 1448 ipse
3289 1384 3543 1448 reputans
3594 1373 3778 1428 dicit:

2191 1467 2372 1521 Dicam
2403 1470 2538 1540 putri
2577 1484 2689 1530 meo
2712 1483 2731 1522 :
2765 1467 2982 1526 Peccavi
3023 1468 3076 1520 in
3109 1468 3293 1544 cozlym
3323 1475 3368 1519 et
3407 1467 3460 1519 in
3499 1474 3786 1540 conspectu

2195 1567 2304 1620 tuo.
2333 1561 2536 1630 suscipe
2567 1576 2666 1624 me,
2696 1562 2827 1614 sicut
2859 1575 3021 1614 unum
3050 1560 3114 1613 de
3151 1558 3477 1614 mercenariis
3511 1559 3634 1612 tuis.
3684 1557 3788 1613 Os-

498 1669 562 1710 ca
612 1655 781 1725 patris
831 1669 954 1710 esse
1006 1655 1261 1720 credens,
1315 1654 1468 1724 quasi
1524 1659 1746 1720 paterna
1797 1647 2087 1704 custodi-Wt-
2121 1649 2169 1712 B
2199 1654 2364 1710 tendit
2395 1655 2674 1731 Scriptura
2707 1656 2842 1724 haec,
2870 1655 3084 1712 Patrem
3115 1670 3221 1712 non
3249 1653 3523 1714 hominem
3559 1654 3789 1725 intelligi

503 1747 656 1804 Alius
677 1757 857 1802 autem
884 1762 981 1802 sua
1010 1762 1077 1802 ex
1106 1763 1165 1801 sc
1195 1746 1296 1802 sibi
1327 1760 1448 1800 esse
1479 1743 1774 1804 aestimans,
1803 1741 1942 1794 sicut
1966 1752 2090 1808 pro-

505 1841 636 1912 priae
682 1837 1040 1910 possessionis
1085 1839 1299 1893 licentia
1349 1834 1680 1904 dissipandis
1719 1831 1987 1896 abutitur,
2037 1837 2092 1884 et

502 1933 617 1988 cito
667 1930 946 2002 proﬂigata
986 1929 1243 1984 facttltate
1275 1927 1590 1998 privabitur.
1637 1922 1964 1979 Describitur
1998 1935 2093 1974 au-

509 2032 616 2077 tem
647 2022 698 2076 in
731 2022 849 2076 istis
877 2029 937 2076 et
965 2020 1245 2075 evidenter
1266 2018 1571 2074 ostenditur
1602 2016 1828 2070 libertas
1859 2013 2090 2079 arbitrii,

501 2127 662 2184 quam
711 2112 908 2168 animae
961 2112 1210 2168 rationali
1260 2112 1573 2182 specialiter
1626 2109 1834 2165 addidit
1877 2115 2096 2162 creator

501 2204 666 2260 Deus.
1855 2201 1865 2211 '

575 2291 689 2351 Vll.
723 2295 856 2352 Vide
888 2311 1019 2368 ergo
1041 2337 1056 2364 ,
1088 2306 1243 2367 pater
1269 2295 1371 2350 iste
1395 2293 1667 2367 quomodo
1697 2309 1796 2350 nec
1827 2293 1975 2348 illum
2005 2309 2099 2346 vo-

505 2387 708 2444 lentem
738 2389 1019 2444 discedere
1048 2392 1308 2457 retineat,
1342 2406 1440 2442 nec
1465 2389 1622 2443 liberi
1648 2385 1860 2441 arbitrii
1889 2386 2098 2440 auferat

507 2489 832 2552 potestatem
866 2499 879 2535 :
923 2497 1097 2552 neque
1145 2483 1311 2538 alium
1351 2496 1574 2536 manere
1602 2481 1906 2549 cupientem
1943 2489 2100 2549 cogat

509 2573 830 2644 abscedere,
861 2589 929 2628 ne
955 2573 1095 2629 forte
1114 2573 1478 2642 frequentium
1500 2573 1786 2637 malorum,
1809 2586 1928 2642 quae
1951 2580 2098 2641 post-

512 2681 575 2721 ea
607 2664 690 2722 his
720 2680 817 2720 suo
845 2665 977 2720 vitio
1011 2667 1353 2734 acciderent,
1395 2666 1510 2734 ipse
1540 2663 1716 2732 potius
1755 2674 1944 2718 auctor
1983 2677 2104 2718 esse

512 2764 781 2825 videatur.
819 2763 865 2818 si
898 2762 1005 2817 illis
1036 2762 1347 2816 libertatem
1387 2760 1623 2831 propria:
1659 2758 1951 2817 voluntatis
1983 2759 2105 2814 abs-

513 2860 730 2915 ciderit.
773 2859 958 2929 itaque
990 2867 1042 2912 ct
1084 2857 1290 2930 petenti
1335 2855 1448 2921 dat,
1477 2855 1600 2927 quia
1627 2871 1691 2910 ex
1727 2855 1906 2924 nobis,
1939 2869 2044 2908 non
2077 2869 2109 2908 a

519 2954 671 3020 Deo,
727 2951 926 3021 inopia:
977 2959 1032 3006 et
1071 2947 1389 3002 offensionis
1439 2957 1637 3001 nostra:
1673 2962 1834 3001 causa
1893 2945 2112 3018 proiici-

2195 1750 2415 1812 debere,
2447 1750 2542 1806 sed
2569 1750 2758 1808 Deum.
2778 1749 3222 1824 Quandoquidem
3253 1765 3357 1804 non
3386 1750 3561 1809 Solum
3591 1751 3788 1809 ccelum

2196 1845 2439 1898 nominat
2477 1843 2530 1898 in
2574 1845 2923 1902 confessione
2970 1852 3315 1919 peccatorum
3357 1844 3629 1914 pcenitens
3670 1858 3792 1916 sup-

2197 1936 2346 2005 plex,
2385 1935 2480 1988 sed
2512 1933 2642 1990 dicit
2689 1937 2743 1988 in
2774 1944 3049 2007 conspectu
3092 1945 3199 1988 tuo.
3249 1936 3388 1989 Dens
3431 1936 3577 1988 enim
3605 1942 3690 1995 est
3737 1935 3790 1988 in

2197 2039 2488 2100 conspectu
2527 2039 2867 2097 peccatorum
2899 2028 3137 2082 omnium
3182 2028 3351 2081 solus.
3385 2027 3430 2082 A
3462 2041 3568 2104 quo
3605 2041 3705 2081 nec
3738 2025 3792 2081 in

2198 2121 2362 2175 corde
2392 2119 2644 2178 meditata
2670 2128 2884 2194 peccata
2914 2118 3172 2174 abscondi
3213 2128 3471 2192 possunt,
3510 2117 3794 2184 Scrutaris,

2200 2217 2392 2284 inquit,
2433 2214 2594 2270 corda
2624 2222 2671 2268 et
2708 2230 2855 2269 renes
2899 2212 3035 2269 Deus
3077 2213 3254 2286 (Psal.
3304 2228 3400 2279 vn,
3448 2211 3554 2285 l0).
3590 2211 3790 2274 Verum

2203 2309 2357 2364 nobis
2388 2307 2488 2362 huc
2517 2324 2584 2364 ex
2637 2309 2755 2361 loco
2778 2349 2792 2374 ,
2821 2309 3014 2363 coelum
3045 2305 3370 2378 intelligitur
3399 2306 3665 2362 Dominus
3698 2321 3797 2362 n0-

2202 2409 2318 2456 ster
2343 2401 2500 2457 Jesns
2527 2399 2810 2456 Christus:
2839 2399 2906 2454 ad
2928 2415 3088 2472 quem
3115 2399 3166 2452 hi
3191 2396 3427 2482 gentiles
3449 2399 3538 2470 qui
3573 2399 3628 2453 iu
3654 2408 3800 2454 tene-

2204 2494 2317 2548 hris
2372 2493 2700 2549 infidelitatis
2753 2493 2996 2546 viventes
3062 2492 3616 2564 blasphemaverunt,
3683 2492 3801 2562 jam

2205 2587 2452 2643 conversi
2479 2585 2546 2640 ad
2578 2584 2737 2642 [idem
2766 2584 3085 2640 conﬁtentes
3108 2585 3396 2642 veritatem
3432 2585 3558 2654 Dei,
3594 2585 3645 2640 in
3680 2601 3803 2654 pa:-

2207 2677 2430 2734 nitentia
2459 2677 2664 2732 erroris
2706 2675 2787 2731 sui
2824 2676 2968 2748 juste
2991 2676 3220 2732 dicunt:
3259 2675 3474 2734 Peccavi
3511 2677 3565 2730 in
3613 2675 3807 2732 calum

2208 2771 2328 2826 etin
2356 2780 2423 2824 ιε.
2455 2770 2555 2839 Qui
2589 2767 2732 2823 enim
2759 2769 2813 2823 in
2842 2768 3034 2824 emittm
3069 2773 3273 2838 peccat,
3311 2767 3452 2837 quod
3478 2768 3579 2822 etsi
3609 2782 3806 2838 super-

2211 2881 2339 2920 num
2371 2865 2458 2929 sit,
2502 2874 2680 2918 tamen
2725 2863 2937 2919 visibile
2976 2872 3030 2919 et
3061 2862 3355 2921 ltmaticum
3398 2873 3504 2928 est,
3560 2864 3679 2932 ipse
3721 2873 3812 2923 est

2213 2963 2304 3033 qui
2351 2970 2535 3030 peccat
2573 2961 2627 3020 in
2675 2961 2974 3026 hominem,
3011 2975 3171 3036 quem
3218 2959 3457 3027 suscepit
3495 2957 3664 3014 Filius
3711 2955 3813 3014 Dei

519 3044 712 3099 scitur.
737 3041 1025 3113 Accipiens
1040 3049 1221 3095 autem
1251 3051 1456 3108 partem
1483 3038 1850 3111 suatnjuuior,
1875 3056 2109 3111 peregre,
2141 3033 2186 3098 C
2221 3071 2316 3124 pro
2345 3055 2519 3118 salute
2562 3064 2765 3110 nostra.
2809 3033 3042 3114 Proinde
3088 3055 3142 3116 in
3175 3053 3389 3113 Patrem
3429 3051 3598 3110 Deum
3623 3049 3815 3106 omnia

523 3137 715 3208 inquit,
749 3137 873 3190 abiit
903 3136 1076 3208 longe.
1111 3134 1265 3201 Quod
1293 3135 1386 3203 ait,
1413 3131 1588 3206 longe,
1622 3149 1726 3189 non
1755 3134 1996 3190 locorum
2029 3137 2110 3187 itt-

523 3228 926 3298 tercapcdinem
952 3267 967 3292 ,
999 3227 1096 3282 sed
1135 3227 1551 3281 declinationem
1597 3227 1792 3282 mentis
1823 3228 2112 3300 expressit.

527 3319 629 3387 Qui
651 3333 796 3374 enim
825 3318 1153 3374 oblivionem
1199 3319 1292 3375 Dei
1319 3320 1545 3389 ceperit,
1589 3319 1826 3375 hicvere
1869 3320 2114 3393 peregri-

526 3413 646 3467 nari
678 3428 703 3464 a
745 3412 856 3466 Deo
883 3412 1101 3468 dicitur.
1131 3414 1280 3470 Sicut
1315 3424 1533 3468 econtra
1565 3413 1909 3467 conversatio
1939 3428 2116 3468 siccu-

526 3506 662 3562 laris
705 3522 816 3561 non
854 3509 1028 3562 solum
1060 3507 1423 3578 peregrinum,
1480 3505 1574 3560 sed
1617 3505 1853 3562 alienum
1887 3507 2120 3568 Domino

528 3600 675 3657 facit.
709 3601 794 3668 Et,
820 3610 874 3655 ut
905 3602 1138 3656 breviter
1159 3601 1357 3664 dicam,
1392 3601 1803 3672 peregrinantes
1833 3616 1862 3654 a
1895 3602 2121 3670 sacculo,

531 3708 925 3766 prtesentamur
967 3695 1030 3749 ad
1066 3695 1351 3748 Dominum
1385 3712 1399 3748 :
1444 3695 1525 3749 sic
1553 3696 1714 3748 etiam
1744 3704 2123 3764 permanentes

534 3790 590 3842 in
621 3787 784 3842 rebus
809 3787 1062 3852 terrenis,
1092 3801 1120 3838 a
1153 3785 1474 3842 caelestibus
1495 3786 1848 3842 essultamus.
1882 3786 2124 3857 Denique

534 3877 668 3936 Cain
691 3879 860 3935 exiita
880 3878 1016 3934 facie
1032 3879 1239 3934 Domini
1259 3890 1310 3933 et
1323 3878 1483 3949 longe
1498 3875 1895 3949 eiiicitur(Gen.
1913 3894 1986 3942 tv,
2010 3878 2125 3947 16),

542 3987 648 4032 non
667 3976 791 4046 quia
813 3975 963 4030 locus
986 3974 1180 4042 aliquis
1204 3971 1331 4028 loris
1349 3981 1494 4027 esset
1515 3987 1542 4024 τι
1567 3983 1861 4044 conspectu
1887 3971 2007 4038 Dei,
2032 3969 2126 4027 sed

538 4068 680 4138 quod
703 4082 798 4122 sua
827 4075 1009 4122 mente
1031 4064 1237 4121 divisus
1259 4074 1404 4119 esset
1429 4085 1454 4118 ει
1474 4065 1687 4122 Domini
1711 4076 1983 4135 respectu,
2007 4080 2132 4134 pro-

542 4169 662 4229 pter
686 4161 1035 4216 homicidium
1063 4169 1343 4229 separatus
1370 4175 1398 4213 a
1433 4159 1560 4214 Deo.
1596 4158 1708 4216 llac
1733 4174 1863 4230 ergo
1889 4159 2132 4231 peregri-

541 4254 758 4309 natione
784 4269 878 4324 per
900 4269 1146 4322 magnam
1171 4253 1528 4324 ignorantiam
1557 4254 1936 4322 peregrinatus
1960 4249 2133 4306 fuisse

542 4365 642 4405 nos
676 4351 855 4404 sciens
896 4348 1240 4402 beatissimus
1285 4345 1487 4400 Paulus
1511 4387 1526 4409 ,
1565 4344 1734 4400 dicit:
1778 4343 1877 4400 Vos
1909 4343 1999 4416 qui
2027 4343 2132 4396 ali-

2215 3148 2432 3221 specula
2441 3165 2471 3202 ιι
2480 3157 2585 3210 tem
2622 3156 2830 3223 peccat.

2288 3241 2381 3296 IX.
2410 3241 2507 3299 llis
2535 3241 2692 3308 igitur
2721 3239 2994 3309 cogitatis,
3027 3238 3434 3314 resipiscentent
3459 3243 3513 3292 et
3550 3249 3646 3303 per
3675 3247 3815 3292 con-

2219 3331 2469 3389 fessionis
2497 3331 2862 3392 humilitatem
2892 3346 2956 3388 ex
2983 3329 3206 3402 regione
3236 3328 3530 3399 longinqua
3561 3340 3817 3386 remean-

2223 3436 2328 3482 tem
2355 3425 2524 3482 Iilium
2553 3424 2620 3478 ad
2648 3438 2709 3481 se
2731 3422 2918 3498 videns
2949 3432 3136 3493 pater,
3166 3421 3377 3476 laetatus
3407 3418 3667 3486 occurrit,
3700 3433 3824 3472 ant-

2223 3521 2474 3593 plectitur
2493 3527 2548 3576 et
2575 3519 2868 3576 osculatur.
2898 3519 3095 3586 Aperte
3118 3514 3205 3570 hic
3227 3513 3460 3568 chztritas
3484 3513 3535 3567 in
3563 3510 3823 3566 homines

2223 3616 2404 3674 divina
2427 3610 2771 3670 describitur.
2796 3609 2934 3678 Quid
2961 3609 3108 3664 enim
3141 3607 3285 3668 aliud
3322 3616 3427 3677 est,
3458 3604 3604 3678 quod
3626 3620 3826 3660 occur-

2227 3707 2318 3770 rit,
2369 3704 2473 3764 nisi
2511 3705 2631 3774 quia
2682 3717 2779 3760 nos
2826 3701 3060 3773 peccatis
3109 3699 3575 3770 impedientibus,
3631 3687 3827 3754 nostra

2231 3800 2431 3860 virtute
2487 3796 2552 3852 ad
2596 3797 2767 3853 Dettm
2819 3793 3106 3868 pervenire
3153 3809 3258 3854 non
3309 3801 3640 3863 potet-auius.
3701 3791 3829 3862 Ipse

2230 3908 2410 3950 autem
2455 3900 2646 3962 potens
2690 3888 2756 3946 ad
2807 3887 3072 3946 invalidos
3119 3886 3404 3958 pervenire
3431 3927 3444 3951 ,
3495 3882 3824 3940 descendit;

2231 3987 2369 4040 sicut
2391 3983 2457 4040 de
2479 3983 2518 4042 Ζ
2537 3982 2704 4038 telum
2734 3980 2990 4052 operibus
3018 3980 3152 4052 ipsis
3178 3975 3612 4050 significantibus
3643 3975 3832 4043 expri-

2235 4078 2402 4134 mitur
2437 4077 2614 4144 :quod
2644 4090 2764 4130 cum
2795 4072 3163 4128 desiderasset
3201 4069 3383 4132 videre
3423 4068 3731 4128 Dominum,
3773 4077 3833 4122 et

2235 4170 2304 4224 ob
2333 4168 2435 4226 hoc
2480 4169 2531 4224 in
2563 4167 2812 4226 arborem
2845 4162 3259 4220 Conscendisset
3281 4202 3295 4227 ,
3328 4161 3694 4230 prreveuicnte
3718 4159 3832 4214 Do-

2239 4265 2386 4322 mino
2410 4301 2424 4324 ,
2457 4257 2828 4330 cuttSpicitttr,
2867 4265 2919 4310 et
2966 4264 3188 4316 voratur
3223 4271 3233 4307 :
3269 4263 3326 4307 et
3371 4251 3518 4308 illico
3566 4249 3833 4310 Dominus

2238 4355 2291 4412 in
2314 4353 2532 4408 domum
2574 4350 2691 4420 ejus
2721 4348 2788 4412 ad
2820 4346 3215 4403 convivandum
3275 4345 3391 4432 ipse
3433 4343 3833 4399 declinaturum

547 4443 756 4511 quando
798 4443 951 4513 longe
977 4440 1149 4507 fuistis
1175 4478 1190 4504 ,
1237 4453 1376 4491 nunc
1425 4447 1597 4490 autem
1636 4436 1758 4508 facti
1800 4437 1921 4489 estis
1973 4451 2110 4504 prop.

2243 4463 2301 4502 se
2351 4462 2474 4502 esse
2526 4418 2812 4516 promittit.
2867 4441 2997 4496 Vide
3046 4418 3320 4512 quomodo
3361 4435 3623 4493 credituri
3670 4435 3835 4489 (idem

545 4535 711 4608 (Epit.
742 4549 801 4600 tt,
836 4531 948 4603 13).
982 4529 1302 4600 llujusmodi
1328 4544 1459 4601 ergo
1491 4529 1792 4598 profectus,
1823 4528 2137 4598 peregrina-

551 4631 754 4683 tionem
772 4627 958 4698 junior
980 4625 1070 4681 ille
1093 4623 1235 4679 ﬁlius
1255 4622 1501 4690 assumit,
1532 4631 1582 4676 et
1613 4622 1835 4677 devorat
1865 4619 2137 4690 prmdictte

555 4722 821 4790 portionis
851 4735 965 4774 sua:
1003 4717 1070 4772 de
1116 4729 1336 4790 paterna
1376 4714 1692 4769 haereditate
1733 4712 2085 4767 substantiam
2120 4729 2134 4765 :

551 4815 737 4886 utique
767 4812 1139 4881 spirituahbus
1169 4810 1461 4866 destitutus
1499 4809 1714 4880 opibus,
1741 4809 1794 4864 id
1830 4819 1933 4875 est,
1960 4809 2138 4880 provi-

552 4905 734 4961 dentia
756 4905 852 4962 Dei
879 4918 931 4962 et
955 4907 1230 4962 intellecm
1259 4922 1274 4963 :
1299 4920 1416 4960 cum
1443 4920 1636 4980 porcas
1663 4920 1883 4974 pascere
1911 4904 2144 4978 cogitur,

557 4997 662 5053 hoc
696 5008 798 5065 est,
847 4999 1090 5056 sordidas
1120 5008 1176 5056 et
1201 4999 1508 5055 immuttdas
1541 4999 1594 5060 in
1617 4998 1792 5054 anima
1823 5013 1916 5054 sua
1947 4999 2151 5071 cogita-

561 5090 737 5145 tiones
764 5092 994 5159 nutrire,
1041 5102 1097 5147 ut
1125 5093 1312 5149 ederet
1336 5108 1486 5148 escas
1526 5092 1922 5149 irrationabiles
1971 5106 2149 5164 prava:

559 5182 982 5239 conversationis
1009 5203 1020 5236 :
1045 5185 1231 5242 dulces
1253 5185 1469 5262 quidem
1501 5186 1678 5260 egenti
1712 5188 1996 5254 bonorum,
2027 5183 2151 5254 quia

563 5294 730 5335 suave
755 5281 1019 5350 perversis
1037 5283 1249 5338 videtur
1266 5300 1425 5338 omne
1448 5299 1583 5362 opus
1603 5297 1812 5338 carnem.
1834 5279 2150 5352 voluptatis:

562 5379 704 5452 quod
727 5377 970 5435 seductio
991 5379 1242 5436 desiderii
1268 5391 1322 5436 et
1347 5381 1619 5450 corruptio
1640 5383 1760 5435 vitae
1774 5389 1878 5447 est,
1902 5395 2018 5450 qua:
2051 5381 2160 5435 vir-

565 5480 737 5528 tutem
765 5485 818 5528 et
843 5472 1208 5528 fortitudinem
1230 5477 1443 5542 animat,
1469 5490 1574 5530 non
1611 5475 1770 5530 modo
1793 5475 1991 5530 nullam
2024 5490 2161 5546 pra:-

571 5575 713 5634 stat,
763 5567 856 5623 sed
889 5577 1056 5623 totum
1089 5568 1303 5642 penitus
1338 5581 1559 5631 enervat
1595 5579 1648 5630 et
1689 5551 1920 5640 perimit.
1967 5569 2162 5646 Hujus-

568 5652 720 5714 inodi
735 5659 911 5728 cibos,
930 5661 1082 5729 quasi
1109 5661 1358 5730 porcinos
1378 5670 1434 5728 et
1451 5663 1592 5730 male
1614 5661 1822 5735 dulces,
1853 5670 2011 5734 prout
2035 5665 2165 5725 Iuni

2245 4536 2549 4610 praevidens
2589 4533 2862 4603 Christus,
2913 4533 3169 4590 latentem
3219 4529 3273 4584 in
3324 4529 3542 4592 arbore,
3576 4525 3733 4594 quasi
3782 4526 3837 4581 in

2247 4639 2591 4702 peccatorum
2625 4625 2864 4681 tenebris
2894 4623 3297 4686 obumbratum,
3329 4620 3565 4675 sollicite
3594 4629 3650 4672 ιιι
3674 4633 3835 4673 ovr‘nt

2247 4723 2512 4796 perditam
2567 4717 2795 4789 requirit
2844 4724 3109 4785 aspectu:
3152 4724 3208 4770 et
3258 4713 3446 4770 venire
3489 4718 3839 4765 cunctantem

2249 4824 2425 4882 vocat,
2455 4822 2509 4866 et
2532 4815 2834 4868 venientem
2865 4817 3134 4877 tamquam
3171 4803 3408 4860 humeris
3430 4802 3542 4857 suis
3570 4801 3800 4872 suscipit
3826 4817 3841 4855 :

2252 4919 2307 4963 et
2353 4921 2460 4961 non
2493 4902 2743 4959 audeatis
2777 4902 3002 4956 invitare
3039 4881 3346 4963 Dominum,
3373 4895 3737 4951 desiderantis
3763 4905 3849 4950 ta-

2254 5015 2374 5056 men
2422 4996 2752 5053 salutiferam
2784 4993 3217 5049 benedictionem
3246 5033 3258 5055 ,
3295 4988 3589 5062 peccatoris
3613 4973 3846 5046 domum

2255 5091 2554 5164 ingreditur
2577 5133 2592 5157 ,
2624 5069 3042 5162 conviviumque
3071 5083 3350 5155 participat
3384 5097 3396 5134 :
3429 5077 3728 5135 ostendens
3760 5081 3852 5133 vi-

2255 5185 2394 5241 sibili
2437 5182 2608 5258 gratia
2641 5178 2965 5235 invisibiletn
2996 5173 3503 5236 sanctiﬁcationctu,
3531 5169 3659 5237 quia
3693 5170 3846 5227 Deus

2259 5277 2519 5348 sapientia
2561 5273 2905 5332 fatuiIiariter
2933 5286 3028 5326 cor
3055 5269 3327 5325 credentis
3371 5263 3702 5338 ingreditur,
3730 5280 3851 5322 cre-

2261 5375 2590 5442 dentemque
2621 5369 2907 5448 participat
2939 5375 3297 5423 sacramento.

2335 5465 2401 5520 Χ.
2432 5461 2575 5533 Ergo
2596 5475 2889 5518 occurrens
2922 5471 3073 5532 pater
3099 5457 3209 5513 ﬁlio
3239 5454 3532 5516 revertenti
3560 5453 3854 5525 superfun-

2264 5559 2409 5617 ditur
2427 5556 2571 5612 collo
2599 5555 2747 5625 ejus,
2778 5565 2832 5609 et
2862 5555 2914 5609 in
2955 5568 3022 5610 eo
3049 5552 3354 5623 lacrymans
3393 5546 3722 5620 requiescit.
3756 5547 3855 5604 Os-

2268 5650 2478 5718 culatur
2519 5655 2701 5708 autem
2755 5661 2817 5704 os
2844 5645 2961 5718 ejus
2984 5684 3000 5715 ,
3039 5659 3136 5717 per
3164 5642 3308 5716 quod
3344 5637 3546 5696 emissa
3587 5638 3660 5696 de
3689 5639 3860 5697 cordo
