4012 6190
182 230 291 289 πε

796 220 1135 282 εριδτοιυλ
1172 215 1416 281 XXXVI.
1462 208 1785 271 VALERliJ!

1895 205 2103 266 UFINO
2132 206 2224 263 NE
2262 205 2495 265 DUCA'I'
2534 204 2846 265 UXOREM.

3365 201 3473 259 951

184 347 453 406 confessio
492 345 805 418 pmnitentis
830 345 1076 411 exierat,
1110 358 1272 414 quem
1303 348 1453 412 pater
1482 339 1641 394 lactus
1670 350 1759 389 ex-
1787 330 1840 401 Α
1866 330 2014 386 terivi
2043 346 2061 385 :
2096 339 2141 385 et
2182 344 2283 383 non
2317 328 2502 382 dedisti
2546 325 2753 381 haedum
2785 343 2879 396 pro
2924 342 3031 389 nte,
3070 333 3130 379 ut
3181 322 3423 393 epularer
3450 335 3467 375 .‘

183 445 338 515 cepit.
373 443 583 498 Deinde
612 457 734 497 mox
759 442 917 511 jubet
946 447 1002 496 et
1021 427 1214 494 stolam
1247 436 1473 506 primam
1510 427 1766 501 proferri,

182 535 232 590 id
255 544 333 591 est
358 534 641 605 pristinam
662 533 911 603 gloriam,
938 546 1096 601 quam
1123 544 1190 585 ex
1214 526 1533 584 seductiona
1590 516 1771 576 liaholi

182 626 411 682 nudatus
435 628 735 693 amiserat,
779 624 934 681 reddi
971 642 985 679 :
1032 622 1192 678 simul
1235 630 1291 676 et
1330 617 1587 673 annulum
1620 612 1771 677 dari,

178 721 288 775 sive
329 718 667 789 signaculum
706 716 959 774 salutaris
1006 714 1279 788 symboli,
1321 727 1419 767 seu
1455 711 1627 780 magis
1680 707 1775 762 de-

178 811 543 881 sponsatiouis
569 810 777 881 insigne
822 818 878 864 et
921 808 1233 878 nuptiarum
1278 805 1474 876 pignus
1522 801 1773 866 illarum,

175 905 371 975 quibus
432 902 685 959 Christus
735 900 1040 957 Ecclesium
1107 912 1259 954 suam
1315 902 1581 966 Sponsat:
1640 905 1766 947 cum

176 1000 362 1055 omnis
389 997 574 1054 anima
604 995 937 1066 resipiscens
962 1009 1058 1064 per
1085 993 1344 1051 annulum
1377 987 1500 1044 lidei
1527 986 1775 1058 jungitur

172 1092 421 1149 Christo.
475 1090 693 1149 Mandat
737 1101 793 1145 et
842 1088 1197 1143 calciamenta
1253 1082 1479 1154 pedibus
1525 1081 1769 1149 apponi:

175 1193 278 1240 aut
328 1194 554 1256 propter
592 1181 1006 1239 communienda
1058 1177 1281 1248 vestigia
1329 1175 1396 1230 ad
1446 1170 1769 1228 currendam

174 1278 358 1349 viam,
388 1289 443 1332 ut
469 1292 565 1349 per
596 1274 858 1329 lubricum
903 1270 1087 1326 mundi
1119 1268 1276 1323 istius
1313 1268 1422 1320 iter
1450 1264 1588 1321 ﬁxus
1620 1262 1773 1323 ince-

176 1372 322 1427 dat:
377 1381 469 1425 aut
515 1379 571 1423 ut
618 1367 840 1425 excluso
892 1366 947 1425 in
1004 1360 1347 1431 Evangelicis
1396 1354 1771 1415 calciamentis

180 1478 397 1519 carnea:
425 1458 765 1530 contagionis
797 1458 933 1518 luto,
968 1452 1200 1509 mundos
1230 1449 1395 1522 pedes
1425 1448 1770 1509 immaculata

175 1554 592 1613 conversatione
612 1557 905 1607 conservet
930 1560 983 1604 et
1006 1548 1203 1619 dirigat
1228 1564 1241 1598 :
1265 1556 1355 1599 aut
1379 1551 1599 1615 propter
1622 1557 1771 1597 mor-

179 1647 401 1704 titicatio
418 1662 538 1701 nem
577 1644 969 1701 membrorum.
997 1641 1134 1698 Vita:
1163 1638 1309 1696 enim
1349 1646 1548 1691 nostra:
1576 1648 1771 1691 cursus

1874 425 1979 479 hoc
2008 432 2092 479 est
2137 438 2237 478 nec
2279 433 2620 491 peccatorem
2664 435 2761 491 pro
2794 428 2981 473 nostra
3011 419 3203 489 requie
3243 414 3467 473 dedisti.

1877 516 1981 584 Qui
2008 516 2165 579 enim,
2208 514 2405 582 inquit,
2435 517 2613 583 fecerit
2641 526 2755 583 qua
2785 510 2912 581 legis
2940 518 3058 563 sunt
3081 554 3095 577 ,
3123 509 3257 563 vivet
3275 507 3331 562 in
3352 508 3424 562 eis
3448 520 3469 561 :

1873 609 1962 679 qui
1989 624 2090 661 non
2118 606 2319 677 fecerit,
2360 605 2610 675 punietur
2639 620 2702 658 ex
2720 603 2871 673 ipsis.
2906 602 3012 656 Pro
3039 601 3147 654 isto
3170 608 3350 654 autem
3374 598 3467 667 qui

1875 700 2173 757 fornicatus
2204 705 2293 755 est
2316 740 2332 765 ,
2357 699 2521 753 etiam
2550 696 2857 767 saginatum
2874 737 2889 761 ,
2923 692 3126 764 inquit,
3150 691 3305 745 illum
3324 692 3469 744 vitu-

1877 795 1989 850 lum
2023 792 2262 848 dedisti:
2312 790 2366 845 id
2394 798 2501 855 est,
2544 787 2747 844 Filium
2787 796 2939 841 tuum
2984 783 3248 839 dilectum
3282 799 3299 837 τ
3333 781 3473 837 sicut

1878 900 2043 956 supra
2084 883 2341 940 diximus.
2385 880 2491 939 Sed
2532 879 2659 950 quid
2711 878 2762 934 ei
2816 875 3113 948 respondet
3149 873 3350 929 Pater?
3384 872 3469 927 Tu

1876 993 2080 1050 semper
2113 991 2311 1031 mecum:
2340 990 2396 1029 es
2414 1017 2429 1040 ,
2465 972 2697 1041 oportuit
2726 979 2901 1025 autem
2928 984 3023 1039 pro
3050 967 3150 1020 isto
3179 964 3435 1038 gratulari
3453 1002 3472 1031 ,

1875 1070 1962 1139 qui
1992 1070 2238 1139 perierat,
2271 1074 2319 1120 et
2349 1066 2586 1120 inventus
2603 1072 2953 1130 est,mortuus
2975 1062 3168 1130 (wet,
3191 1068 3239 1112 et
3262 1057 3470 1111 revisit.

1875 1161 2181 1218 Ostendens
2224 1160 2277 1214 in
2310 1158 2415 1213 hoc
2468 1157 2642 1212 verbo
2689 1154 2983 1210 manifeste
3030 1152 3305 1207 hominem
3332 1190 3347 1216 ,
3381 1145 3477 1219 qui

1874 1252 2150 1327 peccando
2197 1252 2307 1307 vita
2352 1252 2654 1315 exciderit,
2699 1260 2756 1304 et
2803 1249 3073 1304 obnoxius
3119 1244 3478 1300 modiﬁcatus

1872 1349 2054 1414 fuerit,
2084 1363 2148 1402 ea
2177 1344 2493 1400 reversione
2521 1352 2701 1397 autem
2722 1339 2949 1395 salutari
2979 1353 3074 1408 per
3096 1336 3473 1408 penitentiam

1876 1442 1928 1495 iu
1958 1438 2302 1509 adoptionem
2327 1433 2424 1490 ﬁlii
2443 1433 2687 1489 redierit.
2719 1430 2930 1485 Bonum
2958 1437 3140 1482 autem
3164 1426 3471 1492 hominem,

1873 1532 1963 1602 qui
1990 1528 2253 1586 manserit
2284 1529 2337 1583 in
2369 1527 2531 1593 bono,
2562 1522 2935 1578 hereditatem
2962 1528 3249 1589 paternam
3269 1516 3472 1585 jugiter

1876 1627 2173 1697 possidere.
2207 1624 2393 1694 itaque
2421 1622 2466 1678 si
2510 1619 2849 1693 peccaveris,
2884 1631 2920 1669 ο
2953 1614 3139 1678 humo,
3173 1610 3371 1665 festina
3411 1607 3478 1662 li-

179 1742 234 1797 in
265 1698 697 1811 Scripturis'pes
726 1736 1056 1808 appellatur.
1092 1733 1158 1788 Et
1185 1728 1619 1786 mortiﬁcatiouis
1645 1744 1770 1798 spe—
1800 1721 1849 1789 Β
1873 1720 2115 1777 beraudo
2134 1730 2191 1777 te
2220 1715 2557 1774 reconciliari
2581 1713 2728 1767 Deo:
2762 1718 2820 1765 ut
2861 1722 2927 1763 es
2969 1704 3226 1761 mercede
3257 1698 3475 1756 sudoris

177 1836 290 1893 cies
337 1835 757 1893 calciamentum
801 1829 1126 1903 apponitur,
1174 1825 1299 1896 quia
1344 1823 1415 1886 de
1456 1822 1773 1883 animalium

178 1939 527 1989 mortuorum
561 1925 792 1997 pellibus
814 1920 1116 1978 coniicitur.

248 2023 348 2079 Xi.
398 2020 621 2078 Addidit
655 2028 711 2079 et
739 2017 966 2073 vitulum
996 2013 1300 2086 saginatum
1328 2007 1689 2081 jugulandum
1722 2006 1777 2063 in

185 2113 423 2169 convivii
452 2110 790 2167 exhibitione
816 2126 829 2162 :
867 2110 985 2163 sine
1010 2105 1177 2161 dubio
1209 2102 1503 2161 Dominum
1533 2110 1777 2159 nostrum

179 2207 366 2264 Jesum
400 2205 697 2269 Chrismm,
727 2216 887 2274 quem
917 2197 1069 2254 dedit
1096 2196 1257 2255 Pater
1288 2196 1343 2250 in
1374 2195 1645 2255 victimam
1681 2205 1781 2265 pro

183 2298 358 2352 salute
390 2305 581 2357 nostra
613 2312 629 2349 ;
675 2308 836 2364 quem
866 2291 1092 2345 vitulum
1137 2288 1381 2345 nominat
1433 2293 1655 2357 pr0pter
1682 2284 1782 2338 110-

183 2393 342 2448 stiam
388 2390 636 2463 corporis
682 2385 1038 2444 immaculati.
1070 2382 1385 2455 Saginatum
1436 2388 1616 2434 autent
1653 2392 1781 2433 vere

187 2486 326 2541 dixit
354 2502 367 2539 :
394 2485 521 2557 quia
551 2482 763 2553 pinguis
804 2491 860 2537 et
896 2480 1111 2548 apimus
1142 2477 1406 2533 intantum
1439 2483 1561 2543 est,
1596 2483 1652 2526 ut
1680 2486 1782 2544 pro

187 2582 356 2635 totius
383 2576 567 2634 mundi
597 2577 775 2632 salute
808 2572 1085 2631 sufﬁciens
1116 2573 1188 2627 sit
1226 2571 1450 2627 odorem
1493 2566 1781 2623 suavitatis

186 2681 242 2726 et
282 2669 531 2731 nidorem
563 2666 957 2723 immolationis
998 2663 1065 2723 ad
1108 2663 1279 2718 Deum
1314 2660 1563 2723 mittere,
1596 2667 1653 2712 et
1680 2671 1781 2731 pro

188 2763 447 2817 omnibus
492 2774 743 2823 exorare.
781 2757 1009 2829 Propter
1028 2755 1170 2827 quod
1212 2754 1376 2808 etiam
1417 2750 1647 2822 mystica
1691 2762 1780 2803 ra-

194 2856 342 2911 tione
392 2855 598 2910 dictum
648 2862 751 2923 est,
802 2850 1017 2905 Patrem
1050 2847 1181 2902 dare
1222 2845 1342 2907 aliis
1388 2840 1781 2899 immolandum

189 2948 333 3005 hunc
359 2946 625 3006 vitulum.
659 2944 945 3015 ipsumque
973 2939 1234 3011 gaudere,
1280 2947 1337 2992 et
1365 2935 1572 3006 epulari
1612 2934 1665 2986 in
1702 2931 1785 2985 vi»

189 3041 348 3095 ctima
370 3037 523 3093 vituli
536 3036 638 3096 sui.
662 3035 753 3091 Sic
768 3034 902 3088 enim
920 3032 1105 3088 dilexit
1128 3030 1283 3084 Pater
1306 3027 1445 3082 hunc
1459 3024 1708 3087 mundum
1727 3030 1785 3075 ut

189 3131 356 3195 ﬁlium
373 3133 485 3207 ejus
510 3095 718 3183 unicum
734 3143 827 3201 pro
838 3126 948 3180 salu
959 3134 1005 3179 te
1017 3140 1111 3178 suo
1128 3124 1275 3176 daret
1305 3118 1372 3193 (J
1382 3136 1525 3183 oan.,
1545 3133 1628 3182 ttt,
1648 3115 1719 3175 28
1736 3116 1776 3182 ).
1806 3095 1851 3167 (Ξ

188 3222 309 3279 Non
340 3237 470 3301 ergo
501 3222 617 3293 ipse
644 3216 966 3283 immolavit,
994 3215 1089 3271 sed
1106 3215 1225 3269 aliis
1254 3209 1643 3268 immolandum
1675 3218 1782 3263 tra-

190 3317 373 3371 didit:
408 3314 687 3369 emittente
724 3312 870 3366 enim
907 3310 1090 3375 Patre,
1129 3306 1478 3362 consentiens
1519 3302 1685 3357 Filius
1713 3299 1781 3355 ab

190 3408 512 3465 hominibus
553 3419 747 3477 passus
796 3411 897 3457 est.
946 3401 1067 3473 ipse
1110 3408 1291 3455 autem
1319 3396 1409 3468 qui
1451 3395 1553 3450 iide
1592 3403 1781 3449 nostra

194 3504 464 3575 pascitur,
495 3511 548 3555 et
580 3499 700 3553 Filii
734 3497 814 3553 sui
849 3512 945 3565 pro
973 3493 1127 3548 nobis
1170 3488 1541 3546 immolatione
1570 3486 1784 3541 laetatur

196 3606 253 3651 et
273 3594 491 3666 gaudet,
522 3603 575 3647 et
617 3590 668 3644 in
696 3588 870 3644 reditu
903 3585 1028 3642 Filii
1054 3584 1135 3639 sui
1162 3582 1402 3655 gaudens
1431 3589 1662 3646 creator,
1696 3591 1785 3631 ac-

197 3692 495 3765 quisitione
525 3685 708 3759 populi
740 3683 1014 3740 credentis
1046 3682 1318 3751 epulatur.

266 3782 387 3839 ΧΗ.
430 3780 638 3836 Videtis
684 3778 811 3832 hinc
862 3776 1103 3832 laetitiam
1157 3771 1335 3827 Patris
1390 3769 1571 3825 senior
1616 3767 1786 3822 Filius

199 3874 577 3932 contristatur.
615 3871 779 3941 Hujus
808 3884 1038 3939 persona
1083 3865 1192 3919 illis
1226 3860 1586 3932 comparanda
1619 3858 1786 3913 ascri-

201 3972 345 4026 hitur
373 3968 665 4037 Operariis,
707 3965 794 4034 qui
821 3962 1075 4017 similiter
1107 3962 1158 4014 in
1188 3957 1485 4028 Evangelio
1509 3963 1627 4025 post
1657 3968 1785 4022 ope-

200 4064 463 4117 rationem
493 4060 667 4113 vinea:
698 4056 765 4109 ad
799 4056 1087 4110 Dominum
1113 4058 1473 4112 murmurant,
1506 4045 1653 4117 quod
1682 4044 1790 4098 illis

205 4162 312 4207 tota
364 4152 455 4206 die
501 4153 555 4204 in
598 4147 779 4219 operis
829 4146 1017 4201 labore
1070 4142 1360 4205 coniectis,
1402 4139 1544 4207 illos,
1580 4136 1672 4210 qui
1723 4135 1789 4189 ad

204 4244 581 4300 duodecimam
627 4240 816 4294 horam
853 4244 1150 4303 venerant,
1186 4234 1358 4304 pretio
1405 4231 1673 4286 mercedis
1714 4244 1790 4286 a2-

203 4347 465 4410 quasset:
508 4334 574 4388 ad
607 4349 742 4403 quos
782 4330 914 4387 dicit
952 4330 1067 4410 ipse
1115 4326 1363 4382 conditor
1412 4324 1687 4383 omnium:
1735 4321 1791 4376 Si

204 4447 329 4502 ergo
360 4445 463 4497 ego
487 4428 661 4481 bonus
689 4440 830 4488 sum,
864 4406 991 4491 quid
1024 4434 1076 4476 tu
1112 4420 1329 4476 malus?
1356 4418 1509 4488 Quod
1533 4426 1713 4472 autem
1740 4416 1791 4471 hi

1878 1824 1933 1870 et
1970 1813 2130 1883 digna
2158 1810 2509 1885 pmnitentia,
2554 1804 2787 1877 recipias
2812 1802 2955 1873 quod
3000 1815 3067 1856 es
3095 1798 3267 1868 gratia
3300 1794 3466 1850 dona-

1880 1917 1992 1962 tum
2021 1905 2117 1960 tibi
2160 1902 2465 1975 perdidisti.
2497 1900 2727 1955 Praestet
2757 1905 2936 1951 autem
2975 1894 3117 1949 Deus
3144 1888 3318 1960 magis
3350 1901 3476 1957 per-

1882 2009 2168 2055 manentes
2197 2012 2290 2052 vos
2321 1996 2377 2051 in
2402 1994 2530 2061 tide,
2564 1992 2877 2047 cobteredes
2903 2002 3027 2044 esse
3053 1985 3266 2041 Domini
3295 1980 3472 2039 nostri

1880 2091 2012 2147 Jesu
2053 2085 2259 2145 Christi
2294 2105 2309 2143 :
2356 2087 2482 2157 quia
2533 2083 2645 2153 ipsa
2672 2091 2757 2136 est
2791 2079 2960 2149 gloria
2991 2085 3047 2131 et
3089 2075 3261 2129 virtus
3286 2113 3302 2138 ,
3347 2086 3474 2127 cum

1881 2180 2045 2237 Patre
2088 2186 2147 2236 et
2190 2176 2328 2234 Filio
2357 2187 2413 2231 et
2441 2174 2652 2246 Spiritu
2696 2180 2907 2239 saneto,
2937 2184 3032 2241 per
3060 2166 3241 2223 omnia
3279 2163 3480 2221 secula

1885 2271 2232 2327 emeritorum.
2270 2273 2462 2324 Amen.

2008 2401 2323 2463 MONTUM
2362 2399 2428 2459 ΙΝ
2468 2396 2861 2455 EPISTOLAM
2905 2389 3350 2464 SEQUENTEM.

1962 2498 2228 2554 Valerium
2257 2496 2547 2551 Maximum
2578 2493 2714 2546 hunc
2742 2492 2942 2563 putarit
2968 2506 3077 2563 esse
3100 2484 3357 2563 Διιιιὺὺαῖιιις
3383 2481 3481 2537 Βία

1882 2569 2151 2624 bliotheca:
2190 2567 2290 2621 Ms.
2318 2584 2439 2638 pag.
2467 2566 2553 2632 μ,
2589 2558 2752 2634 (ιιιεηί
2775 2572 2946 2638 tamen
2986 2558 3340 2638 Christianum
3382 2570 3480 2636 quo

1882 2649 2069 2695 ctorem
2097 2656 2226 2695 esse.
2258 2625 2762 2702 ex'b'crv'pturtirum,
2782 2648 2899 2701 qua
2924 2625 3476 2702 laudat._testintoniis,

1879 2721 2033 2784 atque
2053 2727 2117 2784 ea:
2139 2726 2197 2764 eo
2220 2694 2406 2784 liquet.
2431 2694 2572 2779 quod
2603 2694 2960 2784 Christianum
2998 2719 3053 2784 se
3073 2698 3271 2784 aurigas}
3310 2694 3478 2784 preti:

1882 2766 2035 2838 tet'ur.
2067 2780 2135 2841 In
2173 2766 2403 2850 quodam
2433 2766 2862 2850 ins.»mo_nasterii
2895 2774 2958 2850 de
2994 2772 3135 2850 Lyra
3162 2766 3482 2850 Valeria-nus.

1885 2835 2603 2925 diciturrpipsqqueepistola,
2635 2846 2979 2925 Dissertatio.
3018 2835 3115 2898 Sin
3142 2854 3318 2895 verum
3344 2835 3481 2925 illud

1884 2927 1999 2985 eius
2020 2906 2098 2979 esi
2120 2906 2323 2985 rt'tmte'n,
2357 2906 2620 2975 Valerium
2642 2916 2921 2985 appellarit
2942 2931 2997 2969 se
3021 2922 3221 2972 auctor.
3246 2911 3384 2980 quod
3408 2906 3479 2960 ad

1896 2944 1910 2977 Ξ
1938 2944 1999 2978 us
2020 2944 2094 2979 est
2120 2944 2323 2985 nomen,
2360 2944 2386 2975 γ
2404 2944 2620 2974 martum
2642 2944 2669 2967 ιι
2715 2944 2918 2984 peiurus
2942 2944 2997 2969 oc
3021 2944 3221 2972 υιιιιυυ,
3246 2944 3383 2980 ψευσ-
3408 2944 3477 2960 ιιι.

1896 2944 2086 3050 iith
2112 2994 2471 3056 imitationem,
2501 2944 2776 3058 quoniam
2802 2988 3088 3051 dictorum,
3115 2985 3483 3056 fastorumque

1885 3065 2298 3131 manorubih’um
2328 3065 2645 3135 farraginem
2672 3059 3017 3121 contexuerit.

2359 3174 2696 3235 EPISTOLA
2736 3169 2986 3227 XXXVI.

2129 3284 2395 3328 νλιικιυε
2429 3282 2628 3324 sum
2665 3282 2735 3322 ιιι
2772 3279 2947 3320 ΜΩΔΤ
2984 3273 3227 3317 υιθιιε.

1954 3387 1995 3443 i.
2040 3386 2207 3458 Loqui
2232 3384 2527 3454 prohibeor
2552 3400 2567 3434 :
2592 3391 2648 3435 et
2680 3389 2864 3433 tacere
2896 3392 3002 3429 non
3030 3387 3272 3444 possum.
3300 3369 3481 3425 Grues

1884 3478 2007 3535 caeli
2053 3484 2408 3545 tempestates
2453 3470 2821 3541 prmnuntiant
2859 3465 3078 3520 varias:
3110 3462 3272 3518 ululae
3311 3462 3482 3515 bubo-

1885 3586 2115 3641 nesque,
2139 3570 2406 3622 ominosae
2447 3578 2601 3623 aves.
2624 3560 2822 3616 hiemis
2848 3557 3166 3628 gravitatem
3196 3554 3483 3609 instantem

1888 3665 2134 3718 luctuose
2161 3659 2508 3733 praeululant.
2536 3656 2606 3711 Et
2629 3664 2684 3709 tu
2713 3654 3038 3712 subsannas,
3066 3650 3110 3703 si
3134 3644 3351 3703 venturi
3373 3643 3486 3699 dis-

1891 3754 2070 3826 pendii
2111 3752 2366 3807 vaticinia
2394 3765 2521 3805 vera
2554 3759 2919 3818 praesensero.
2965 3742 3094 3799 ideo
3123 3741 3269 3807 loqui
3300 3737 3489 3810 prohi-

1890 3848 2042 3913 beor,
2070 3846 2319 3901 veritatis
2343 3858 2534 3913 augur,
2556 3839 3003 3908 nonvoluptatis.
3030 3835 3338 3891 Lusciniatn
3365 3844 3490 3885 amo

1892 3950 1948 3996 ct
1979 3938 2266 4001 merulam,
2294 3952 2413 4006 qua:
2442 3934 2687 3989 imtitiam
2728 3946 2872 3984 aurze
2902 3930 3039 3983 lenis
3070 3938 3337 3982 concentu
3372 3927 3489 3994 pla-

1893 4036 2017 4092 cido
2046 4034 2463 4103 prteloquuntur
2494 4048 2507 4083 :
2543 4038 2597 4082 et
2626 4024 2902 4096 praecipue
2929 4023 3297 4094 philnmenam
3329 4036 3340 4070 :
3373 4032 3491 4085 qua:

1895 4135 2090 4198 optata:
2117 4137 2329 4197 tempus
2366 4119 2734 4191 jucunditatis
2765 4127 2877 4172 tuta
2908 4115 3228 4170 deliciarum
3260 4108 3494 4180 plenitu-

1896 4220 2020 4275 dine
2044 4218 2312 4272 cumulat.

1972 4310 2034 4364 Μ
2060 4307 2249 4368 fallor,
2275 4315 2541 4375 gnatones
2566 4300 2750 4372 diligis
2778 4307 2832 4355 et
2860 4297 3163 4363 commdos,
3194 4292 3285 4363 qui
3302 4288 3492 4345 dulces

1900 4411 2301 4475 prtesusurrant
2341 4386 2685 4455 illecebras:
2716 4403 2772 4451 et
2800 4388 3073 4466 pratcipue
3116 4390 3344 4451 Circen,
3374 4397 3495 4453 qua:

206 4476 249 4486 ν-
315 4476 513 4497 ur»
690 4476 767 4478 ηκ
818 4476 830 4488 ,
878 4476 915 4491 ,ν
967 4476 976 4477 κ
1364 4476 1401 4488 η

205 4476 324 4574 sein
351 4518 444 4588 qui
477 4517 544 4570 ad
575 4515 951 4569 duodecimam
984 4512 1293 4577 venientes,
1327 4509 1418 4581 qui
1449 4524 1515 4563 ex
1540 4509 1793 4580 gentibus
1826 4476 1878 4538 D
1905 4497 1995 4552 tibi
2030 4496 2320 4565 suspirata:
2350 4489 2638 4546 suavitatis
2676 4498 2921 4542 aromate
2958 4484 3154 4555 gaudia
3183 4478 3337 4550 plena
3368 4490 3497 4545 per-

206 4612 574 4676 salvahuntnr,
605 4608 841 4665 Joannes
870 4616 1064 4681 aperte
1090 4606 1327 4658 clamat:
1361 4600 1542 4655 Filioli
1562 4645 1575 4668 ,
1621 4600 1789 4654 novis-

104 4752 108 4754 γ
206 4708 331 4761 sima
375 4705 506 4763 hora
542 4711 616 4757 est
653 4702 693 4773 (i
723 4700 907 4765 10am,
938 4715 1007 4764 ιι,
1040 4697 1151 4768 18),
1186 4696 1331 4753 Nihil
1371 4705 1552 4749 autem
1577 4693 1795 4749 diil‘erre

208 4799 421 4855 videtur
471 4806 651 4852 utrum
704 4794 1056 4867 duodecima,
1090 4810 1155 4849 an
1208 4790 1495 4851 novissima
1540 4789 1673 4843 hora
1712 4785 1799 4842 di-

209 4900 378 4946 catur.

274 4980 416 5038 Xill.
452 4979 557 5048 Qui
583 4986 710 5035 sunt
737 4986 914 5033 autem
948 4976 1003 5033 lii
1034 4976 1123 5047 qui
1142 4982 1500 5040 murmurant,
1532 4973 1621 5041 qui
1650 4971 1799 5026 labo-

216 5085 323 5125 rem
350 5082 407 5127 et
436 5082 631 5126 aestum
657 5077 771 5123 toto
797 5068 887 5123 die
909 5072 1261 5137 portaveruut
1282 5107 1296 5131 ,
1325 5064 1428 5119 nisi
1452 5064 1542 5133 qui
1565 5062 1801 5131 justitias

218 5164 347 5235 legis
370 5170 613 5237 egerunt
639 5172 692 5216 et
722 5159 1001 5225 servitutis
1032 5158 1265 5227 antiqua:
1300 5171 1523 5225 pensmn
1554 5152 1802 5207 reddide-

214 5255 374 5309 runt?
406 5240 547 5309 Vide
587 5261 767 5306 autem
809 5266 969 5319 quam
1017 5257 1204 5318 aperta
1247 5251 1356 5302 sint
1396 5245 1559 5299 verba
1608 5260 1725 5313 qua:
1771 5258 1799 5295 a

211 5347 368 5403 Patre
395 5346 655 5403 dicuntur
687 5359 703 5398 :
732 5352 791 5397 ut
818 5340 885 5395 ab
907 5342 991 5395 his
1015 5342 1102 5413 qui
1137 5340 1190 5395 in
1216 5342 1331 5410 lege
1364 5340 1635 5398 vixerunt,
1662 5336 1804 5389 dicta

209 5439 514 5494 videantur.
565 5433 706 5505 Quid
751 5432 897 5487 enim
941 5443 1044 5501 est,
1088 5432 1233 5502 quod
1285 5431 1353 5487 de
1403 5445 1532 5501 agro
1579 5429 1806 5483 veniens

221 5534 346 5589 dicit
380 5551 395 5589 :
441 5531 550 5587 nisi
582 5526 898 5600 signiﬁcans
930 5526 999 5583 de
1027 5527 1157 5598 legis
1187 5526 1442 5596 cperibus
1472 5525 1801 5586 venientem,

213 5639 264 5683 et
284 5628 341 5683 in
370 5626 458 5682 bis
487 5623 845 5697 gloriantem,
878 5631 933 5677 et
959 5620 1110 5692 quasi
1137 5621 1420 5676 diuturnos
1448 5616 1669 5672 labores
1698 5615 1805 5669 im-

209 5729 511 5791 putantem.
535 5715 701 5777 Unde
720 5714 797 5771 ait
823 5731 839 5772 ε
865 5713 1173 5771 Mandatum
1196 5724 1340 5770 tuum
1364 5724 1647 5782 numquam
1673 5722 1810 5779 pra:-

1906 4588 2125 4655 iundat,
2156 4598 2214 4643 ut
2258 4585 2496 4647 fallaris,
2537 4594 2595 4637 ut
2623 4596 2718 4637 sus
2757 4580 2880 4645 tias,
2927 4590 3017 4631 aut
3048 4575 3234 4631 asinus
3266 4588 3280 4624 :
3315 4581 3499 4623 tacere

1906 4698 2012 4736 non
2050 4695 2291 4751 possum.
2342 4676 2640 4746 Propinant
2678 4671 2775 4725 tibi
2822 4667 3085 4723 mellitum
3121 4663 3363 4718 toxicum
3397 4657 3498 4713 mi-

1906 4772 2063 4828 nistri
2092 4770 2260 4826 Babel
2296 4786 2311 4823 :
2343 4768 2540 4822 blande
2568 4762 2873 4833 ingreditur
2904 4768 2959 4811 et
2988 4756 3225 4811 delectat
3246 4793 3261 4815 ,
3292 4761 3345 4806 et
3393 4752 3497 4805 illl-

1909 4874 2092 4935 petum
2114 4860 2341 4932 spiritus
2365 4859 2441 4913 tui
2468 4853 2759 4911 conducit:
2783 4860 2839 4906 et
2864 4848 2988 4903 ideo
3011 4846 3157 4916 loqui
3182 4843 3495 4914 prohibeor.

1908 4956 2033 5013 Scio
2071 4952 2213 5024 quod
2284 4950 2579 5004 novissime
2625 4945 2764 4999 sicut
2807 4941 3029 4997 coluber
3088 4937 3389 5008 mordebit,
3446 4945 3503 4992 et

1909 5039 2058 5103 virus
2099 5042 2378 5113 imprimet
2420 5042 2596 5107 impar
2622 5038 2776 5091 omni
2818 5035 3075 5089 theriaca:
3106 5050 3120 5089 :
3156 5034 3281 5089 ideo
3320 5042 3502 5089 tacere

1908 5156 2018 5197 non
2049 5149 2297 5208 possunt.
2330 5133 2528 5186 Multos
2568 5129 2735 5184 babes
2769 5126 3064 5195 voluptatis
3086 5136 3192 5182 tua:
3219 5136 3507 5196 persuaso-

1911 5249 2029 5303 res,
2071 5231 2129 5285 in
2158 5234 2320 5296 caput
2347 5232 2496 5278 tuum
2541 5219 2964 5276 facundissimus
2987 5260 3001 5284 ,
3032 5234 3121 5276 me
3161 5222 3337 5274 solum
3364 5217 3506 5273 elin-

1911 5343 2069 5399 guem
2102 5334 2409 5395 praeconem
2433 5314 2707 5380 veritatis,
2731 5329 2890 5385 quem
2920 5328 3155 5368 nauseae
3179 5330 3193 5366 :
3219 5312 3340 5366 ideo
3361 5308 3508 5379 loqui

1914 5418 2253 5491 prohibemus

1981 5512 2045 5569 li.
2087 5506 2400 5580 Reprobata
2430 5512 2514 5558 est
2561 5500 2692 5555 fatui
2724 5515 2827 5556 vox
2858 5497 3090 5554 anseris.
3127 5498 3276 5553 inter
3303 5511 3508 5569 cygnos

1913 5618 2121 5665 tantum
2151 5605 2345 5661 doctos
2369 5598 2646 5655 delectare
2671 5612 2684 5649 :
2711 5610 2771 5651 ea
2796 5604 2979 5650 tamen
3012 5598 3296 5648 senatores
3324 5591 3510 5663 docuit

1912 5714 2136 5760 servare
2171 5696 2359 5754 urbem
2403 5692 2473 5773 ab
2499 5687 2781 5765 incendio,
2812 5687 3101 5746 thesauros
3126 5699 3159 5743 a
3191 5685 3416 5759 rapina,
3446 5698 3509 5741 se
