4012 6190
542 260 652 318 255

1587 254 1646 312 S.
1691 253 2078 312 lllERONYMl
2117 253 2401 312 OPERUM
2440 252 2803 338 MANTISSA.

3730 254 3838 314 236

548 374 698 444 ipsos
728 386 761 428 a
804 372 926 429 telis
964 370 1218 426 hostium.
1265 368 1515 425 Forsitan
1564 377 1618 423 et
1647 383 1771 424 cum
1800 369 2143 425 senatoribus
2170 368 2220 429 Δ
2251 369 2357 424 tior
2380 368 2696 437 Salomone,
2739 368 2881 440 quod
2918 383 3078 426 nemo
3112 380 3216 435 est,
3250 386 3356 427 non
3386 385 3445 427 es
3475 372 3649 444 major
3678 390 3839 446 quam

556 465 851 538 intelliges,
900 463 1023 534 quia
1075 460 1311 530 prudens
1350 476 1433 530 es,
1478 460 1623 532 quod
1679 460 1773 515 tibi
1825 460 2146 531 organizent

572 562 754 618 olores
774 560 1073 623 interitum,
1103 567 1158 614 et
1180 573 1341 614 anser
1363 558 1595 613 salutem
1628 564 1840 628 strepat
1869 574 1879 607 :
1916 556 2040 611 ideo
2067 565 2146 611 ta-

566 668 691 709 cere
719 668 827 707 non
868 665 1109 722 possum.
1141 650 1423 705 Desiderio
1454 660 1544 704 tuo
1571 658 1718 703 totus
1749 647 2143 714 inflammatus,

561 752 615 798 et
658 740 890 812 speciosi
945 740 1229 795 nobilitate
1274 740 1467 810 capitis
1497 739 1783 802 seductus.
1832 739 2147 795 chimaeram

552 833 731 889 nescis
773 848 900 889 esse
945 833 1111 889 miser
1148 832 1294 904 quod
1341 833 1482 903 petis
1518 851 1530 888 :
1561 833 1647 889 vel
1688 832 1830 889 scire
1875 833 2143 902 devoves,

554 925 701 995 quod
731 925 981 982 triforme
1022 935 1325 981 monstrum
1358 925 1488 980 illud
1514 969 1529 994 ,
1573 926 1805 995 insignis
1830 935 2150 982 venustetur

555 1021 698 1079 facie
725 1021 921 1088 leonis,
954 1020 1154 1077 olentis
1185 1020 1491 1077 maculetur
1526 1030 1720 1077 ventre
1743 1021 1925 1091 capri,
1956 1021 2149 1089 anguis

555 1113 843 1170 insidietur
885 1114 1057 1169 cauda
1093 1112 1378 1169 virulenta
1426 1130 1439 1166 :
1482 1112 1607 1169 ideo
1644 1112 1790 1183 loqui
1834 1112 2148 1182 prohibeor.

556 1208 865 1265 Delectatus
914 1216 1000 1264 est
1052 1207 1279 1279 Ulysses
1333 1208 1658 1279 symphonia
1706 1207 1986 1265 Sirenum.
2038 1207 2151 1264 Sed

554 1302 678 1372 quia
699 1302 953 1357 Sirenum
996 1316 1160 1357 voces
1190 1309 1246 1356 et
1278 1302 1466 1356 Circes
1501 1300 1698 1371 pocula
1730 1301 1911 1366 novit,
1938 1301 2152 1355 virtutis

555 1393 787 1449 vinculis
809 1393 915 1449 sibi
939 1394 1052 1448 vim
1084 1394 1231 1459 fecit,
1258 1402 1317 1449 ut
1338 1395 1539 1449 vitaret
1566 1395 1905 1465 voraginem.

630 1485 718 1539 lll.
761 1485 877 1556 Ego
914 1494 1096 1541 autem
1142 1487 1195 1542 in
1230 1487 1462 1543 Domino
1502 1502 1728 1557 Sperans
1758 1488 1977 1557 adjicio,
2009 1488 2153 1559 quod

558 1575 770 1646 Ulyssis
797 1577 1039 1633 imitator
1062 1578 1195 1644 eris,
1212 1593 1320 1634 non
1345 1579 1689 1648 Empedoclis
1714 1597 1727 1633 :
1752 1580 1865 1649 qui,
1886 1594 1983 1649 per
2001 1594 2151 1635 suam

558 1668 963 1739 philosophiam
987 1671 1080 1740 (ne
1106 1669 1287 1725 dicam
1308 1670 1749 1736 melancholiam,
1770 1670 1825 1725 id
1844 1681 1950 1738 est,
1976 1679 2151 1726 atram

2249 462 2337 530 qui
2368 469 2547 531 potest
2574 463 2831 519 fascinari
2870 479 2899 519 a
2944 464 3143 521 femina
3173 482 3189 524 :
3219 465 3407 523 oculos
3439 477 3560 524 tuos
3592 470 3739 539 aperi
3782 480 3835 527 et

2248 551 2391 607 vide.

2321 645 2459 702 Vill.
2501 647 2715 719 Optima
2770 648 2996 719 femina,
3050 665 3171 721 quae
3218 652 3394 707 rarior
3434 662 3517 709 est
3569 654 3839 725 phoenice,

2250 741 2418 795 amari
2451 756 2555 796 non
2587 750 2768 811 potest
2798 742 2915 797 sine
2942 741 3304 799 amaritudine
3332 754 3529 812 metus,
3555 757 3609 801 et
3636 750 3839 805 sollici-

2252 831 2483 897 tudinis,
2522 841 2577 888 et
2608 832 2906 903 frequentis
2945 834 3248 890 infortunii.
3282 835 3435 891 Mala:
3470 848 3676 907 autem,
3707 858 3839 914 qua-

2252 938 2371 977 rum
2406 930 2512 978 tam
2561 925 2781 993 copiosa
2833 934 2959 980 sunt
2988 927 3269 995 examina,
3311 937 3370 984 ut
3398 931 3583 987 nullus
3624 934 3697 990 sit
3738 951 3834 991 ex-

2254 1029 2380 1084 pers
2419 1014 2773 1086 malignitatis
2797 1030 2984 1071 earum
3019 1035 3033 1071 :
3066 1033 3187 1074 cum
3226 1032 3497 1091 amantur,
3530 1039 3714 1081 amare
3748 1043 3841 1095 pu-

2254 1106 2441 1172 niunt,
2496 1119 2551 1161 et
2597 1106 2884 1162 afflictioni
2932 1123 3124 1166 vacant
3174 1127 3352 1183 usque
3402 1114 3470 1169 ad
3527 1116 3841 1175 divisionem

2254 1199 2499 1269 corporis
2520 1207 2575 1254 et
2603 1200 2849 1270 spiritus.

2326 1290 2418 1345 1X.
2462 1291 2686 1356 Amice,
2732 1292 3167 1363 pbilosophicum
3215 1305 3298 1352 est
3330 1314 3344 1351 :
3382 1298 3566 1354 Videte
3607 1302 3694 1356 cui
3736 1304 3844 1358 des.

2259 1380 2452 1437 Etltica
2485 1392 2569 1437 est
2599 1401 2612 1435 :
2655 1382 2838 1438 Videte
2876 1386 2960 1438 cui
2998 1394 3046 1439 te
3081 1387 3192 1442 des.
3225 1388 3432 1443 Vexilla
3465 1391 3737 1461 pudicitia:
3767 1408 3849 1447 tu-

2256 1473 2437 1529 lerunt
2460 1489 2581 1530 cum
2606 1474 2828 1533 Sabinis
2855 1477 3127 1546 Lucretia,
3156 1490 3210 1535 et
3239 1480 3528 1552 PencIOpc,
3551 1495 3606 1539 et
3636 1487 3849 1553 paucis-

2257 1566 2395 1620 simo
2426 1567 2682 1623 comitatu
2716 1580 2915 1639 tropaea
2949 1573 3274 1626 retulerunt.
3309 1574 3518 1640 Amice,
3568 1577 3713 1632 nulla
3761 1587 3845 1633 est

2260 1657 2528 1725 Lucretia,
2558 1660 2707 1713 nulla
2729 1672 2813 1715 est
2843 1661 3141 1733 Penelope,
3166 1664 3310 1719 nulla
3340 1676 3425 1720 est
3455 1666 3673 1722 Sabina.
3694 1669 3849 1726 Time

557 1762 759 1832 bilem)
791 1762 993 1830 victus,
1024 1762 1241 1817 mtuam
1270 1764 1373 1819 sibi
1401 1766 1737 1819 mausoleum
1768 1765 1967 1834 elegit:
1995 1774 2157 1833 etpa-
2186 1757 2235 1818 B
2262 1764 2472 1805 omnes-
2522 1750 2788 1821 ιηετεεδεε
2818 1763 2944 1808 sum
2974 1754 3124 1810 δοίθε
3153 1755 3219 1811 ad
3250 1755 3511 1821 Sabinas,
3554 1758 3730 1830 scylla
3750 1804 3764 1827 ν
3794 1771 3846 1816 ει

559 1854 803 1910 rabolam
834 1872 996 1927 quam
1023 1856 1203 1925 audis,
1235 1855 1302 1910 ad
1335 1867 1546 1911 veteres
1571 1858 1753 1911 attulit
1780 1875 1793 1911 :
1825 1856 1945 1912 ideo
1974 1868 2156 1914 tacere

556 1963 665 2002 non
694 1962 937 2017 possum.
955 1948 1195 2003 Tandem
1220 1949 1450 2005 validior
1465 1960 1547 2004 est
1576 1950 1669 2006 ille
1694 1950 1830 2021 ignis
1848 1961 1989 2019 tuus,
2011 1954 2155 2023 quod

556 2038 654 2094 tibi
694 2039 889 2094 annuit
938 2054 1065 2108 pars
1111 2039 1342 2096 adversa
1378 2059 1392 2094 :
1426 2056 1588 2111 quam
1630 2056 1823 2097 vereor
1861 2054 2027 2099 aestus
2062 2044 2156 2101 ille

558 2142 702 2201 tuus,
742 2149 851 2203 quo
890 2135 943 2189 in
974 2150 1063 2191 me
1098 2135 1449 2201 accenderis,
1479 2152 1547 2193 ne
1588 2136 1854 2192 minorem
1885 2138 2059 2209 major
2086 2140 2154 2196 ad

552 2241 617 2282 se
649 2227 866 2282 trahat:
897 2228 965 2284 Et
1003 2241 1287 2300 propterea
1334 2230 1481 2302 loqui
1515 2230 1828 2300 prohibeor.
1860 2233 1931 2286 At
1959 2233 2154 2303 spiritu

559 2318 773 2388 loquar,
797 2335 907 2391 quo
932 2330 1056 2375 tuus
1078 2336 1224 2377 sum.

627 2412 716 2468 ιν.
743 2413 1054 2470 Peusentur
1080 2416 1230 2485 ignes
1256 2416 1408 2471 lance
1430 2415 1671 2485 qualibet
1694 2415 1889 2485 aequali
1912 2416 1998 2470 vel
2022 2415 2155 2470 inae-

553 2507 721 2577 quali.
777 2505 1041 2562 Versetur
1088 2507 1384 2577 periculum
1444 2507 1633 2576 capitis
1689 2507 1794 2561 mei
1838 2523 1850 2559 :
1893 2506 2153 2576 quidquid

553 2612 725 2669 agas,
784 2598 1042 2669 quidquid
1100 2599 1343 2669 judiees,
1405 2600 1791 2670 indulgendum
1840 2608 1925 2655 est
1976 2598 2152 2667 mihi,

557 2690 650 2760 qui
699 2706 812 2761 prae
859 2691 1062 2746 amoris
1119 2691 1484 2762 impatientia,
1532 2700 1714 2747 tacere
1760 2706 1867 2746 non
1908 2706 2151 2761 possum.

555 2782 735 2838 Prima
789 2784 948 2853 primi
1002 2798 1139 2840 uxor
1182 2784 1312 2840 Adte
1357 2793 1477 2854 post
1520 2784 1675 2854 primi
1726 2783 1962 2839 hominis
1997 2799 2153 2838 crea-

556 2877 783 2941 tionem,
828 2886 1049 2946 peccato
1076 2877 1255 2949 primo
1281 2878 1443 2933 solvit
1468 2864 1669 2948 jejunia
1703 2897 1714 2931 :
1749 2886 1971 2948 propter
2012 2892 2158 2947 prse-

553 2968 856 3023 varicatum
902 2978 1232 3039 praceptum
1266 2970 1478 3024 Domini
1513 2969 1815 3039 parentavit
1842 2970 2159 3025 inobedien-

558 3060 720 3127 tiam,
758 3075 878 3129 quae
916 3061 1051 3115 citra
1094 3061 1276 3115 mundi
1327 3062 1616 3117 terminum
1653 3075 1761 3115 non
1798 3060 2022 3117 absistet
2058 3076 2155 3116 ex-

2256 1840 2497 1912 Myrrha,
2524 1853 2579 1898 et
2614 1842 2827 1899 Phedra
2860 1864 2872 1899 :
2906 1855 2959 1901 et
2987 1856 3189 1902 secuta:
3212 1856 3339 1903 sunt
3358 1849 3640 1905 easturha:
3666 1851 3847 1907 multae

2256 1933 2503 1988 omnium
2552 1934 2809 1990 vitiorum
2850 1938 3100 1993 exercitu
3144 1939 3390 2008 stipatae;
3441 1950 3495 1995 et
3536 1942 3767 2010 gemitus
3795 1951 3847 1998 et

2255 2027 2513 2096 suspiria,
2539 2036 2594 2082 et
2627 2028 2843 2083 tandem
2878 2030 3148 2086 infernum
3180 2032 3409 2101 captivis
3438 2035 3551 2088 suis
3579 2034 3843 2091 fecerunt.

2328 2116 2393 2171 Χ.
2429 2118 2644 2187 Amice,
2676 2135 2742 2175 ne
2771 2121 2950 2190 przeda
2976 2123 3073 2176 fias
3097 2124 3150 2178 in
3178 2124 3357 2180 medio
3379 2126 3714 2197 prmdonum,
3740 2144 3846 2186 non

2254 2208 2497 2265 dormias
2524 2227 2712 2267 earum
2734 2212 2788 2268 in
2820 2215 3074 2270 transitu.
3101 2215 3313 2287 Jupiter
3337 2234 3432 2274 rex
3456 2229 3723 2290 terrenus,
3752 2226 3844 2294 qui

2255 2313 2309 2357 et
2340 2319 2437 2359 rex
2463 2303 2726 2360 caelorum
2754 2306 2933 2361 dictus
2958 2319 3062 2377 est,
3091 2323 3204 2380 pra:
3232 2311 3496 2382 singulari
3527 2316 3848 2373 strenuitate

2253 2398 2533 2465 corporis,
2585 2406 2639 2452 et
2688 2398 3099 2467 incomparabili
3152 2404 3351 2457 mentis
3396 2404 3683 2474 elegantia,
3727 2416 3851 2477 post

2255 2488 2526 2561 Europam
2551 2492 2760 2561 mugire
2787 2503 3007 2549 coactus
3030 2504 3134 2550 est.
3166 2497 3375 2563 Amice,
3403 2512 3534 2553 ecce
3562 2514 3722 2569 quem
3751 2502 3847 2556 bo-

2254 2585 2396 2639 nitas
2418 2599 2583 2654 super
2606 2584 2775 2640 caelos
2811 2587 3035 2653 extulit,
3069 2588 3269 2645 femina
3312 2600 3364 2647 te
3395 2606 3593 2662 cogere
3618 2594 3685 2649 ad
3726 2612 3850 2651 mu-

2256 2682 2427 2749 gitum
2456 2696 2468 2732 :
2501 2680 2676 2735 sinon
2699 2695 2759 2736 es
2790 2682 2965 2753 major
2992 2684 3148 2753 Jove,
3176 2688 3331 2756 cujus
3362 2689 3719 2759 magnitudini
3752 2708 3853 2747 ne-

2258 2787 2348 2828 mo
2380 2773 2517 2828 alius
2552 2789 2649 2844 par
2679 2773 2795 2830 fttit.
2842 2776 3078 2832 Pltmbus
3108 2780 3198 2849 qui
3229 2781 3508 2852 sapientiae
3541 2798 3652 2839 sua:
3682 2785 3852 2842 radiis

2260 2865 2426 2920 totius
2451 2864 2601 2920 orbis
2630 2866 2949 2935 primitiavit
2968 2871 3248 2938 ambitum,
3284 2882 3342 2927 ut
3367 2876 3564 2930 merito
3587 2876 3730 2932 Solis
3754 2894 3859 2932 no-

2260 2960 2426 3028 mine,
2453 2960 2607 3015 solus
2638 2962 3028 3029 illustraretur,
3056 2964 3350 3021 infatuatus
3379 2979 3462 3023 est
3491 2984 3681 3026 amore
3706 2971 3855 3027 Leu-

2258 3054 2516 3122 cotltoes,
2562 3053 2667 3109 sibi
2700 3056 2767 3109 ad
2799 3056 3181 3126 ignominiam,
3230 3060 3306 3115 illi
3339 3060 3406 3115 ad
3440 3062 3767 3147 interitum‘:
3803 3074 3860 3122 et

558 3166 798 3223 pugnare
862 3152 1125 3219 feminas,
1182 3166 1304 3221 qua:
1371 3166 1589 3221 semper
1656 3150 1943 3207 indefessas
2000 3161 2159 3208 erunt
2188 3130 2234 3195 Ο
2268 3145 2516 3216 ecliptica
2548 3145 2638 3201 diu
2667 3145 3035 3204 vicissitudine
3059 3150 3246 3206 varius
3268 3151 3443 3209 factus
3464 3163 3566 3221 est,
3595 3130 3862 3226 frequen-

561 3244 783 3299 trahere
828 3243 881 3298 in
918 3243 1360 3312 consequentiam
1409 3243 1551 3313 quod
1592 3259 1621 3296 a
1646 3252 1818 3298 matre
1846 3258 1945 3298 sua
1970 3252 2157 3301 traxe-

562 3344 711 3391 runt.

638 3427 704 3482 ν.
745 3428 970 3494 Amice,
1013 3425 1338 3483 contumelia
1378 3427 1476 3482 viri
1517 3436 1601 3483 est
1641 3442 1781 3483 uxor
1810 3428 2153 3484 inobediens.

568 3522 713 3579 Cave
743 3523 837 3578 tibi
871 3542 881 3576 :
916 3523 1117 3579 veritas
1141 3537 1261 3590 qua:
1292 3535 1399 3577 non
1431 3531 1604 3593 potest
1629 3522 1773 3589 falli,
1799 3523 1873 3576 ait
1903 3522 1969 3577 de
1997 3522 2156 3579 beato

572 3617 743 3672 David
778 3636 791 3671 :
825 3617 1009 3672 Inveni
1046 3619 1213 3671 virum
1252 3618 1535 3673 secundum
1578 3635 1665 3674 cor
1711 3635 1903 3673 meum.
1944 3619 2043 3675 Hic
2081 3631 2159 3673 ta-

570 3722 698 3763 men
730 3722 873 3777 mgre
898 3708 1263 3776 prmcipitatus
1297 3719 1381 3765 est
1417 3725 1605 3766 amore
1640 3711 1882 3766 mulieris
1906 3727 1971 3766 ex
2001 3711 2157 3767 adul-

568 3801 709 3857 terio
736 3800 787 3855 in
813 3799 1165 3855 homicidium
1202 3820 1213 3855 :
1243 3817 1312 3857 ne
1340 3818 1590 3871 umquam
1620 3802 1739 3857 sola
1760 3802 1981 3858 veniant
2000 3818 2159 3858 sean-

572 3891 718 3946 dala.
744 3891 902 3946 Dives
929 3892 1071 3947 enim
1100 3894 1277 3949 omnis
1301 3904 1385 3949 est
1413 3894 1671 3963 iniquitas
1692 3894 1954 3951 societate
1985 3896 2155 3966 pluri-

569 3998 656 4037 ma
684 4000 699 4038 :
723 3991 780 4039 et
803 3998 1199 4054 quamcumque
1223 3984 1442 4041 domum
1471 3984 1778 4055 intraverit,
1800 3986 1913 4042 suis
1934 3986 2158 4043 tradidit

570 4074 958 4147 inquinandam
988 4076 1267 4133 conviciis.

643 4168 732 4223 Vl.
764 4169 974 4234 Amice,
1000 4170 1313 4226 Bcthsabee
1338 4171 1512 4237 siluit,
1545 4180 1600 4228 et
1621 4173 1673 4228 in
1698 4172 1845 4227 nullo
1866 4171 2153 4243 malignata

564 4269 680 4327 est;
714 4270 769 4317 et
790 4259 1146 4316 nihilominus
1177 4272 1355 4317 tamen
1386 4265 1527 4319 facta
1550 4263 1907 4319 eststimulus
1931 4263 2157 4319 subver-

562 4354 736 4410 sionis
767 4354 889 4409 viro
926 4354 1189 4424 perfecto,
1218 4367 1273 4410 et
1304 4358 1494 4412 mortis
1522 4358 1744 4413 aculeus
1774 4359 1973 4413 marito
1994 4358 2155 4414 inno-

563 4448 732 4503 centi.
778 4446 1050 4515 Numquid
1095 4448 1359 4505 innocens
1384 4450 1525 4517 erit,
1568 4466 1687 4521 qua:
1716 4451 1997 4507 contendit
2037 4452 2153 4506 elo-

2263 3246 2347 3293 ter
2368 3240 2451 3293 sui
2486 3238 2706 3293 luminis
2735 3254 2958 3310 expers,
2989 3256 3096 3312 quo
3129 3251 3270 3298 totus
3307 3246 3690 3304 universaliter
3718 3263 3861 3319 ege-

2262 3328 2355 3385 bat
2386 3330 2639 3384 mundus.

2335 3419 2428 3473 ΧΙ.
2470 3420 2681 3488 Amice,
2726 3438 2793 3477 ne
2839 3423 2971 3479 illud
2999 3425 3178 3481 lumen
3208 3429 3349 3499 quod
3383 3430 3435 3484 in
3469 3440 3520 3486 te
3548 3440 3666 3498 est,
3698 3442 3861 3492 tene-

2262 3516 2375 3569 hrm
2410 3516 2562 3580 fiant,
2593 3516 2945 3573 Leucothoen
2979 3520 3167 3590 fugito.
3192 3522 3334 3578 Mars
3362 3526 3451 3594 qui
3482 3526 3619 3581 deus
3649 3526 3869 3584 bellan-

2264 3606 2394 3661 tium
2427 3607 2535 3662 dici
2564 3610 2783 3675 meruit,
2812 3612 3207 3682 triumphorum
3241 3614 3497 3671 familiari
3530 3618 3862 3691 frequentia,

2261 3698 2314 3754 in
2356 3700 2553 3769 quibus
2592 3700 2814 3771 expedit
2846 3703 2928 3757 vis
2960 3705 3126 3760 animi
3175 3708 3406 3764 maxime
3446 3722 3696 3783 prompta
3720 3754 3737 3778 ,
3785 3715 3867 3769 nil

2263 3792 2366 3849 sibi
2400 3802 2649 3847 metuens
2682 3808 2710 3847 a
2736 3795 2983 3851 Vulcano
3013 3797 3209 3869 ligatus
3237 3811 3319 3855 est
3350 3817 3474 3857 cum
3504 3804 3733 3873 Venere,
3772 3806 3866 3863 in-

2262 3886 2564 3942 visibilihus
2594 3889 2813 3959 quidem
2844 3892 3086 3958 catenis,
3119 3894 3477 3953 sensibilibus
3512 3906 3713 3955 tamen.
3744 3901 3868 3957 Hoc

2261 3988 2443 4035 autem
2479 3980 2547 4036 ad
2576 3981 2820 4052 plausum
2859 3994 3166 4057 satyrorum
3189 4029 3203 4053 ,
3232 3998 3286 4043 et
3313 3989 3382 4044 ad
3411 3989 3578 4047 risum
3611 3992 3861 4050 caelestis

2258 4089 2446 4131 Clll'lie.

2332 4166 2448 4222 Xll.
2493 4167 2715 4238 Amice,
2756 4171 3022 4230 meditare
3057 4175 3251 4231 saltem
3283 4187 3534 4249 catenas,
3572 4197 3707 4252 quas
3742 4200 3861 4239 non

2262 4257 2435 4325 vides,
2470 4270 2524 4315 et
2548 4260 2659 4331 jam
2686 4261 2739 4315 in
2771 4271 2925 4331 parte
2945 4266 3117 4320 sentis
3146 4284 3157 4319 :
3184 4279 3237 4322 et
3260 4268 3413 4340 eripe
3444 4281 3495 4327 te
3521 4272 3650 4328 dum
3677 4273 3864 4331 adhuc

2266 4353 2553 4423 ruptihiles
2578 4363 2725 4423 sunt,
2752 4372 2818 4410 ne
2846 4357 3071 4415 claudus
3101 4360 3193 4417 ille
3214 4360 3366 4418 faber
3390 4374 3440 4419 et
3475 4368 3673 4438 turpis,
3695 4384 3864 4437 quem

2263 4444 2398 4499 deus
2436 4460 2541 4500 non
2588 4456 2669 4502 est
2701 4463 2888 4504 mensa
2910 4491 2926 4518 ,
2972 4465 3071 4507 nec
3100 4452 3198 4508 dea
3244 4463 3328 4510 est
3356 4455 3572 4527 dignata
3605 4459 3773 4514 cubili
3808 4470 3869 4517 te

565 4538 808 4608 quentia,
837 4550 897 4594 υι
926 4538 1100 4595 Dalila
1131 4539 1414 4596 Samsonjs
1446 4559 1459 4595 ε
1492 4551 1549 4596 ει
1578 4540 1773 4610 forma,
1828 4555 1887 4597 υι
1940 4544 2160 4600 Bcthsa-
2188 4524 2242 4583 D
2272 4534 2470 4591 Veneri
2512 4551 2611 4591 suo
2640 4552 2791 4593 more
2819 4550 3139 4598 concatenet
3159 4588 3172 4612 ,
3202 4552 3258 4599 et
3285 4553 3338 4600 te
3364 4524 3446 4602 Silii
3483 4548 3717 4605 similem
3748 4560 3871 4607 tur-

569 4632 675 4690 bes
717 4649 734 4688 :
782 4648 905 4688 cum
961 4631 1119 4703 hujus
1171 4634 1284 4689 sola
1342 4634 1687 4702 pulchritudo
1724 4635 2162 4705 \triumphaverit

561 4727 726 4780 etiam
768 4725 982 4781 nolens.
1013 4725 1071 4780 Si
1110 4740 1215 4780 non
1244 4740 1304 4780 es
1333 4726 1565 4796 amplius
1602 4726 1899 4782 secundum
1929 4742 2025 4782 cor
2052 4728 2159 4783 Do-

565 4819 697 4875 mini
746 4834 908 4890 quam
960 4818 1129 4875 David
1157 4861 1171 4885 ,
1224 4818 1387 4876 crede
1430 4819 1579 4891 quod
1631 4831 1685 4875 et
1726 4830 1784 4877 tu
1830 4821 2159 4892 prmcipitari

642 4922 744 4966 tes.

642 4925 744 4966 tes.

566 4925 752 5061 lmilli.
777 5004 870 5060 Sol
893 5006 1200 5072 hominum.
1221 5007 1505 5073 Salomon,
1530 5008 1817 5064 thesaurus
1837 5008 2157 5066 deliciarum

569 5093 701 5158 Dei,
732 5096 1016 5165 sapientiae
1044 5098 1323 5169 singulare
1371 5098 1705 5155 domicilium
1726 5141 1739 5163 ,
1785 5113 1972 5156 crasso
2006 5110 2160 5156 tene-
2214 5094 2221 5097 ’

563 5190 786 5246 brarum
819 5188 1057 5245 fuscatus
1085 5202 1410 5256 atramento,
1445 5192 1621 5249 lucem
1653 5192 1850 5249 animae
1879 5208 2013 5262 suae,
2042 5192 2163 5262 glo-

564 5282 705 5339 riam
735 5282 933 5338 domus
963 5297 1112 5351 suae,
1145 5283 1366 5341 odorem
1410 5286 1566 5342 famae
1596 5302 1707 5342 sua:
1749 5286 1929 5342 amisit
1970 5300 2157 5341 amore

565 5375 837 5431 mulieris.
869 5375 941 5430 Et
984 5386 1261 5443 postremo
1308 5389 1567 5434 curvatus
1610 5396 1795 5436 coram
1827 5380 2059 5445 Baalim,
2091 5395 2156 5434 ex

569 5468 905 5524 Ecclesiaste
928 5468 1141 5523 Domini
1169 5479 1408 5527 mutatus
1427 5482 1512 5529 est
1537 5474 1589 5529 in
1616 5474 1917 5530 membrum
1944 5474 2154 5529 zabuli:

565 5567 629 5612 ut
654 5559 830 5614 adhuc
847 5560 1088 5628 graviori
1118 5560 1392 5619 videretur
1416 5564 1626 5622 detrudi
1656 5567 2157 5638 praecipitio,quam

569 5648 809 5702 Phoebus
854 5650 907 5703 in
936 5663 1066 5702 casu
1097 5650 1431 5719 Pitaetontis,
1466 5658 1556 5726 qui
1603 5659 1669 5713 de
1709 5659 1963 5729 Apolline
2005 5658 2160 5715 Jovis

572 5739 746 5795 factus
778 5749 863 5795 est
892 5748 1078 5808 pastor
1106 5742 1341 5801 Admeti.
1382 5751 1589 5818 Amice,
1637 5755 1682 5808 si
1719 5765 1823 5807 non
1854 5767 1915 5808 es
1945 5754 2162 5824 sapien-

2271 4644 2394 4699 pem
2422 4641 2477 4684 et
2498 4630 2771 4696 claudum,
2798 4633 2962 4689 immo
2983 4635 3125 4704 quod
3149 4638 3320 4708 magis
3346 4638 3534 4708 timeo,
3557 4641 3869 4713 loripedem

2269 4724 2429 4779 faciat
2455 4742 2468 4778 :
2501 4733 2557 4779 et
2587 4740 2692 4780 non
2728 4727 2906 4795 possis
2936 4729 3077 4797 quod
3104 4730 3298 4798 salvat,
3324 4731 3506 4787 fissam
3531 4733 3735 4791 habere
3761 4753 3871 4793 un-

2268 4816 2469 4887 gulam,
2498 4817 2592 4873 sed
2622 4818 2871 4889 alligatus
2898 4819 3097 4877 Veneri
3123 4822 3279 4877 dolor
3311 4822 3435 4893 fias,
3478 4835 3532 4882 et
3570 4826 3754 4883 irrisio
3783 4830 3877 4884 vi-~

2266 4912 2511 4967 dentium
2545 4929 2558 4965 :
2591 4911 2717 4967 dum
2748 4912 2853 4969 sibi
2879 4916 3208 4986 applaudant
3236 4919 3444 4974 caeteri.
3469 4918 3515 4975 A
3552 4920 3689 4976 falso
3725 4922 3875 4977 dea-

2267 5020 2383 5059 rum
2412 5004 2595 5073 judice
2626 5006 2921 5077 reprobata
2950 5014 3036 5062 est
3064 5007 3242 5064 Pallas
3266 5024 3281 5063 :
3306 5024 3429 5081 qua:
3450 5024 3555 5067 non
3581 5009 3878 5071 delectare

2266 5099 2540 5169 promisit,
2569 5098 2665 5154 sed
2706 5099 2986 5169 prodesse.

2338 5191 2562 5259 Amice,
2602 5191 2861 5263 numquid
2906 5199 2963 5247 et
3009 5200 3063 5246 tu
3111 5192 3190 5248 sic
3230 5193 3480 5263 judicas?
3508 5192 3676 5249 Video
3708 5198 3875 5253 enim

2262 5285 2373 5355 jam
2422 5294 2475 5340 te
2514 5284 2810 5341 fastidienti
2848 5284 3031 5339 animo
3071 5294 3182 5341 tela
3222 5286 3503 5343 celeritate
3536 5302 3881 5358 percurrere

2268 5392 2390 5449 qua:
2431 5376 2589 5446 legis,
2615 5386 2671 5432 et
2710 5378 3011 5433 sententias
3042 5392 3149 5434 non
3179 5377 3495 5446 attendere,
3534 5378 3631 5436 sed
3663 5396 3882 5454 exspe-

2268 5480 2419 5526 ctare
2462 5468 2756 5523 schemata.
2795 5469 3018 5525 Frustra
3059 5481 3341 5542 exspectas
3373 5486 3389 5531 ;
3419 5470 3595 5528 donec
3626 5473 3719 5530 hic
3749 5486 3885 5531 tur-

2270 5564 2428 5619 bidus
2458 5564 2630 5617 amnis
2660 5562 2871 5628 effluat,
2893 5573 2949 5619 ut
2972 5564 3089 5619 hare
3120 5565 3379 5621 fetulenta
3412 5566 3705 5636 secedens,
3733 5585 3883 5640 pura

2272 5656 2364 5713 tibi
2394 5656 2593 5711 ﬂuenta
2631 5654 2882 5725 irrigent.
2915 5656 3132 5714 Similes
3174 5658 3453 5712 enimvero
3483 5670 3709 5727 oportet
3744 5676 3887 5719 esse

2272 5753 2356 5809 sui
2386 5747 2550 5809 fontis
2580 5746 2810 5818 rivulos,
2847 5762 2937 5807 aut
2970 5750 3233 5816 turbidos,
3265 5760 3352 5804 aut
3382 5749 3585 5807 claros.
3616 5753 3712 5810 Sic
3740 5760 3890 5811 vero
