4012 6190
191 224 297 287 ΞΜ

797 222 1139 283 EPISTOLA
1178 222 1418 300 XXXVI.
1459 219 1815 284 VALERIUS
1851 219 2113 283 RUFINO
2152 224 2242 283 NE
2284 224 2514 285 DUCA'I‘
2556 224 2869 286 UXOREM.

3373 232 3482 292 958

193 336 518 411 imperitiam
561 335 743 392 cordis
772 337 902 405 mei,
937 337 1127 400 vitium
1174 338 1435 394 orationis
1476 338 1776 410 exprimit:
1806 343 1854 400 Α
1888 340 2060 411 virgo,
2116 354 2237 395 cum
2269 342 2483 397 audiret
2531 341 2620 398 die
2653 343 2743 397 fati
2774 342 2861 398 sui
2905 342 3308 414 triumphorum
3340 360 3480 417 prae-

197 440 248 486 et
271 441 542 486 strumosa
580 429 880 485 dictionum
915 431 1188 501 imperitia
1227 431 1522 486 delicatum
1564 430 1788 487 offendit

199 525 456 579 animum.
500 523 671 594 Hujus
703 523 1094 579 imbecillitatis
1138 522 1269 577 mihi
1314 524 1564 578 conscius
1610 523 1791 578 diver-

199 613 381 671 tissem
414 630 501 670 me
530 614 600 669 ad
640 614 1071 670 dissuadendum
1099 614 1335 670 libenter
1369 632 1383 669 :
1414 615 1510 669 sed
1552 614 1680 684 quia
1713 623 1791 669 ta—

200 723 323 766 cere
355 724 463 764 non
496 709 670 779 potui,
700 708 916 764 locutus
944 723 1069 763 sum
1099 717 1165 781 ut
1187 708 1359 777 potui.

264 801 422 869 Quod
445 802 490 857 si
519 801 654 856 mihi
687 810 830 857 esset
858 811 1007 855 tanta
1029 802 1156 872 styli
1177 802 1369 865 virtus,
1391 810 1623 872 quantus
1648 810 1795 856 esset

199 892 475 948 scribendi
525 894 741 947 animus
774 910 787 945 :
821 901 928 947 tam
971 891 1244 962 elegantia
1277 892 1371 947 tibi
1404 892 1569 947 verba
1620 902 1794 947 trans-

196 986 505 1055 mitterem,
538 996 593 1040 et
623 994 730 1040 tam
763 984 929 1040 nobili
968 984 1217 1039 maritata
1268 985 1551 1055 conjugio,
1595 995 1649 1039 ut
1684 986 1796 1040 sin-

198 1080 328 1150 gnla
359 1095 603 1135 seorsum
626 1120 642 1145 ,
674 1088 729 1134 et
756 1078 937 1134 omnia
965 1078 1124 1134 simul
1161 1094 1317 1133 suum
1361 1079 1674 1131 viderentur
1699 1091 1795 1131 an-

202 1182 417 1227 ctorem
444 1171 787 1227 benedicere.
816 1169 922 1225 Sed
950 1170 1070 1238 quia
1096 1169 1227 1223 mihi
1250 1169 1429 1223 omnia
1455 1168 1619 1223 debes
1647 1183 1788 1238 qna:-

200 1279 439 1334 cumque
470 1263 645 1317 adhuc
672 1261 848 1317 nudus
875 1276 1028 1315 amor
1058 1271 1111 1315 et
1140 1259 1483 1325 infecundus,
1518 1275 1582 1314 ne
1613 1260 1786 1314 dicam

201 1353 425 1419 sterilis,
455 1354 651 1408 mereri
684 1361 865 1421 potest
892 1367 957 1407 ex
990 1351 1238 1406 omnibus
1277 1369 1287 1403 :
1324 1350 1453 1405 mihi
1489 1350 1668 1419 pnebe
1704 1350 1790 1404 in-

202 1448 361 1501 terim
388 1445 657 1515 patienter
681 1458 888 1511 auretn,
915 1443 1040 1499 dum
1065 1442 1312 1497 evolvam
1341 1441 1482 1511 quod
1508 1442 1745 1512 implicui
1776 1461 1787 1495 :

205 1546 259 1591 et
282 1553 310 1591 a
342 1552 428 1592 me
459 1552 564 1592 non
596 1536 843 1608 requiras
868 1536 1249 1606 purpurissatn
1288 1535 1552 1603 oratoris,
1587 1544 1678 1588 aut
1705 1549 1793 1590 ce-

208 1644 450 1695 russam,
484 1643 644 1699 quam
684 1644 772 1684 me
808 1628 1024 1685 nescire
1061 1629 1238 1683 fateor
1263 1639 1319 1684 et
1350 1627 1454 1683 fleo
1485 1645 1497 1682 :
1530 1627 1625 1684 sed
1656 1626 1789 1682 scri-

203 1720 381 1776 bentis
416 1727 628 1785 votum,
659 1728 713 1775 et
745 1718 956 1789 pagina:
988 1720 1270 1774 veritatem
1300 1728 1545 1789 accepta.

272 1812 417 1869 XIII.
450 1813 627 1870 Julius
658 1811 865 1878 Caesar,
894 1812 1049 1882 cujus
1078 1810 1418 1881 amplitudini
1446 1810 1675 1866 strictus
1697 1808 1797 1864 fuit

200 1907 385 1975 orbis,
411 1907 503 1962 die
537 1921 645 1977 qua
672 1905 908 1961 nobilem
941 1904 1107 1960 filium
1154 1920 1307 1959 suum
1337 1920 1471 1961 ausa
1495 1913 1579 1960 est
1608 1919 1797 1959 occare

205 2015 358 2055 saeva
404 2000 569 2056 nimis
597 2003 854 2071 Atropos,
888 1999 1121 2070 Tugillio
1148 1999 1381 2054 humiles
1419 1999 1668 2069 quidem,
1702 1998 1797 2054 sed

203 2092 423 2146 divinos
466 2092 619 2163 quasi
673 2092 845 2161 stylos
890 2090 1263 2160 prmdocenti,
1304 2106 1490 2145 aurem
1525 2090 1800 2144 humiliter

204 2182 488 2239 inclinavit
518 2183 573 2237 in
617 2182 787 2237 Valvis
814 2181 1113 2251 Capitolii:
1154 2181 1297 2251 quod
1341 2182 1386 2236 si
1426 2190 1481 2237 et
1520 2182 1796 2246 animum,

203 2292 398 2349 ptenas
427 2278 477 2333 ei
511 2277 819 2343 dedissent,
864 2276 1059 2347 quibus
1090 2276 1227 2347 ipse.
1258 2276 1335 2331 Tu
1372 2292 1503 2332 vero
1530 2277 1799 2347 stylorum

206 2381 422 2425 tuorum
458 2369 593 2425 mihi
620 2369 927 2439 praenuntio
950 2385 1137 2424 aurem
1169 2368 1419 2437 inclinas,
1452 2378 1509 2422 ut
1540 2368 1685 2438 aspis
1708 2382 1802 2423 ve-

208 2463 417 2519 neficiis
449 2481 463 2516 :
498 2463 726 2519 adhibes
759 2463 1022 2530 animum,
1055 2471 1115 2516 ut
1148 2479 1283 2532 aper
1322 2462 1607 2517 latratibus
1643 2480 1655 2515 :
1690 2463 1802 2531 pla-

202 2558 365 2624 caris,
397 2566 459 2613 ιιι
485 2558 665 2626 dipsas
712 2555 821 2630 [AL
866 2554 1136 2627 serpens],
1174 2556 1263 2611 cui
1313 2556 1395 2609 sol
1444 2554 1790 2609 ineanduit‘a

210 2664 432 2705 cancro.
468 2648 587 2703 Tibi
620 2647 883 2714 consulis,
914 2660 975 2702 ut
1004 2656 1187 2716 Spreta
1233 2646 1443 2703 Medea.
1484 2646 1603 2701 Tibi
1635 2647 1800 2701 mise-

211 2743 382 2809 reris,
427 2751 484 2795 nt
512 2757 700 2811 mqnor
734 2740 1004 2811 naufragis
1037 2758 1050 2794 :
1080 2739 1223 2809 quod
1272 2755 1490 2794 manum
1520 2739 1792 2805 contines,

208 2832 511 2889 reverentia
542 2832 704 2903 regia:
735 2832 884 2903 pacis
910 2842 1011 2887 est.
1046 2831 1252 2897 Amice,
1287 2848 1346 2887 se
1377 2831 1714 2897 humiliavit,
1740 2831 1805 2885 li-

206 2935 289 2980 cet
312 2925 449 2980 citra
476 2925 798 2996 perfectum,
823 2924 1059 2980 domitor
1085 2924 1233 2978 orbis
1260 2924 1403 2979 fideli
1424 2939 1555 2978 suo:
1583 2931 1636 2979 et
1667 2938 1803 2992 pene

213 3016 411 3087 pedem
443 3016 652 3079 retulit,
679 3018 802 3085 quia
836 3029 973 3084 pene
1004 3015 1220 3084 paruit:
1245 3023 1297 3070 ct
1327 3030 1464 3084 pene
1495 3013 1798 3081 succubuit,

1892 432 2048 487 conia
2080 432 2271 498 recoli,
2322 434 2519 503 quibus
2554 432 3031 505 frequentissimus
3079 447 3234 492 erat:
3264 438 3344 493 ait
3370 454 3478 495 una

1891 537 1951 579 se
2010 533 2215 578 tantum
2280 524 2501 594 gloriari
2560 528 2807 582 victoria.
2869 526 2936 581 Et
2991 528 3288 598 requisitus
3341 532 3487 601 qua?

1892 617 2222 687 respondit:
2265 618 2417 684 Quod
2472 617 2808 675 inimicorum
2871 620 3259 689 nequissimum
3309 624 3486 681 devici

1895 724 2114 765 carnem
2168 724 2365 765 meam.
2406 710 2629 778 Amice,
2677 712 2767 767 hic
2814 712 3079 782 inglorius
3128 713 3408 783 migrasset
3455 731 3484 770 a

1896 802 2118 867 steculo,
2174 802 2274 856 nisi
2323 802 2371 857 ei
2420 801 2639 857 fortiter
2664 804 2983 871 restitisset,
3014 820 3137 860 cum
3169 819 3271 876 qua
3306 814 3361 860 tu
3391 820 3481 861 as-

1899 910 2121 950 sensum
2151 893 2542 951 familiaritatis
2571 897 2841 967 pepigisti.

1972 988 2111 1044 XVI.
2152 989 2345 1044 Cicero
2373 998 2496 1058 post
2521 991 2804 1061 repudium
2837 990 3110 1049 Terentia.-
3147 994 3364 1049 nxorari
3393 1010 3490 1051 no-

1896 1080 2015 1144 luit,
2048 1080 2236 1135 dicens
2264 1094 2323 1134 se
2353 1080 2559 1148 pariter
2588 1083 2741 1137 uxori
2782 1093 2837 1137 et
2868 1084 3235 1154 philosOphiae
3261 1100 3483 1156 operam

1895 1169 2028 1225 dare
2068 1187 2175 1225 non
2227 1186 2407 1241 posse.
2461 1173 2675 1241 Amice,
2726 1175 2931 1229 utinam
2986 1178 3082 1232 tibi
3130 1180 3231 1233 hoc
3278 1179 3492 1235 animus

1895 1271 2024 1317 tuus
2054 1263 2403 1331 respondeat,
2439 1265 2525 1319 vel
2559 1275 2646 1318 tua
2679 1265 2857 1337 lingua
2905 1268 3035 1323 mihi
3064 1287 3077 1323 :
3114 1279 3171 1325 ut
3219 1270 3495 1341 loquendo

1894 1355 2087 1410 saltem
2141 1354 2464 1425 eloquentia:
2514 1356 2812 1428 principem
2872 1358 3114 1429 digneris
3164 1360 3394 1430 imitari,
3441 1373 3497 1419 et

1895 1448 2029 1503 mihi
2060 1463 2212 1517 spem
2247 1447 2411 1504 facias
2434 1449 2521 1503 vel
2550 1464 2764 1504 vanam.

1965 1540 2127 1598 XVll.
2169 1541 2403 1596 Cannius
2449 1557 2478 1595 a
2509 1541 2746 1599 Gadibus
2776 1543 3044 1611 Herculis,
3094 1554 3251 1615 poeta
3308 1545 3495 1601 facun-

1898 1631 2004 1687 dia:
2049 1634 2215 1701 lenis,
2265 1642 2319 1688 et
2364 1633 2639 1703 jncundm,
2692 1635 3057 1704 reprehensus
3103 1646 3188 1693 est
3216 1653 3243 1691 a
3278 1637 3433 1692 Livio
3464 1648 3490 1675 λ

1826 1730 1874 1789 Β
1900 1721 2088 1789 Pteno,
2125 1723 2274 1793 gravi
2308 1733 2362 1777 et
2409 1734 2639 1778 uxorato
2668 1723 3137 1796 historiographo,
3169 1727 3314 1798 quod
3348 1728 3490 1784 mul-

1903 1822 2077 1867 tarum
2108 1813 2369 1883 gauderet
2393 1814 2691 1881 amoribus,
2727 1817 2810 1870 his
2833 1817 3057 1872 verbis:
3081 1816 3335 1874 Nostram
3367 1819 3491 1889 phi»

1901 1905 2210 1975 losophiam
2242 1908 2566 1976 participare
2606 1924 2709 1962 non
2739 1910 2963 1978 poteris,
2995 1912 3121 1966 dum
3150 1926 3179 1966 a
3220 1922 3298 1967 tot
3326 1914 3493 1982 parti-

1900 1997 2123 2067 ciparis.
2154 1997 2270 2053 Non
2320 2000 2461 2053 enim
2508 2014 2574 2055 en
2602 2000 2788 2069 jecore
2820 2000 3086 2058 Iunonem
3113 2016 3259 2059 amat
3288 2006 3487 2078 Tyrus,

1901 2090 2046 2162 quod
2072 2090 2232 2144 multi
2256 2090 2495 2145 vultures
2521 2091 2574 2145 in
2600 2091 2767 2145 multa
2800 2091 3082 2147 divellunt.
3105 2094 3203 2150 Cui
3223 2097 3494 2154 Caunios:

1904 2183 1960 2241 Si
1991 2183 2207 2255 quando
2238 2184 2408 2250 labor,
2442 2198 2665 2255 resurgo
2692 2188 2900 2240 cautius
2947 2204 2960 2241 :
2993 2187 3037 2241 si
3069 2188 3287 2258 paulum
3314 2190 3500 2259 oppri-

1903 2294 2044 2343 mnr,
2095 2278 2333 2334 alacrius
2381 2292 2602 2333 resumo
2652 2293 2859 2344 aerem,
2906 2279 3051 2335 vices
3095 2280 3334 2335 noctium
3379 2281 3497 2337 dies

1903 2369 2134 2425 reddunt
2190 2370 2426 2424 laetiores
2456 2388 2466 2421 :
2495 2369 2590 2423 sed
2646 2370 2994 2425 tenebrarum
3048 2372 3383 2442 perpetuitas
3418 2372 3501 2427 in-

1904 2474 2016 2517 star
2046 2461 2243 2516 inferni
2270 2468 2375 2516 est.
2409 2461 2499 2516 Sic
2532 2461 2640 2515 lilia
2687 2462 2973 2530 primmva,
3008 2463 3157 2517 verni
3208 2464 3339 2518 solis
3366 2463 3502 2518 deli-

1903 2563 2020 2609 cata
2068 2553 2352 2623 teporihus
2382 2555 2648 2607 varietate
2681 2564 2791 2606 tum
2825 2553 2976 2618 Euri,
3025 2563 3135 2610 tum
3163 2554 3346 2624 Nothi,
3380 2563 3492 2610 tum

1904 2646 2138 2719 Zephyri
2193 2646 2378 2701 laetitia
2435 2645 2693 2701 effusiore
2746 2647 3070 2715 lasciviunt,
3136 2648 3335 2719 quibus
3389 2664 3499 2703 uno

1903 2741 2093 2809 spiritu
2144 2739 2437 2793 fulminans
2482 2738 2609 2793 Libs
2661 2740 2977 2795 incumbens
3027 2754 3281 2795 occasum
3336 2739 3488 2796 facit.

1906 2831 1995 2888 Sic
2026 2832 2165 2885 Mars
2199 2831 2372 2901 ruptis
2400 2831 2664 2886 testiculis
2696 2832 2746 2885 in
2778 2846 2962 2886 mensa
3008 2832 3219 2888 caelesti
3268 2847 3487 2888 recum-

1906 2921 1984 2977 bit
2026 2921 2258 2977 conviva
2304 2936 2583 2991 superum,
2633 2939 2663 2976 a
2704 2938 2805 2992 qua
2850 2924 3071 2977 uxorius
3099 2922 3363 2979 Mulciber
3393 2938 3494 2978 suo

1909 3014 2035 3070 fune
2086 3015 2245 3084 longe
2297 3017 2574 3087 religatur.
2626 3017 2716 3071 Sic
2769 3016 2942 3072 levius
2993 3018 3159 3087 ligant
3207 3018 3374 3073 multa
3414 3018 3504 3073 fila

214 3108 337 3177 quia
360 3123 501 3176 pene
528 3105 766 3162 obedivit
794 3106 900 3179 [ΑΙ.
928 3106 1174 3177 audivit],
1201 3115 1256 3161 et
1285 3122 1390 3161 non
1418 3106 1648 3177 penitus.
1667 3104 1809 3159 Nihil
1839 3103 1885 3167 C
1919 3122 2079 3175 quam
2111 3106 2227 3161 sola
2274 3116 2486 3161 catena.
2522 3106 2613 3164 Sic
2655 3107 2784 3162 mihi
2816 3124 2842 3161 a
2876 3107 3244 3177 philosoithia,
3298 3108 3505 3163 deliciae

207 3200 257 3254 ei
282 3200 451 3253 multa
476 3199 749 3253 humilitas
780 3197 1009 3268 profuit,
1039 3200 1163 3267 qn‘a
1192 3213 1298 3252 non
1340 3198 1517 3267 plena.
1545 3196 1682 3265 Quid
1714 3196 1810 3252 tibi

208 3291 437 3348 Confert
459 3302 547 3346 tua
568 3301 673 3346 tam
705 3291 873 3346 ferina
898 3292 1292 3359 inhumanitas,
1311 3301 1364 3346 et
1388 3292 1535 3360 rigor
1556 3288 1808 3353 inﬂexus,

214 3394 273 3441 et
303 3383 498 3440 horror
532 3384 855 3454 supercilii?
881 3383 1018 3451 Quid
1052 3383 1197 3438 ultro
1244 3382 1409 3437 irruis
1450 3382 1502 3436 in
1539 3382 1808 3436 latronum

216 3478 450 3534 insidias
479 3480 702 3535 inermis
733 3496 744 3532 :
780 3478 1002 3533 humilia
1032 3489 1113 3546 te,
1145 3477 1297 3533 cede.
1343 3476 1449 3533 Sed
1482 3476 1547 3531 ad
1590 3476 1811 3532 modum

210 3572 533 3628 humilitatis
561 3573 699 3642 ejus,
724 3572 815 3643 qui
851 3581 1020 3627 totum
1047 3572 1147 3627 sibi
1171 3570 1435 3626 mundum
1470 3570 1770 3624 humiliavit
1795 3586 1809 3622 ε

217 3678 271 3723 et
296 3667 425 3723 andi
457 3667 689 3723 amicum
722 3676 891 3722 tuum.
912 3665 1048 3721 Etsi
1073 3665 1343 3721 Caesarem
1368 3678 1583 3719 errasse
1610 3662 1810 3729 credis,

216 3761 305 3831 qni
336 3760 575 3830 Tttgillio
598 3774 703 3815 non
736 3757 969 3814 credidit
999 3777 1012 3812 :
1047 3757 1239 3813 exaudi
1264 3768 1317 3812 et
1340 3756 1581 3822 attende,
1609 3755 1736 3827 quid
1759 3764 1815 3810 et

222 3852 343 3906 aliis
366 3851 685 3921 contigerit,
710 3860 768 3906 ut
798 3850 895 3905 tibi
925 3849 1096 3921 prosit
1122 3864 1308 3905 eorum
1340 3848 1512 3903 laesio.
1542 3846 1814 3903 lndemnis

225 3951 310 3997 est
353 3946 501 3998 enim
547 3942 834 4013 castigatio
871 3957 1031 4013 quam
1082 3940 1414 4012 persuadent
1461 3940 1809 4009 exemplaria.

221 4036 424 4092 Nescio
447 4052 555 4107 quo
580 4036 791 4106 refugio
823 4044 969 4092 tutns
992 4052 1074 4102 es,
1098 4044 1192 4090 aut
1219 4049 1325 4106 quo
1348 4036 1614 4104 torpeseis
1641 4032 1813 4104 asylo.

216 4128 399 4185 Cmsar
448 4128 906 4203 immisericordes
941 4128 1189 4184 Persides
1236 4128 1476 4196 reperit,
1508 4135 1561 4180 et
1599 4141 1703 4180 non
1735 4134 1817 4181 est

224 4237 483 4278 reversus
520 4239 532 4275 :
567 4230 625 4276 tu
663 4221 710 4277 si
743 4236 995 4292 umquam
1028 4221 1133 4277 tale
1168 4220 1507 4292 gymnasium
1552 4216 1815 4283 evasisti,

222 4318 363 4385 pios,
390 4315 587 4387 impios
612 4316 893 4372 invenisti.

296 4408 439 4463 XIV.
483 4407 802 4463 Phoroneus
831 4422 949 4475 rex,
982 4407 1071 4478 qui
1101 4406 1276 4477 legum
1313 4394 1602 4461 thesauros
1635 4417 1807 4474 popu-

1918 3197 2010 3252 tibi
2042 3198 2318 3253 solatium.
2349 3198 2561 3265 Amice,
2591 3200 2873 3269 utriusque
2898 3199 3063 3253 verba
3095 3198 3267 3268 probo
3293 3214 3307 3251 :
3336 3200 3502 3254 vitam

1916 3293 2178 3347 neutrius.
2231 3292 2409 3348 Minus
2457 3302 2636 3347 tamen
2673 3290 2831 3346 multi
2862 3292 3038 3346 morbi
3074 3291 3277 3346 laedunt
3316 3292 3510 3348 salutis

1914 3384 2292 3440 vicissitudine
2343 3383 2683 3452 interpolati,
2734 3397 2897 3451 quam
2947 3384 3177 3451 languor
3218 3398 3380 3449 unus,
3412 3384 3506 3455 qui

1914 3477 2192 3533 doloribus
2223 3477 2587 3532 irremediatis
2614 3492 2723 3530 non
2752 3485 2932 3530 cessat
2959 3475 3218 3546 afﬂigere.

1986 3568 2173 3623 XVIII.
2229 3569 2502 3623 Pacuvius
2560 3565 2737 3632 ﬂens,
2790 3567 2868 3620 ait
2920 3566 3084 3622 Arrio
3132 3567 3314 3623 vicino
3372 3582 3509 3634 suo,

1915 3660 2130 3731 Amice,
2163 3660 2416 3715 arborem
2450 3658 2625 3714 habeo
2656 3658 2709 3713 in
2738 3658 2898 3713 horto
2925 3673 3050 3713 meo
3098 3657 3396 3725 infelicem,
3437 3658 3507 3714 de

1915 3768 2019 3823 qua
2050 3753 2224 3822 prima
2258 3766 2401 3807 uxor
2431 3766 2548 3807 mea
2577 3766 2637 3807 se
2666 3750 2947 3820 suspendit
2982 3769 2995 3805 :
3043 3751 3388 3821 postmodum
3421 3764 3510 3807 se-

1914 3846 2110 3911 cunda,
2154 3845 2266 3915 jam
2313 3859 2456 3899 nunc
2506 3844 2684 3900 tertia.
2731 3842 2831 3899 Cui
2881 3844 3118 3899 Arrius:
3151 3843 3314 3901 Miror
3366 3851 3421 3900 te
3454 3841 3515 3899 in

1918 3948 1997 3995 tot
2027 3938 2377 3994 successibus
2408 3939 2675 4010 lacrymas
2701 3937 2998 3994 invenisse.
3045 3937 3116 3993 Et
3154 3938 3353 3994 iterum
3391 3936 3519 3993 :Dii

1917 4031 2069 4098 boni,
2104 4039 2237 4102 quot
2268 4031 2384 4097 tibi,
2442 4031 2724 4101 dispendia
2755 4030 2920 4085 arbor
2969 4030 3059 4085 illa
3104 4028 3411 4101 suspendit.
3444 4028 3516 4083 Et

1920 4125 2122 4181 tertio:
2156 4124 2365 4191 Amice,
2402 4123 2469 4177 da
2496 4133 2552 4178 et
2595 4122 2724 4178 mihi
2769 4122 2840 4178 de
2886 4122 3083 4178 arbore
3127 4121 3221 4175 illa
3266 4117 3517 4175 surculos

1919 4232 2058 4289 quos
2084 4231 2285 4273 seram.
2317 4217 2527 4282 Amice,
2561 4218 2727 4272 timeo
2756 4231 2824 4271 ne
2851 4227 2908 4271 et
2938 4225 2990 4271 te
3016 4219 3269 4283 oporteat
3302 4209 3520 4265 arboris

1921 4308 2069 4364 illius
2114 4307 2361 4364 surculos
2411 4308 2745 4374 mendicare,
2795 4321 2917 4363 cum
2967 4306 3080 4374 jam
3130 4300 3361 4360 inveniri
3409 4313 3517 4356 non

1923 4413 2203 4473 poterunt.

225 4500 290 4556 lis
325 4501 611 4572 publicare
643 4515 749 4556 non
801 4499 1013 4566 invidit,
1047 4500 1141 4555 sed
1184 4499 1226 4554 is
1259 4500 1466 4570 primus
1503 4495 1813 4553 Graecorum
1846 4490 1897 4550 D
1999 4495 2142 4550 XIX.
2204 4496 2384 4552 Sensit
2428 4494 2695 4566 Snlpitins
2752 4493 2842 4549 ubi
2897 4493 3072 4564 ipsum
3128 4489 3345 4547 calceus
3390 4500 3522 4542 suus

223 4595 399 4649 studia
453 4593 783 4659 deauravit,
837 4592 923 4648 die
970 4607 1073 4663 qua
1122 4593 1265 4647 viam
1318 4588 1689 4645 universitatis
1734 4587 1817 4642 in-

224 4702 445 4758 gressus
493 4695 611 4753 est,
658 4686 734 4741 ait
778 4685 1007 4742 Leontio
1054 4685 1206 4741 fratri
1247 4698 1346 4739 suo
1382 4700 1395 4737 :
1432 4681 1510 4739 Ad
1549 4697 1815 4737 summam

229 4779 543 4835 felicitatem
603 4779 733 4835 nihil
786 4779 918 4834 mihi
961 4778 1213 4846 deesset,
1261 4776 1308 4831 si
1349 4791 1483 4831 uxor
1515 4774 1647 4829 mihi
1678 4788 1819 4828 sem-

226 4885 321 4942 per
373 4870 658 4928 defuisset.
712 4869 811 4927 Cui
861 4869 1122 4927 Leontius
1175 4886 1188 4921 :
1241 4869 1311 4924 Et
1357 4865 1627 4939 quomodo
1680 4880 1819 4922 uxor

228 4963 445 5019 obstat?

298 5057 368 5111 At
401 5054 513 5128 [ΑΙ.
541 5054 640 5127 ait]
672 5055 784 5125 ille,
813 5054 987 5111 Mariti
1017 5069 1207 5110 omnes
1241 5053 1443 5110 sciunt.
1475 5052 1687 5119 Amice,
1720 5050 1825 5105 uti-

232 5162 351 5204 nam
403 5160 459 5204 tu
509 5148 681 5205 semel
713 5147 941 5203 maritus
992 5146 1183 5216 fueris,
1213 5157 1268 5203 et
1300 5164 1410 5203 non
1442 5146 1538 5210 sis,
1584 5154 1640 5200 ut
1684 5144 1827 5199 scias

233 5240 355 5308 quid
386 5239 710 5297 felicitatem
740 5240 1021 5311 impediat.

304 5333 416 5393 XV.
481 5335 808 5393 Valentinus
865 5337 1163 5407 imperator
1211 5334 1600 5407 octogenarius
1652 5330 1829 5388 adhuc

305 5501 330 5528 "
370 5488 469 5549 Hic
498 5492 642 5550 forte
669 5493 882 5549 Livium
914 5492 1139 5550 Pretium
1168 5511 1291 5551 cum
1320 5494 1582 5551 Patavine
1604 5493 1834 5549 confun-

1927 4587 2227 4660 premebat,
2279 4587 2370 4657 qui
2418 4586 2486 4641 ab
2538 4602 2711 4641 uxore
2757 4584 2924 4639 nobili
2970 4591 3028 4638 et
3074 4588 3225 4637 casta
3275 4578 3520 4634 divertit.

1926 4682 2151 4747 Amice,
2202 4696 2334 4737 cave
2366 4680 2460 4735 tibi
2498 4694 2563 4735 ne
2614 4690 2664 4733 te
2706 4684 2916 4748 premat
2946 4675 3186 4741 calceus,
3218 4671 3313 4742 qui
3345 4670 3507 4727 avelli

1925 4792 2033 4832 non
2067 4787 2233 4846 pOSSIt
2247 4815 2260 4828 .

2003 4866 2122 4922 XX.
2169 4867 2257 4921 Ait
2288 4864 2421 4919 Cato
2453 4861 2762 4917 Uticensis:
2789 4858 2843 4914 Si
2874 4859 3078 4927 absque
3111 4855 3310 4911 femina
3339 4864 3527 4927 posset

1930 4974 2056 5017 esse
2088 4959 2344 5021 mundus,
2391 4953 2736 5010 conversatio
2766 4959 2949 5004 nostra
2993 4963 3102 5004 non
3147 4958 3293 5006 esset
3322 4948 3530 5020 absque

1930 5051 2060 5106 diis.
2096 5046 2305 5109 Amice,
2336 5044 2471 5099 Cato
2502 5058 2610 5097 non
2639 5042 2741 5096 nisi
2772 5056 2896 5095 vera
2925 5049 2981 5094 et
3008 5040 3228 5112 cognita
3262 5040 3528 5113 loqueba-

1930 5150 2040 5209 tur,
2093 5152 2192 5192 nec
2219 5136 2501 5207 quisquam
2534 5134 2853 5188 feminarum
2906 5144 3221 5190 exsecratur
3268 5134 3531 5196 ludibria,

1933 5237 2036 5293 nisi
2064 5234 2216 5289 lusus
2240 5238 2297 5286 et
2321 5238 2602 5299 expertus,
2630 5240 2687 5283 et
2717 5229 2969 5284 conscius
3001 5246 3197 5301 pinnae.
3233 5232 3328 5286 llis
3368 5228 3534 5298 igitur

1943 5327 2105 5384 ﬁdem
2139 5325 2340 5380 habere
2370 5321 2549 5386 decet,
2582 5321 2675 5389 qui
2705 5335 2826 5375 cum
2860 5322 3006 5376 omni
3035 5322 3265 5376 veritate
3305 5318 3538 5387 loquun-

1941 5491 2007 5547 ad
2038 5487 2347 5544 Paulinum.
2392 5481 2473 5535 Ad
2521 5481 2676 5533 istum
2718 5480 2942 5541 Livium,
2978 5480 3180 5546 inquit,
3232 5494 3388 5532 aureo
3435 5477 3544 5533 elo-

232 5561 334 5636 dil,
367 5547 1839 5636 Gannius'enimwCadiia‘n‘u’s,cuiu—systepewmeminit
1937 5560 2158 5631 quentia:
2179 5559 2319 5636 fonte
2359 5560 2651 5636 manantem
2692 5551 2755 5603 de
2784 5548 3304 5636 ultimisilispaniw,
3346 5547 3544 5606 Gallia-

235 5634 489 5693 Martialis
514 5636 698 5693 eidem
730 5650 965 5703 coaevus,
992 5634 1308 5693 Patavinunt
1336 5634 1548 5693 Livium
1582 5638 1840 5690 invisisse

238 5708 488 5776 traditur,
519 5724 627 5764 non
653 5706 903 5764 Ptenum.
930 5705 1101 5765 Verus
1127 5709 1486 5782 Hieronymus
1509 5706 1728 5777 epiStol.
1750 5704 1839 5760 58.

1943 5619 2159 5700 rumque
2179 5619 2377 5698 'ﬁnibus
2404 5621 2657 5695 quosdam
2685 5622 2879 5679 venisse
2906 5620 3101 5675 nobiles
3134 5619 3369 5689 legimus.
