4012 6190
553 269 659 330 259

1593 261 1651 319 S.
1695 256 2082 318 HIERONYMI
2123 252 2407 317 OI’ERUM
2448 254 2818 315 LIAN'I'ISSA.

3748 261 3854 326 260

560 398 666 445 tur.
721 387 790 442 Ili
835 387 1018 443 sciunt
1047 390 1103 439 ut
1150 382 1327 453 placet
1353 379 1665 444 delectatio,
1697 388 1751 434 et
1799 378 1987 448 pungit
2015 375 2148 432 deli-
2178 384 2221 437 Α
2252 376 2518 431 dolendus
2559 384 2619 430 ut
2661 377 3037 448 gemebundus
3067 370 3349 444 occubuit,
3381 380 3475 451 qui
3516 382 3641 439 cmli
3672 397 3852 442 arcem

558 490 728 540 ctum.
763 480 828 537 lli
872 487 1071 535 norunt
1099 476 1247 546 quod
1279 475 1381 530 llos
1424 472 1655 528 Veneris
1686 486 1810 526 rosa
1858 477 1944 527 est
1979 488 1992 524 :
2024 470 2151 541 quia

560 574 661 630 sub
686 572 808 637 ejus
840 584 1074 639 purpura
1104 568 1260 622 multi
1288 568 1454 622 latent
1482 564 1677 619 aculei.

632 663 773 719 XXI.
816 662 1063 717 Metellus
1093 661 1261 715 Mario
1294 658 1610 728 respondit,
1664 671 1784 711 cum
1833 654 1950 725 ejus
1982 655 2147 709 filiam

556 758 685 813 dote
708 757 959 819 divitem,
992 755 1166 809 forma
1198 753 1461 815 nobilem,
1493 766 1694 820 genere
1732 750 1960 815 claram,
2012 749 2149 803 fama

561 849 773 904 felicem
802 848 1003 903 ducere
1031 847 1202 901 noluit
1246 864 1260 900 :
1303 845 1440 900 Malo
1470 860 1622 900 meus
1656 860 1777 899 cs.~e
1807 858 1964 915 quam
1992 858 2145 898 suus.

551 945 646 1001 Cui
694 944 940 1000 Marios:
986 942 1161 996 Immo
1198 942 1310 1012 ipsa
1360 948 1450 995 tua
1499 941 1626 995 crit.
1674 938 1874 994 Atille
1921 956 1933 991 :
1979 936 2151 991 Immo

554 1039 731 1093 virum
758 1046 978 1107 oportet
1002 1038 1194 1091 uxoris
1221 1050 1364 1091 esse.
1396 1034 1656 1103 Logicum
1698 1041 1783 1087 est
1822 1032 1991 1095 enim,
2024 1031 2149 1085 talia

556 1142 718 1188 erunt
768 1132 1044 1201 subjecta,
1099 1129 1280 1201 qualia
1333 1128 1683 1198 permiserint
1716 1125 2026 1196 praedicata.
2060 1123 2152 1180 Sic

551 1224 750 1282 facetia
786 1225 942 1280 verbi
971 1223 1168 1279 Metelli
1200 1223 1404 1277 diuertit
1428 1221 1491 1275 ab
1515 1219 1752 1274 oneribus
1779 1220 1990 1272 dorsum
2012 1220 2147 1291 ejus.

553 1324 767 1389 Amice,
817 1322 861 1375 si
913 1319 1133 1374 uxorari
1185 1324 1425 1387 oportet,
1479 1331 1587 1369 non
1636 1313 1857 1383 expedit
1906 1312 2147 1381 quidem.

554 1414 944 1469 Verumtamen
995 1413 1067 1464 sit
1113 1425 1267 1463 amur
1314 1410 1365 1462 in
1415 1422 1599 1472 causa,
1652 1420 1760 1459 non
1806 1417 2024 1460 census.
2082 1400 2152 1456 Et

554 1507 749 1563 faciem
798 1505 989 1560 uxoris
1016 1504 1209 1572 eligas,
1241 1516 1347 1556 non
1376 1509 1607 1555 vestem.
1654 1499 1721 1552 Et
1744 1498 2007 1560 animum,
2039 1509 2149 1548 non

555 1610 774 1654 aurum.
808 1598 879 1651 Et
923 1597 1020 1652 tibi
1067 1596 1235 1649 nubat
1280 1608 1438 1659 uxor,
1488 1606 1594 1645 non
1627 1590 1746 1645 dos.
1782 1589 1927 1658 Ergo
1968 1588 2010 1641 si
2042 1600 2149 1657 quo

554 1690 717 1746 modo
750 1688 865 1745 fieri
899 1697 1101 1756 potest,
1126 1685 1409 1753 praedicari
1440 1684 1667 1754 poteris,
1698 1691 1755 1738 ut
1781 1682 2008 1737 livorem
2037 1694 2145 1735 non

552 1783 719 1837 ducas
742 1797 774 1836 a
806 1780 1074 1850 subjecto.

625 1870 790 1927 XXII.
835 1873 959 1926 Lais
996 1868 1282 1926 Corinthia
1328 1866 1687 1937 praerogativa
1727 1865 2144 1935 pulchritudinis

556 1964 810 2034 insignis,
845 1961 1219 2017 tantummodo
1251 1976 1435 2029 regum
1463 1971 1517 2014 et
1548 1958 1855 2028 principum
1883 1957 2145 2027 dignaba-

557 2067 642 2110 tur
674 2054 987 2124 amplexus.
1019 2054 1225 2108 Conata
1258 2062 1341 2107 est
1372 2062 1551 2106 tamen
1580 2050 1933 2106 Demostheni
1962 2049 2142 2119 philo-

545 2149 721 2218 sopho
773 2146 1129 2218 participare,
1176 2156 1233 2201 ut
1262 2154 1405 2200 notae
1432 2143 1699 2200 castitatis
1726 2143 1847 2213 ejus
1876 2143 2141 2197 miraculo

542 2243 746 2310 soluto,
804 2241 1081 2298 videretur
1126 2241 1311 2311 specie
1357 2254 1454 2294 sua
1501 2237 1712 2309 lapides
1773 2240 2031 2301 movisse,
2086 2245 2143 2292 ut

542 2333 822 2405 Amphion
854 2332 1088 2401 cithara,
1120 2342 1523 2401 attractumquc
1563 2328 1841 2386 blanditiis
1889 2330 2142 2383 tractavit

541 2428 803 2483 suaviter.
844 2426 1095 2498 Cumque
1120 2425 1234 2496 jam
1267 2425 1667 2481 Demosthenes
1706 2422 2044 2478 emolliretur
2071 2423 2139 2478 ad

544 2518 864 2587 thalamum,
918 2520 1109 2590 petivit
1156 2518 1319 2573 abeo
1349 2518 1475 2571 Lais
1519 2526 1739 2571 centum
1790 2515 1992 2571 talenta
2040 2530 2139 2585 pro

536 2626 833 2670 consensu.
860 2612 931 2667 At
956 2611 1051 2668 ille
1076 2611 1385 2682 suspiciens
1412 2611 1465 2664 in
1491 2608 1714 2673 cmlum,
1744 2609 1848 2663 ait:
1871 2606 1987 2663 Non
2013 2621 2138 2663 emo

539 2707 673 2764 tanti
713 2707 1001 2777 peuitere.
1032 2704 1248 2773 Amice,
1281 2704 1489 2759 utinam
1521 2701 1576 2757 in
1605 2702 1805 2759 coelum
1834 2709 1891 2757 et
1923 2710 1979 2756 tu
2005 2717 2143 2756 acu-v

536 2817 663 2856 men
692 2799 895 2855 mentis
923 2798 1151 2869 dirigas,
1184 2808 1241 2854 ut
1286 2796 1343 2853 id
1386 2794 1613 2867 effugias
1641 2794 1783 2865 quod
1816 2794 2135 2865 paenitentia

533 2906 619 2951 est
642 2893 874 2950 redemi.

606 2985 795 3043 XXIII.
849 2985 999 3043 Livia
1031 2985 1208 3041 virum
1238 2997 1396 3038 suum
1430 2980 1739 3045 interfecit,
1779 2994 1942 3050 quem
1972 2979 2132 3034 nimis

528 3080 686 3137 odiis.
715 3080 940 3136 Lucillia
968 3093 1148 3143 suum,
1181 3092 1344 3148 quem
1369 3075 1533 3131 nimis
1562 3072 1788 3129 amavit.
1818 3072 1911 3127 Illa
1938 3084 2135 3141 sponte

2252 467 2372 522 sine
2402 468 2603 535 gemitu
2636 471 2969 525 sustinuerat
3010 460 3276 526 humeris.
3308 471 3553 529 Tandem
3585 474 3707 547 quae
3733 492 3851 533 um-

2253 574 2411 629 quam
2443 560 2586 615 inter
2619 568 2697 615 tot
2724 563 2889 617 millia
2914 563 3147 618 millium
3172 564 3422 619 sedulum
3450 567 3850 642 sollicitumque

2253 661 2591 721 peccatorein
2626 667 2884 723 perpetua
2918 656 3260 712 contristavit
3290 658 3551 729 repulsa?
3596 660 3684 716 vel
3730 678 3849 733 qua:

2252 755 2574 800 constanter
2622 747 2869 816 praecidit
2916 749 3084 804 verba
3136 751 3678 818 petentisHavorem
3710 760 3849 826 sapit

2252 840 2370 906 ejus
2414 842 2701 908 responsio
2753 859 2767 896 :
2819 852 2873 898 et
2920 852 3422 918 quantumcumque
3480 850 3613 903 dura
3661 848 3843 916 fuerit,

2252 946 2472 1001 semper
2498 932 2552 988 in
2598 934 2781 1006 aliquo
2807 936 2960 991 verbi
3007 940 3089 992 sui
3124 940 3325 1010 angulo
3357 940 3585 999 habebis
3612 942 3842 1015 aliquem

2255 1026 2532 1096 petitionis
2558 1035 2665 1083 tute
2696 1029 2937 1086 fomitem
2969 1031 3295 1103 implicitum
3327 1052 3342 1089 :
3369 1036 3628 1108 quaslibet
3664 1048 3843 1112 negat,

2254 1117 2401 1171 nulla
2434 1128 2712 1190 pernegat.

2324 1215 2494 1272 XXV.
2553 1219 2812 1290 lrrumpit
2859 1236 3051 1277 summ
3112 1223 3166 1278 in
3228 1226 3629 1297 propugnacula
3678 1227 3844 1282 turris

2254 1310 2473 1373 Acrisii,
2505 1313 2755 1384 valloque
2786 1316 3071 1384 multiplici
3100 1315 3360 1388 signatam
3394 1319 3606 1374 Danaes
3637 1319 3845 1391 pudici-

2256 1402 2383 1457 tiam
2414 1405 2606 1461 solvit.
2635 1406 2846 1472 Amice,
2876 1408 3017 1463 sicut
3045 1409 3237 1483 virgini
3265 1424 3385 1480 qua
3413 1418 3616 1467 terram
3641 1413 3847 1468 trium-

2255 1494 2469 1564 pharat,
2496 1496 2563 1553 de
2588 1498 2731 1555 coelo
2774 1499 2913 1569 pluit
2942 1500 3186 1556 incestus
3213 1518 3228 1556 :
3256 1503 3337 1557 sic
3360 1517 3518 1573 quam
3546 1518 3845 1574 numquam

2252 1585 2391 1641 fallit
2436 1586 2680 1658 humilis,
2731 1591 2905 1646 vincit
2950 1591 3222 1648 sublimis.
3273 1592 3363 1649 Sic
3399 1594 3650 1651 arborem
3681 1610 3843 1668 quam

2252 1696 2544 1747 numquam
2576 1685 2749 1738 movit
2773 1683 3072 1752 Favonius,
3103 1688 3297 1743 evertit
3325 1688 3541 1759 Aquilo.

2175 1783 2225 1844 Β
2321 1771 2512 1829 XXVI.
2553 1775 2714 1847 Lycia
2768 1778 2953 1849 virgo,
3013 1794 3250 1850 vergens
3295 1778 3352 1834 in
3399 1782 3648 1850 senium,
3699 1782 3842 1838 fama

2249 1867 2517 1921 castitatis
2563 1869 2899 1941 privilegiata
2946 1882 3290 1939 constanter,
3330 1872 3549 1930 tandem
3582 1890 3841 1946 oppressa

2245 1956 2514 2025 Apollinis
2559 1960 2941 2030 phantasmate
2977 1966 3263 2034 concepit,
3293 1966 3616 2038 peperitque
3664 1968 3845 2025 Plato-

2248 2064 2397 2103 nem.
2443 2052 2673 2120 Amice,
2726 2070 2889 2124 quam
2936 2056 3200 2112 illibatam
3228 2070 3594 2115 servaverunt
3623 2060 3840 2132 vigiliae,

2247 2140 2533 2199 deﬂoravit
2576 2144 2760 2201 illusio
2808 2164 2903 2217 per
2947 2152 3219 2207 somnium
3263 2168 3277 2205 :
3326 2160 3387 2206 ut
3431 2166 3649 2223 semper
3676 2168 3845 2209 omne

2246 2234 2523 2288 rosarium
2554 2236 2740 2305 aliquo
2768 2240 2985 2296 turbine
3009 2256 3105 2296 sua
3133 2250 3379 2312 purpura
3414 2243 3699 2312 spolietur.
3728 2243 3842 2301 Sed

2242 2322 2387 2379 bene
2434 2327 2481 2382 si
2534 2328 2662 2397 quid
2712 2329 2803 2385 hic
2846 2331 3019 2401 bene,
3069 2336 3215 2404 quod
3256 2335 3570 2404 patrissavit
3600 2335 3757 2392 Plato
3790 2337 3846 2392 in

2244 2417 2515 2486 sapientia
2558 2437 2573 2475 :
2617 2431 2669 2476 et
2699 2421 2845 2492 quod
2876 2416 3248 2481 simili’factus
3274 2435 3359 2482 est
3393 2426 3633 2483 nominis
3658 2437 3715 2484 et
3740 2443 3847 2484 nu-

2242 2513 2408 2563 minis
2433 2513 2608 2579 patris
2638 2515 2916 2585 prtecipui.

2316 2600 2529 2658 XXVII.
2572 2606 2800 2673 Amice,
2847 2608 3106 2677 miraris,
3162 2625 3235 2667 an
3291 2609 3597 2683 indignaris
3640 2614 3843 2683 magis,

2240 2696 2385 2765 quod
2438 2697 2492 2752 in
2524 2699 2800 2768 parabolis
2834 2702 2930 2758 tibi
2976 2703 3273 2775 significem
3300 2707 3537 2777 gentiles
3559 2722 3683 2764 esse
3710 2708 3844 2764 imi-

2240 2784 2434 2841 tandos
2456 2825 2472 2853 ,
2503 2788 2818 2847 Christiano
2844 2792 3184 2861 idololatras,
3218 2811 3363 2869 agno
3385 2812 3573 2867 canes,
3605 2798 3847 2870 denique

2238 2874 2384 2934 hono
2409 2878 2620 2935 malos?
2644 2880 2782 2937 Volo
2812 2885 2886 2939 sis
2914 2886 3006 2956 api
3035 2898 3437 2958 argumentosa
3463 2890 3683 2957 similis,
3710 2906 3844 2961 quae

2238 2970 2347 3025 mel
2378 2970 2528 3026 elicit
2555 2988 2622 3029 ex
2649 2976 2820 3031 urtica
2838 2993 2852 3029 :
2870 2984 2931 3032 ut
2953 2992 3137 3034 sumas
3163 2981 3263 3035 mel
3288 2981 3355 3035 de
3375 2990 3544 3053 petra,
3568 2982 3848 3055 oleumque

2236 3062 2301 3115 de
2342 3079 2468 3118 saxo
2512 3065 2811 3121 durissimo.
2842 3068 3146 3128 Gentilium
3190 3074 3321 3129 novi
3363 3075 3847 3146 superstitionem,

529 3172 760 3228 miscuit
786 3170 1098 3227 aconitum:
1124 3170 1241 3224 haec
1267 3167 1522 3237 decepta,
1545 3165 1790 3221 Iurorem
1821 3165 2131 3235 propinavit

2240 3152 2332 3208 sed
2380 3158 2558 3211 omnis
2609 3168 2859 3216 creatura
2909 3162 3004 3219 Dei
3057 3164 3281 3236 aliquod
3338 3167 3504 3224 habet
3550 3170 3847 3240 exemplar

528 3280 630 3337 pro
665 3263 871 3320 amoris
910 3262 1127 3333 poculo.
1159 3260 1374 3326 Amice,
1405 3257 1695 3314 contrariis
1732 3256 2131 3312 contenderunt

526 3359 676 3415 velis
704 3358 844 3414 istm.
872 3355 1077 3412 Neutra
1111 3365 1293 3410 tamen
1322 3351 1642 3408 defraudata
1671 3360 1757 3405 est
1785 3350 1893 3405 fine
1924 3348 2129 3404 fraudis

526 3451 801 3517 femineae,
846 3457 904 3505 et
945 3447 1165 3519 proprio
1210 3444 1423 3500 scilicet
1470 3440 1634 3497 malo.
1675 3439 1854 3497 Variis
1897 3440 2129 3497 diversis

525 3544 789 3600 incedunt
812 3542 1026 3598 semitis
1055 3538 1297 3604 feminas,
1322 3536 1628 3607 quibusque
1660 3532 1999 3591 anfractibus
2035 3549 2127 3588 cr-

528 3638 674 3702 rent,
702 3634 1010 3704 quibusque
1039 3631 1265 3686 devient
1292 3629 1475 3693 inviis,
1508 3642 1650 3682 unus
1676 3638 1761 3682 est
1787 3626 1990 3693 exitus,
2021 3641 2124 3680 una

526 3728 777 3785 omnium
825 3727 1033 3779 viarum
1091 3739 1317 3781 suarum
1366 3732 1531 3779 meta.
1576 3718 1808 3778 Unicum
1866 3731 2025 3793 caput
2072 3728 2129 3778 et

524 3828 835 3879 etnivetvtus
888 3818 1131 3873 omnium
1190 3815 1571 3871 diversitatem
1618 3828 1839 3871 suarum
1894 3814 2122 3870 malitia.

520 3909 787 3985 Exemplo
834 3910 1029 3966 harum
1070 3909 1503 3980 experimentum
1548 3905 1900 3978 capezquod
1950 3907 2124 3961 audax

520 4006 705 4064 estad
731 4004 911 4061 omnia
959 4016 1083 4072 quae
1111 4010 1258 4056 amat
1302 4001 1384 4056 vel
1434 3998 1550 4054 odit
1596 3998 1835 4055 femina:
1868 4009 1921 4054 et
1953 3998 2124 4055 artiﬁ-

515 4102 664 4156 ciosa
696 4112 821 4156 eum
850 4108 1049 4152 nocere
1080 4095 1213 4158 vult,
1263 4092 1403 4162 quod
1430 4106 1649 4163 semper
1678 4100 1764 4147 est
1786 4100 1841 4146 et
1872 4092 2124 4161 frequen-

515 4204 636 4251 ter:
661 4202 784 4247 cum
812 4190 1003 4261 jnvare
1030 4196 1205 4259 parat,
1229 4185 1405 4243 obest.
1430 4184 1587 4241 Unde
1610 4183 1689 4253 fit,
1719 4192 1782 4239 ut
1804 4181 2123 4253 frequenter

514 4293 717 4343 noceat
743 4284 959 4339 uolens.
992 4283 1046 4336 In
1098 4283 1325 4336 fornace
1374 4278 1583 4349 positus
1611 4292 1670 4333 es
1694 4292 1711 4334 :
1737 4277 1783 4332 si
1812 4292 2004 4332 aurum
2037 4291 2117 4343 es,

517 4396 583 4437 ex
596 4380 701 4434 ibis
734 4376 940 4447 purior.

588 4467 781 4528 XXIV.
847 4467 1101 4539 Dejauira
1159 4464 1506 4537 Tirynthium
1559 4463 1777 4519 vestivit
1836 4462 2115 4528 interula,

2235 3246 2470 3305 honesti.
2504 3250 2659 3308 Unde
2692 3253 2831 3323 ipse,
2866 3265 2979 3311 tum
3008 3259 3176 3326 aries,
3203 3268 3315 3315 tum
3344 3263 3453 3329 leo,
3484 3272 3596 3317 tum
3624 3265 3845 3321 vermis

2233 3339 2457 3408 dicitur,
2488 3343 2585 3399 sed
2630 3345 2863 3415 plurima
2897 3364 3155 3419 perversa
3201 3360 3369 3422 agunt
3393 3352 3661 3411 increduli
3686 3371 3702 3409 :
3730 3355 3845 3411 ali-

2230 3448 2337 3505 qua
2385 3444 2565 3491 tamen
2616 3452 2737 3508 qua:
2784 3454 2907 3495 cum
2960 3441 3095 3512 ipsis
3144 3443 3507 3514 interierant,
3565 3446 3621 3501 in
3669 3445 3845 3502 nobis

2229 3524 2465 3582 fructum
2515 3528 2795 3586 abundare
2821 3528 3092 3589 fecerunt.
3136 3533 3294 3601 Quod
3335 3536 3383 3591 si
3413 3535 3492 3592 illi
3522 3551 3690 3594 actias
3734 3535 3846 3592 ha-

2230 3618 2469 3674 buerunt
2517 3620 2778 3690 pelliceas
2821 3638 2986 3681 causa
3036 3628 3343 3696 munditiae,
3388 3630 3510 3686 sine
3552 3644 3671 3701 spe,
3709 3630 3843 3689 sine

2230 3710 2361 3779 fide,
2391 3713 2510 3769 sine
2539 3714 2987 3784 praedicamento,
3019 3720 3140 3776 sine
3171 3722 3477 3781 charitate:
3506 3721 3757 3793 profecto
3789 3724 3843 3780 si

2227 3819 2329 3859 nos
2360 3802 2621 3862 fuerimus
2648 3810 2787 3864 asini
2820 3820 2877 3866 et
2901 3826 3050 3879 sues,
3079 3820 3174 3868 aut
3201 3812 3383 3885 aliqua
3420 3813 3840 3873 inhumanitate

2226 3896 2513 3952 hrutorum
2561 3898 2795 3968 similes,
2823 3918 2931 3974 quo
2959 3902 3107 3975 ﬁdei,
3136 3921 3248 3977 quo
3277 3907 3417 3978 spei,
3449 3922 3558 3979 quo
3585 3906 3839 3965 charita-

2225 3985 2293 4043 tis
2320 3989 2514 4046 merito
2545 3990 2692 4063 digni
2721 3996 3059 4064 reperiemur
3085 4016 3096 4053 :
3121 4012 3243 4053 cum
3278 3998 3463 4056 videas
3499 3999 3830 4075 prophetas,

2224 4089 2279 4134 et
2307 4082 2579 4163 praecipue
2606 4083 2755 4141 illum
2790 4088 2979 4143 mundi
3021 4090 3222 4157 cordis,
3256 4105 3415 4162 quem
3458 4092 3559 4148 soli
3590 4108 3838 4151 cernere

2222 4185 2451 4243 possunt
2482 4176 2647 4231 oculi.
2695 4176 2777 4232 Illi
2826 4190 3006 4235 autem
3057 4183 3241 4238 studio
3277 4198 3497 4239 suarum
3530 4186 3729 4239 artium
3763 4201 3834 4241 se

2222 4269 2410 4324 multis
2433 4272 2720 4327 conatibus
2750 4271 3099 4343 afflixerunt,
3134 4276 3281 4331 nullo
3309 4274 3508 4333 futura:
3546 4278 3832 4336 felicitatis

2218 4360 2419 4417 intuitu
2447 4364 2578 4418 :sed
2615 4375 2822 4421 tantum
2856 4382 2924 4422 ne
2954 4369 3165 4423 animas
3199 4369 3461 4425 haberent
3487 4371 3828 4441 ignorantes.

2219 4451 2361 4521 Quid
2393 4456 2550 4512 nobis
2576 4466 2681 4527 est,
2712 4466 2768 4513 et
2811 4458 3144 4516 illuminatio
3185 4470 3242 4515 et
3293 4461 3517 4517 lucerna
3564 4462 3826 4533 pedibus,

510 4573 570 4622 et
596 4551 967 4619 ntenstrorum
995 4560 1273 4625 malleum,
1304 4557 1535 4614 monstri
1565 4555 1828 4626 sanguine
1859 4556 1968 4610 ulta
1994 4566 2107 4613 est;
2136 4559 2188 4619 Ι)
2216 4555 2274 4605 et
2302 4547 2487 4604 lumen
2516 4552 2726 4606 semitis
2754 4552 2821 4608 ad
2854 4554 3017 4608 vitam
3050 4566 3333 4611 aeternam.

510 4656 727 4726 sibique
774 4657 1043 4726 processit
1090 4650 1159 4706 ad
1208 4651 1499 4720 lacrymas,
1558 4647 1703 4716 quod
1750 4645 1815 4700 ad
1866 4645 2104 4701 laetitiam

512 4750 816 4807 machinata
846 4758 948 4803 est.
981 4746 1188 4813 Amice,
1226 4742 1513 4811 trajectum
1543 4739 1651 4794 telo
1673 4738 1921 4795 Herculis
1950 4740 2110 4794 scivit

509 4851 565 4897 et
610 4842 748 4896 vidit
795 4839 1022 4895 Nessum
1071 4837 1173 4892 ista
1224 4853 1236 4890 :
1289 4833 1650 4888 nihilominus
1708 4840 1885 4886 tamen
1936 4830 2107 4887 Nesso

504 4932 741 4989 credidit
770 4933 825 4986 ist
857 4930 1146 4987 Herculem
1193 4944 1208 4982 :
1254 4936 1307 4983 et
1336 4925 1493 4996 quasi
1538 4939 1644 4981 non
1678 4932 1897 4993 sponte.
1943 4940 2102 4995 quem

505 5029 696 5086 debuit
720 5027 923 5083 vestire
971 5026 1224 5093 interula,
1262 5022 1478 5078 vestivit
1508 5020 1754 5076 interitu.
1786 5017 1967 5076 Insani
2008 5035 2101 5076 ca-

2284 4651 2525 4709 XXVIII.
2569 4653 2785 4711 Utinam
2834 4656 2973 4713 hanc
3002 4657 3207 4728 eligas,
3234 4660 3438 4713 utinam
3473 4658 3613 4713 hanc
3642 4657 3827 4730 legas,
3934 4722 3942 4731 ,

2210 4759 2420 4813 utinam
2453 4758 2597 4812 hanc
2627 4757 2950 4815 introducas
2980 4760 3032 4814 in
3064 4760 3371 4817 cubiculum
3401 4769 3575 4828 tuum,
3627 4771 3686 4817 ut
3732 4763 3828 4818 in-

2209 4861 2456 4915 troducat
2488 4871 2540 4917 te
2571 4877 2665 4917 rex
2716 4861 2769 4917 in
2822 4878 3003 4917 suum.
3034 4863 3182 4919 Hanc
3208 4864 3411 4920 dudum
3470 4864 3698 4919 floribus
3740 4866 3828 4919 tui

2210 4962 2358 5019 veris
2388 4963 2679 5018 subarasti.
2723 4964 2851 5019 Hrrc
2884 4964 2937 5017 in
2982 4975 3145 5020 aelate
3190 4974 3282 5019 tua
3324 4974 3608 5037 exspectat
3634 4975 3692 5019 ut
3737 4966 3833 5019 fa-

2210 5065 2323 5118 cias
2356 5076 2514 5119 uvam
2550 5082 2562 5117 :
2606 5063 2660 5117 in
2692 5062 2851 5133 hujus
2886 5065 3162 5134 injuriam.
3195 5072 3304 5120 nun
3338 5067 3504 5121 ducas
3529 5065 3711 5128 aliam,
3745 5082 3832 5123 ne

2210 5162 2436 5229 faciens,
2486 5162 2543 5217 in
2576 5168 2819 5233 tempore
2866 5164 3153 5219 vindemiae
3202 5164 3451 5221 labrusca
3485 5158 3828 5223 inveniarls.

2203 5264 2342 5321 Nolo
2391 5277 2442 5323 te
2491 5281 2753 5337 sponsum
2788 5265 3018 5323 Veneris
3051 5267 3188 5335 fieri,
3244 5267 3340 5324 sed
3390 5264 3649 5324 Palladis.
3684 5265 3834 5325 Ihr-c

502 5364 763 5477 placitm'n
795 5414 953 5456 suum
978 5364 1232 5453 omnis,”
1256 5394 1517 5466 mare,“
1542 5364 1789 5449 (δησιιιιη
1819 5364 1923 5447 θεέ,
1957 5392 2100 5446 υυο-
2203 5383 2405 5439 sponsa
2430 5378 2483 5422 te
2510 5367 2697 5422 induet
2728 5364 3024 5423 monilibus
3044 5367 3300 5438 pretiosis
3330 5376 3382 5423 et
3408 5367 3625 5424 ornabit
3652 5384 3667 5423 :
3692 5367 3832 5425 hrrc

499 5468 672 5551 decim
706 5493 1034 5551 inhumanos
1085 5487 1301 5543 labores
1332 5485 1737 5540 consummavit
1776 5481 2018 5538 Alcides.
2056 5486 2096 5538 A

2240 5486 2257 5525 ι
2306 5469 2494 5525 induet
2541 5477 2702 5524 veste
2748 5468 3002 5537 nuptiali.
3035 5470 3130 5525 Hm
3179 5470 3382 5541 nupti:
3430 5468 3831 5541 gloriabuntur

498 5587 656 5640 ιετιίο
698 5586 915 5640 ἀνείπη)
944 5582 1037 5654 qui
1072 5594 1292 5635 Olllllcm
1337 5577 1788 5631 inhumanitatem
1836 5575 2095 5641 excessit,
2203 5570 2459 5639 Apolline
2503 5567 2881 5637 paranympho
2922 5570 3161 5625 :harum
3209 5569 3547 5627 Fescennina
3590 5570 3833 5629 decebit

492 5687 854 5745 exsuperante
899 5684 1002 5729 est.
1048 5672 1141 5728 Sic
1191 5668 1519 5724 fortissimus
1568 5667 1891 5733 hominum,
1943 5683 2099 5739 a-que
2201 5667 2398 5727 cedrus
2429 5662 2642 5725 Libani.
2678 5666 2890 5725 Stilbon
2922 5678 2947 5708 ι
2974 5676 3266 5743 uxoratus,
3289 5685 3443 5742 spem
3488 5671 3652 5743 hujus
3699 5684 3829 5733 tam

503 5121 634 5193 pilis
662 5130 717 5176 et
748 5120 1043 5190 prrccipitis
1093 5128 1177 5173 est
1229 5116 1452 5181 femina,
1494 5113 1854 5170 indeliberata
1880 5129 2104 5191 [semper

507 5216 826 5271 voluntate:
855 5209 1185 5282 praeipunm
1215 5209 1507 5262 arbitratur
1536 5205 1678 5277 quod
1706 5206 1842 5271 vult,
1872 5217 1927 5261 et
1956 5206 2099 5276 quod

506 5322 619 5365 non
650 5306 877 5379 expedit
912 5322 925 5359 :
960 5315 1015 5359 et
1042 5312 1101 5358 ut
1143 5316 1257 5372 pra
1286 5300 1542 5355 omnibus
1574 5299 1793 5370 placere
1818 5300 1991 5368 cupit,
2027 5300 2101 5353 ita

560 5800 588 5831 ⁸
626 5789 988 5860 Ριιίιυέομιιιιε
1013 5788 1133 5856 ille,
1166 5794 1227 5842 ut
1255 5784 1497 5853 videtur,
1522 5786 1637 5855 qui,
1670 5799 1839 5840 uxore
1860 5784 2056 5844 amissa
2086 5795 2142 5846 et
2175 5786 2386 5853 liberis,
2412 5790 2593 5843 omnia
2621 5794 2748 5844 tunc
2767 5786 2907 5843 bona
2926 5789 3067 5857 apud
3098 5804 3156 5845 se
3186 5786 3386 5847 habere
3402 5787 3830 5860 gratulabatur.
