4012 6190
216 273 307 333 261

1073 265 1402 326 EPISTULA
1445 261 1713 326 XXXVII.
1755 265 1844 325 DE
1884 265 2169 327 OlilGlNE
2210 269 2600 335 ANIMARUM.

3389 285 3500 344 262

219 392 536 452 desiderata:
567 385 928 448 solemnitatis
960 385 1159 444 devote
1188 387 1434 457 concepit
1461 403 1477 441 :
1519 386 1614 442 sed
1647 386 1700 442 in
1731 387 1796 441 ti-
1826 387 1878 448 Α
1904 384 1971 441 de
2005 384 2243 454 Epistula
2268 387 2513 460 Apostoli
2542 393 2610 450 ad
2632 389 2813 451 Titum
2843 397 3084 469 scripsit:
3112 399 3167 456 Si
3192 401 3339 472 quis,
3380 401 3475 470 ait,

219 501 378 555 more,
410 501 576 542 eiusa
604 482 769 555 hujus
803 490 915 539 tota
949 477 1064 536 haec
1093 479 1256 535 lectio
1286 479 1423 534 facta
1446 491 1551 534 est.

281 575 484 635 XXIX.
527 574 609 635 Ad
641 577 786 632 hunc
819 577 981 632 ﬁnem
1013 573 1280 631 luculenta
1311 579 1423 628 tota
1457 571 1574 628 lure
1611 586 1805 642 prope-

219 681 297 729 rat
322 673 518 727 oratio.
571 667 669 726 Hic
716 668 864 740 rigor
918 666 1081 738 hujus
1108 663 1490 731 dissuasionis,
1545 665 1633 721 hic
1662 673 1809 722 totus

219 775 472 825 armatur.
504 762 659 834 cujus
679 762 849 816 multo
871 759 1103 832 chalybe
1132 759 1474 828 prmduratos
1497 759 1664 813 sentis
1685 769 1810 812 acu-

218 853 349 914 leos.
383 857 529 911 Dura
558 868 644 911 es:
674 869 866 910 manus
889 851 1205 922 chirurgici,
1241 850 1337 907 sed
1371 863 1589 906 sanans.
1635 851 1810 905 Durus

217 961 295 1009 est
313 952 398 1007 hic
419 959 625 1013 Sermo,
651 949 744 1005 sed
770 959 954 1004 sanus.
981 944 1089 1003 Sed
1112 948 1315 1001 utinam
1343 952 1450 999 tam
1476 943 1625 998 utilis
1646 955 1806 1011 quam

219 1044 466 1101 devotus.
497 1044 708 1107 Amice,
738 1049 944 1096 arctam
977 1035 1096 1104 tibi,
1129 1043 1188 1091 ut
1216 1036 1328 1100 ais,
1381 1031 1568 1103 inﬁigo
1595 1033 1806 1088 vivendi

215 1138 480 1209 regulam,
511 1143 649 1191 esto.
683 1133 777 1188 Est
804 1133 946 1188 enim
979 1137 1126 1186 arcta
1157 1129 1242 1183 via
1271 1139 1391 1199 qua:
1418 1123 1563 1182 ducit
1609 1125 1675 1182 ad
1726 1127 1810 1182 vi-

218 1237 322 1286 tam
350 1244 365 1286 :
391 1243 491 1285 nec
521 1238 605 1284 est
624 1227 815 1283 semita
841 1226 1020 1295 plana,
1046 1234 1150 1294 qua
1175 1224 1281 1278 itur
1299 1223 1366 1278 ad
1390 1221 1584 1293 gaudia
1611 1223 1803 1291 plena:

215 1318 380 1376 immo
410 1321 573 1375 etiam
624 1318 691 1373 ad
739 1313 1011 1373 mediocre
1062 1327 1158 1384 per
1204 1315 1449 1371 salebras
1496 1313 1802 1370 evadimus.

217 1409 441 1468 Audivit
469 1409 658 1474 Jason,
688 1407 832 1478 quod
865 1417 965 1476 per
997 1417 1148 1461 mare
1177 1402 1359 1461 adhuc
1391 1403 1671 1471 intactum,
1705 1419 1808 1462 nec

220 1502 342 1558 ullis
364 1500 765 1573 devirginatum
800 1499 1002 1554 ratibus
1030 1507 1123 1553 aut
1166 1498 1354 1560 remis,
1399 1507 1454 1553 et
1494 1512 1592 1569 per
1621 1506 1808 1554 tauros

219 1604 270 1650 et
296 1594 626 1664 sulphureos
655 1591 830 1663 ignes,
855 1597 908 1646 et
929 1603 1027 1658 per
1057 1589 1272 1644 toxicati
1306 1590 1575 1656 serpentis
1598 1588 1809 1660 vigilias

220 1683 316 1743 sibi
343 1685 602 1740 viandum
633 1691 781 1740 esset
810 1681 878 1737 ad
910 1681 1084 1736 vellus
1115 1691 1338 1736 aureum
1374 1696 1391 1737 :
1431 1690 1484 1736 et
1511 1693 1646 1736 sano
1676 1695 1810 1735 con-

1907 480 2176 534 rationem
2205 479 2454 538 humana:
2479 485 2676 544 anima:
2698 493 2961 560 requirat,
2985 506 3104 547 cum
3130 493 3197 550 de
3226 508 3292 550 ea
3320 509 3498 565 neque

1906 569 2052 640 quod
2084 587 2148 625 ex
2179 571 2404 630 seminis
2454 577 2678 635 traduce
2705 581 2938 638 ducatur
2959 625 2974 650 ,
3009 598 3183 655 neque
3229 586 3374 657 quod
3401 585 3503 642 ho-

1910 663 2213 720 norahilior
2239 679 2294 721 et
2347 671 2622 740 antiquior
2645 687 2934 744 corporum
2959 690 3219 748 compage
3261 678 3354 743 sit,
3387 689 3498 735 tra-

1910 755 2114 811 diderit
2139 757 2506 816 ecclesiastica
2538 763 2757 834 regula:
2800 777 3020 836 propter
3045 769 3188 838 quod
3219 769 3371 824 multi
3403 785 3505 826 nec

1913 851 2379 917 comprehendere
2407 862 2696 920 potuerunt
2726 857 2888 913 aliter
2913 861 3101 916 sentiri
3133 872 3387 929 oportere
3427 861 3496 918 de

1911 939 2106 994 anian
2138 942 2367 996 ratione.
2396 942 2506 999 Sed
2529 945 2686 1017 etqui
2715 947 2875 1004 aliter
2902 949 3107 1006 sentire
3126 952 3209 1005 vel
3234 951 3507 1009 disserere

1909 1029 2012 1087 Visi
2041 1042 2208 1098 sunt;
2250 1049 2276 1086 a
2321 1038 2600 1094 nonnullis
2638 1041 2691 1093 iu
2731 1041 3043 1108 suspicione
3068 1042 3343 1099 habentur
3371 1047 3516 1101 velut

1909 1123 2036 1177 novi
2090 1123 2296 1193 aliquid
2331 1127 2758 1186 introducentes.
2803 1131 3028 1190 Fatetur
3069 1135 3211 1191 idem
3253 1131 3372 1207 ipse
3398 1136 3519 1194 Oric

1906 1222 2072 1284 genes‘
2099 1213 2149 1267 in
2183 1213 2424 1284 prmlatis
2471 1219 2780 1287 apusculis:
2813 1224 2909 1280 sed
2942 1235 2998 1281 et
3041 1223 3307 1282 Eusebius
3331 1226 3514 1284 Caesa-

1907 1303 2140 1369 riensis,
2173 1312 2230 1361 et
2257 1306 2596 1376 Pamphilius
2641 1323 2885 1385 martyr:
2934 1313 3168 1374 Basilius
3194 1335 3412 1390 quoque
3455 1334 3512 1378 et

1907 1391 2223 1466 Gregorius,
2258 1395 2727 1470 Didymusqne,‘
2747 1398 2975 1461 Rufinus
3005 1409 3256 1467 similiter
3280 1414 3334 1468 in
3369 1414 3505 1480 suis,

1909 1489 2070 1545 unius
2093 1487 2421 1548 substantia:
2447 1508 2645 1551 omnes
2687 1513 2808 1555 esse
2838 1501 3073 1569 animas,
3097 1509 3151 1558 et
3179 1505 3518 1562 immortales

1909 1588 1962 1634 et
1989 1577 2344 1640 rationabiles
2376 1582 2530 1641 liberi
2562 1587 2773 1644 arbitrii
2803 1606 2868 1647 ac
2895 1591 3234 1651 voluntatis:
3259 1597 3514 1667 judican-

1911 1673 2010 1730 das
2047 1691 2266 1747 quoque
2289 1694 2411 1734 esse
2441 1696 2541 1751 pro
2573 1675 2655 1738 his
2682 1701 2805 1755 qua:
2826 1683 2878 1740 in
2912 1685 3012 1743 hac
3042 1688 3153 1743 vita
3180 1702 3503 1762 gesserunt:

219 1779 356 1847 sino,
389 1777 524 1832 me,
556 1787 664 1831 non
695 1775 846 1829 suavi
891 1784 1042 1840 usus,
1084 1773 1221 1829 ab“;
1255 1781 1310 1828 ει
1339 1771 1522 1839 red-lu,
1570 1783 1627 1829 ει
1655 1782 1805 1843 opta.
1842 1765 1891 1824 B
1917 1783 2038 1824 esse
2066 1779 2246 1825 tamen
2292 1786 2384 1826 eas
2415 1773 2583 1828 laetas
2604 1791 2632 1828 a
2663 1775 2774 1832 Deo
2803 1779 2895 1848 qui
2928 1779 3176 1837 universa
3217 1785 3426 1839 creavit
3455 1792 3514 1841 et

217 1869 379 1926 bilem
432 1869 750 1925 thesaurum
796 1866 985 1922 retulit
1021 1870 1146 1922 :sic
1196 1861 1529 1921 absinthium
1575 1867 1818 1921 veritatis

218 1967 468 2028 acceptat
514 1969 748 2013 morosa:
778 1959 983 2012 mentis
1031 1951 1310 2011 humilitas
1354 1973 1369 2012 :
1417 1951 1669 2012 fecundat
1701 1956 1818 2011 olﬁ-

217 2051 368 2106 eiosa
400 2049 666 2105 sedulitas
701 2064 718 2103 :
758 2045 814 2102 in
845 2045 1078 2103 fructum
1119 2047 1366 2118 perducit
1397 2049 1820 2117 perseverantia:

217 2142 452 2198 utilitas.
502 2141 595 2196 Sic
643 2143 948 2196 sementem
999 2141 1167 2208 serit,
1214 2139 1469 2210 pincerna
1515 2133 1818 2210 pluviarum

221 2236 440 2290 Auster.
476 2229 798 2287 Consolidat
827 2241 992 2299 scopa
1027 2231 1236 2286 viarum
1262 2229 1478 2302 Aquilo.
1511 2227 1570 2286 la
1601 2230 1820 2286 uberta-

222 2335 328 2382 tem
358 2335 647 2395 promovet
674 2322 874 2378 florum
897 2330 1216 2393 procreator
1239 2321 1544 2394 Zephyrus.
1569 2322 1665 2378 Sic
1685 2321 1818 2378 dura

222 2417 489 2490 principia
521 2415 668 2470 dulci
694 2416 804 2470 ﬁne
835 2421 1212 2470 munerantur.
1246 2414 1338 2470 Sic
1364 2424 1546 2471 arctus
1575 2416 1725 2471 callis
1750 2416 1818 2470 ad

221 2513 395 2582 ampla
429 2508 629 2579 palatia
660 2507 949 2578 perducit;
979 2506 1058 2564 sic
1087 2518 1346 2579 angustus
1379 2518 1582 2564 trames
1612 2507 1680 2563 ad
1707 2517 1816 2564 tero

225 2619 338 2660 ram
368 2602 519 2656 ducit
549 2600 868 2656 viventium.

290 2694 462 2751 XXX.
505 2694 615 2750 Sed
645 2707 714 2749 ne
743 2693 906 2764 longo
962 2702 1016 2747 te
1040 2690 1328 2763 dispendio
1377 2689 1728 2764 suspendam,
1761 2700 1822 2746 ut

227 2789 419 2859 majori
454 2787 768 2843 testimonio
793 2784 926 2840 mihi
946 2784 1079 2840 rides
1099 2784 1450 2840 adhibeatur:
1483 2783 1604 2855 lege
1627 2797 1821 2840 aureo-

226 2880 337 2934 lum
362 2877 757 2946 Theophrasti,
787 2886 841 2932 et
864 2875 1106 2931 Medeam
1139 2873 1352 2930 Iasonis
1377 2873 1495 2947 [ΑΙ.
1528 2872 1817 2944 Nasonis],

225 2981 281 3030 et
302 2973 390 3026 vis
407 2983 578 3039 pauca
606 2967 934 3024 inveniesim
945 2967 1216 3036 possibilia
1237 2967 1472 3021 mulieri.
1500 2965 1706 3036 Amice,
1730 2963 1824 3021 det

228 3064 321 3119 tibi
348 3063 494 3118 Deos
524 3061 869 3131 omnipotens
918 3059 1137 3114 leminte
1189 3056 1405 3113 fallacia
1440 3071 1545 3113 non
1577 3058 1684 3112 falli
1719 3075 1737 3113 :
1771 3066 1825 3113 et

1917 1857 2181 1914 condidit.
2211 1861 2444 1928 Quando
2470 1875 2649 1919 autem
2686 1865 2843 1923 facta:
2873 1867 3005 1938 sint,
3034 1867 3164 1928 olim
3196 1875 3380 1941 simul,
3416 1886 3511 1933 aut

1919 1965 2063 2005 nunc
2115 1965 2212 2021 per
2259 1949 2507 2022 singulos
2536 1957 2897 2027 nascentium,
2950 1959 3077 2032 quid
3111 1964 3332 2032 periculi
3387 1982 3510 2024 esse

1917 2044 2091 2109 aiunt,
2142 2043 2372 2100 alterum
2400 2044 2659 2102 eduobus
2700 2051 2946 2118 opinari?
2984 2052 3330 2115 Athanasius.
3367 2057 3514 2114 Hila-

1919 2138 2052 2202 rius,
2081 2143 2139 2193 et
2163 2133 2511 2205 Ambrosius,
2540 2141 2862 2212 praeparatis
2886 2143 2998 2214 jam
3023 2145 3077 2200 in
3101 2155 3292 2202 ventre
3321 2148 3516 2204 mulie-

1921 2235 2076 2296 rum,
2123 2228 2548 2302 delormatisque
2595 2235 2953 2304 corporibus,
3007 2247 3136 2293 tunc
3176 2238 3242 2292 ad
3276 2254 3519 2308 presens

1918 2323 2091 2378 ereari
2122 2325 2362 2390 animas,
2397 2332 2453 2383 et
2473 2315 2640 2384 inseri
2669 2327 2975 2386 deformato
3008 2330 3120 2401 jam
3141 2333 3362 2404 corpori
3406 2335 3516 2390 cri-

1921 2413 2218 2469 minantur.

1991 2503 2076 2559 lll.
2115 2504 2236 2560 lam
2286 2517 2422 2563 vero
2454 2507 2531 2564 illi
2560 2503 2652 2580 qui
2704 2524 2771 2565 ex
2820 2509 3044 2568 traduce
3092 2513 3304 2570 animas
3333 2513 3521 2571 venire

1918 2593 2291 2663 conﬁrmant,
2333 2607 2386 2655 et
2436 2599 2596 2655 simul
2646 2599 2918 2672 corporali
2967 2619 3060 2660 eas
3091 2605 3300 2661 Semine
3348 2608 3517 2662 semi-

1919 2691 2036 2746 nari
2059 2710 2072 2745 :
2098 2691 2390 2762 siquidem,
2422 2701 2477 2748 ut
2501 2687 2720 2764 quidam
2749 2696 2989 2767 ipsorum
3015 2696 3294 2754 afﬁrmare
3311 2700 3516 2767 solent,

1924 2798 2032 2838 non
2063 2761 2209 2839 aliud
2240 2782 2432 2840 dicunt
2459 2761 2582 2840 esse
2620 2761 2856 2840 animam
2883 2761 3042 2858 suam
3086 2761 3513 2845 insufﬂationem

1922 2877 2156 2946 Spiritus
2200 2873 2348 2934 Dei:
2397 2877 2541 2933 illam
2597 2877 2804 2934 scilicet
2859 2895 3020 2951 quam
3072 2881 3230 2938 initio
3284 2882 3513 2939 factura:

1925 2969 2139 3034 mundi,
2173 2965 2319 3026 Deus
2370 2967 2674 3028 iusulﬁasse
2714 2971 2910 3030 dicitur
2950 2975 3002 3030 in
3046 2973 3242 3043 Adam,
3273 2973 3343 3032 de
3395 2977 3514 3047 ipsa

1926 3057 2019 3114 Dei
2065 3072 2184 3115 esse
2212 3075 2329 3114 eam
2381 3064 2678 3120 substantia
2711 3064 3057 3134 proﬁtentes:
3093 3067 3373 3137 quomodo
3403 3084 3511 3123 non

227 3153 502 3211 illuminet
541 3165 638 3209 cor
684 3161 869 3216 tuum,
921 3165 990 3205 ne
1020 3148 1374 3220 praestigltis
1422 3150 1595 3204 oculis
1630 3147 1819 3203 tendas
1845 3141 1892 3204 (ἶ
1924 3149 2009 3207 isti
2054 3149 2376 3210 videbuntur
2411 3154 2811 3225 quodammodo
2840 3158 2957 3211 lucc
2997 3166 3200 3227 prmter
3227 3148 3523 3225 Scriptura:

226 3259 338 3319 quo
360 3262 462 3320 ego
488 3249 675 3304 timeo.
726 3246 836 3303 Sed
865 3261 934 3303 ne
963 3253 990 3284 ι
1019 3245 1250 3302 Oresten
1300 3244 1584 3316 scripsisse
1612 3243 1813 3300 videar.

230 3339 384 3398 Vale.

731 3427 1060 3485 EPISTOLA
1094 3425 1362 3486 XXXVII.

283 3537 384 3582 110
409 3533 667 3582 οιιιοσω
693 3535 790 3580 εσυ
815 3532 1017 3578 HOIiNI
1038 3532 1329 3577 ιιιειιοαηι
1353 3529 1422 3576 ετ
1453 3529 1760 3577 ηανδς-πη.

707 3617 783 3671 De
814 3617 1010 3687 origine
1036 3618 1348 3670 animarum.
1610 3653 1623 3661 .

303 3707 346 3766 ι.
379 3710 516 3765 Cum
556 3709 700 3781 apud
732 3725 828 3765 vos
879 3709 1121 3766 caelestis
1169 3706 1500 3778 eloquentia:
1546 3703 1824 3778 purissimi

229 3800 420 3870 fontis,
449 3811 508 3859 et
547 3803 847 3859 litterarum
878 3804 1120 3858 omnium
1151 3801 1355 3856 ﬂuenta
1384 3799 1689 3857 redundent
1716 3815 1729 3856 :
1763 3813 1826 3854 ac

231 3896 399 3950 solida
441 3895 744 3952 secundum
791 3897 1051 3952 verticem
1104 3894 1344 3960 sanitas,
1410 3902 1592 3950 vestra
1632 3901 1824 3950 cuneta

233 3985 395 4044 ﬁrmo
422 3984 572 4044 statu
589 3988 832 4045 membra
861 3989 1171 4044 contineat:
1211 3989 1382 4043 miror
1419 3995 1645 4057 stupore
1669 4001 1824 4042 men-

235 4085 305 4140 tis
333 4085 637 4150 attonitus,
689 4095 787 4138 cur
815 4081 1148 4138 stillicidium
1179 4081 1414 4137 insulani
1447 4079 1605 4135 rimli
1632 4078 1827 4150 digne-

232 4181 363 4234 mini
408 4178 664 4245 haurire,
722 4178 932 4234 nitores
978 4178 1226 4246 corporis
1267 4174 1478 4230 inﬁrma
1528 4173 1825 4229 medentes.

232 4271 404 4344 lagis
454 4283 591 4342 ergo
637 4281 761 4342 qua
805 4269 874 4327 de
920 4271 1245 4328 Gracorum
1278 4269 1518 4325 mutuari
1563 4266 1828 4333 fontibus,

229 4367 541 4421 sitientibus
578 4363 853 4436 proferam
884 4363 904 4438 [
932 4365 1017 4420 Al.
1045 4361 1384 4436 praeferam],
1428 4371 1588 4433 atque
1617 4361 1836 4417 Latino-

229 4471 350 4512 rum
397 4456 586 4512 latices
632 4455 1048 4527 limpidissimos
1088 4455 1154 4510 ad
1185 4451 1356 4510 vestri
1391 4453 1573 4510 cordis
1619 4463 1833 4510 secreta

232 4551 551 4618 perducam.

304 4639 368 4696 ll.
404 4640 676 4710 Origenes
705 4640 872 4712 igitur
920 4638 1011 4710 qui
1048 4639 1255 4693 nullum
1286 4637 1507 4708 proprie
1539 4635 1607 4693 de
1648 4639 1826 4692 anima

237 4731 408 4787 edidit
435 4733 662 4801 librum,
707 4735 758 4787 in
788 4730 1037 4802 catalogo
1070 4729 1455 4786 ecclesiasticae
1485 4727 1830 4797 prrcdicatio-

243 4823 328 4878 nis
355 4825 557 4878 animae
588 4821 795 4878 faciens
823 4825 1182 4889 mentionem,
1215 4820 1331 4875 haec
1358 4820 1524 4875 dicit:
1561 4817 1588 4856 δ
1617 4819 1690 4873 De
1717 4820 1833 4872 ani—

244 4926 327 4967 taa
360 4929 495 4970 vero
521 4925 706 4968 utrum
737 4923 802 4967 ex
843 4912 1072 4969 seminis
1117 4910 1338 4965 traduce
1365 4909 1624 4976 ducatur,
1676 4911 1748 4963 ita
1777 4919 1836 4964 nt

245 5007 380 5060 ratio
411 5005 587 5076 ipsius
616 5005 703 5061 vel
729 5004 1031 5060 substantia
1064 5003 1263 5058 inserta
1293 5001 1430 5072 ipsis
1455 5001 1699 5070 (’0rp0ris
1746 5017 1832 5057 se-

1923 3245 2162 3314 regulam
2191 3256 2245 3300 et
2271 3247 2536 3302 rationem
2567 3249 2785 3318 pietatis
2805 3264 3075 3316 asserere,
3099 3247 3250 3320 quod
3278 3247 3526 3305 substan-

1929 3339 2001 3394 tia
2025 3339 2118 3395 Dei
2146 3349 2228 3396 est
2250 3351 2369 3411 qua:
2401 3349 2608 3410 peccat,
2639 3340 2685 3395 si
2740 3341 2918 3396 anima
2964 3357 3086 3412 qua:
3114 3343 3182 3398 de
3211 3343 3523 3398 substantia

1925 3429 2018 3486 Dei
2045 3443 2126 3486 est
2152 3441 2378 3501 peccat:
2426 3431 2653 3498 insuper
2673 3433 2837 3486 etiam
2883 3431 3027 3502 quod
3055 3437 3111 3487 et
3155 3432 3330 3502 ptenis
3389 3431 3524 3488 sub—

1926 3519 2102 3576 denda
2132 3522 2205 3576 sit
2235 3529 2611 3591 pro,peccato.
2638 3513 2750 3575 Sed
2777 3527 2833 3575 et
2867 3520 2998 3576 illud
3047 3536 3109 3578 se
3139 3521 3284 3592 quod
3330 3521 3528 3577 absur-

1929 3613 2057 3668 dum
2080 3621 2184 3679 est,
2214 3613 2498 3668 incurrere
2528 3623 2634 3666 non
2662 3611 2876 3668 vident:
2906 3611 3030 3683 quia
3049 3622 3279 3670 necesse
3301 3623 3386 3669 est
3405 3629 3528 3670 eam

1929 3701 2090 3758 simul
2131 3715 2254 3758 cum
2301 3713 2531 3772 corpore
2579 3704 2748 3770 mori,
2805 3715 2860 3760 et
2885 3717 3006 3761 esse
3034 3705 3342 3775 mortalem,
3375 3707 3422 3761 si
3454 3706 3530 3761 si-

1929 3797 2040 3852 mul
2088 3811 2208 3852 cum
2239 3803 2469 3867 corpore
2492 3837 2508 3866 ,
2543 3797 2628 3852 vel
2675 3797 2972 3868 seminata,
3006 3797 3090 3855 vel
3116 3797 3383 3870 formata,
3439 3797 3526 3856 vel

1930 3901 2054 3947 nata
2083 3901 2187 3949 est.

2004 3983 2094 4040 IV.
2135 3979 2272 4039 Tum
2298 3981 2493 4038 deinde
2517 3981 2619 4052 illi,
2645 3983 2696 4040 id
2720 3991 2825 4049 est,
2852 3983 3195 4055 Apollonius,
3229 3983 3532 4043 Tertullia-

1934 4089 2060 4142 nus,
2093 4071 2407 4145 Pompeius,
2429 4073 2726 4143 Arnobius,
2759 4075 3096 4144 Lactantius,
3128 4090 3293 4147 atque
3325 4078 3530 4148 Apolli-

1936 4168 2148 4233 narius,
2178 4167 2272 4238 qui
2301 4181 2462 4222 unam
2481 4165 2698 4238 quidem
2728 4182 2792 4222 ex
2821 4168 2981 4224 nullis
3007 4167 3323 4224 substantiis
3355 4183 3385 4220 a
3421 4169 3534 4222 Deo

1936 4258 2135 4316 factam
2157 4273 2282 4316 esse
2306 4259 2492 4314 dicunt
2517 4257 2754 4314 animam
2779 4302 2793 4326 ,
2823 4259 2876 4315 id
2904 4269 3008 4328 est,
3038 4261 3180 4315 illam
3210 4275 3328 4328 qua:
3356 4261 3529 4329 prima

1941 4349 2078 4411 facta
2110 4366 2191 4410 est
2215 4354 2266 4410 in
2298 4353 2466 4410 Adam
2500 4371 2512 4409 :
2543 4366 2598 4410 et
2641 4371 2706 4410 ex
2734 4354 2924 4418 Adam
2966 4353 3206 4411 omnium
3247 4353 3528 4410 hominum

1944 4449 2156 4504 animas
2183 4449 2419 4504 exiSIere
2443 4489 2456 4513 ,
2491 4457 2548 4503 et
2570 4447 2865 4503 secundum
2895 4448 3234 4518 corporalem
3282 4447 3399 4501 sine
3428 4448 3535 4500 du-

1861 4537 1914 4600 D
1941 4535 2029 4597 bio
2051 4537 2471 4604 successionem,
2515 4539 2795 4596 traducem
2819 4555 3036 4611 quoque
3059 4539 3174 4594 ﬁeri
3198 4539 3533 4594 animarum:

1940 4640 2104 4691 etiam
2136 4635 2236 4706 ipsi
2292 4633 2418 4705 quid
2465 4633 2614 4689 aliud
2636 4633 2963 4703 ostendunt,
3014 4632 3115 4688 nisi
3153 4631 3364 4687 animas
3411 4647 3534 4687 esse

1942 4725 2244 4784 mortales?
2308 4729 2363 4785 Si
2402 4726 2544 4782 cnim
2602 4727 2746 4781 sicut
2785 4725 3038 4780 animalia
3091 4733 3290 4779 caetera
3327 4739 3392 4778 ex
3418 4724 3538 4780 solo

1942 4824 2153 4877 semine
2174 4822 2425 4875 oriuntur
2451 4839 2463 4872 :
2506 4822 2576 4874 ita
2605 4819 2768 4874 etiam
2796 4820 2865 4874 de
2897 4817 3209 4873 hominibus
3238 4822 3536 4884 sentimus;

1938 4927 1996 4968 ut
2043 4929 2164 4967 cum
2218 4926 2448 4980 corpore
2499 4911 2662 4965 simul
2711 4913 2761 4964 iu
2812 4911 3002 4965 eodem
3053 4911 3294 4977 semine,
3377 4912 3537 4968 etiam

1947 5005 2130 5059 anima
2160 4999 2502 5055 delundatur.
2534 5002 2671 5067 Quid
2704 5001 2932 5055 dicimus
2962 5001 3034 5056 de
3064 5000 3146 5054 his
3195 5003 3286 5072 qui
3341 5001 3543 5074 imper-

244 5099 482 5156 minibus
510 5101 796 5169 habeatur,
828 5115 895 5155 an
925 5113 1061 5156 vero
1089 5098 1237 5154 aliud
1277 5097 1473 5154 habeat
1506 5095 1744 5164 initium,
1787 5109 1841 5153 et
1944 5091 2076 5150 fecti
2107 5093 2303 5155 adhuc,
2336 5101 2391 5147 et
2413 5091 2478 5146 de
2513 5097 2702 5148 ventre
2731 5093 2914 5147 aborsi
2952 5104 3083 5148 sunt
3130 5111 3141 5146 :
3174 5104 3228 5150 et
3270 5096 3359 5163 qui
3412 5110 3544 5150 non-

245 5190 545 5264 bocipsum
578 5192 626 5247 si
651 5195 888 5263 genitum
925 5205 1012 5250 est
1035 5201 1128 5248 aut
1153 5207 1258 5247 non
1287 5195 1550 5263 genitum,
1577 5193 1666 5246 vel
1690 5199 1842 5246 certe
1947 5195 2243 5256 numquam
2296 5183 2457 5239 etiam
2508 5191 2798 5253 antequam
2833 5185 3179 5240 vasculorum
3211 5185 3544 5239 naturalium

245 5285 292 5339 si
314 5289 664 5342 extrinsecus
693 5284 914 5356 corpori
944 5286 1169 5355 inditur,
1203 5299 1396 5351 necne,
1423 5297 1529 5340 non
1562 5285 1694 5338 satis
1726 5295 1838 5338 ma.

242 5379 437 5436 lilesta
465 5380 864 5454 pradicatione
887 5379 1256 5452 distinguitur.
1284 5379 1414 5434 ltcni
1445 5377 1496 5434 in
1528 5377 1669 5433 libro
1682 5391 1841 5448 quem

314 5534 341 5564 ⁸
371 5537 559 5593 Palam
583 5547 675 5593 est
702 5535 871 5592 alludi
892 5537 958 5592 ad
983 5551 1204 5593 versum
1231 5534 1782 5594 illumJttvena-l.Sat.
1803 5534 1856 5587 l.

425 5650 664 5713 Scriptus
689 5651 745 5696 et
767 5647 816 5695 in
839 5653 985 5711 tergo
1009 5647 1218 5697 necdum
1239 5647 1402 5698 ﬁnitus
1423 5647 1652 5698 Orestes.

306 5749 333 5791 ³³
364 5753 491 5810 llaec
518 5753 796 5822 Origenes
841 5749 896 5807 in
920 5751 1158 5810 Premit.
1189 5750 1286 5806 lib.
1320 5754 1440 5828 περὶ
1464 5749 1696 5826 Ἀρχῶν,
1733 5759 1856 5800 scn-

1950 5275 2314 5348 receptaculis
2345 5271 2552 5329 s‘cmin‘a
2579 5275 2688 5329 sint
2743 5283 3032 5347 Suscepta,
3093 5271 3434 5345 depereunt?
3485 5273 3547 5329 In

1950 5372 2150 5444 quibus
2181 5371 2300 5424 sine
2325 5363 2495 5423 dubio
2528 5366 2801 5422 invenitur
2827 5409 2842 5435 ,
2870 5369 3017 5440 quod
3048 5368 3207 5421 simul
3236 5365 3404 5421 etiam
3435 5365 3545 5422 illae

1971 5533 2066 5598 tit,
2111 5543 2238 5601 quas
2272 5530 2360 5584 hic
2393 5529 2607 5601 iisde
2649 5529 2781 5597 ipsis
2811 5531 2992 5586 Ruﬁni
3041 5528 3225 5601 verbis
3273 5527 3560 5596 proferim-

1968 5613 2055 5656 tur
2076 5643 2091 5666 ,
2133 5600 2200 5654 ’et
2247 5603 2299 5654 in
2351 5600 2459 5654 alio
2491 5615 2656 5668 opere
2683 5601 2750 5654 dc
2782 5603 3026 5668 Deitate,
3088 5611 3143 5655 et
3175 5600 3550 5659 incarnatione

1969 5671 2128 5742 Verbi
2159 5670 2226 5724 ad
2256 5671 2573 5742 Januarium
2603 5671 2702 5742 I.t,
2735 5686 2786 5726 c.
2814 5673 2870 5727 2.
2899 5673 3041 5728 inter
3064 5669 3410 5742 supposititia
3451 5678 3561 5728 Au-

1966 5741 2160 5812 gustini
2193 5750 2326 5799 tum.
2357 5739 2494 5810 VIII,
2519 5741 2872 5812 replicantur.
