  <div class='ocr_page' id='page_1' title='image "/cluster/home/n/w/nwhite01/storage/ocr_20150623/30/uva.x000826572/139.png"; bbox 0 0 4012 6190; ppageno 0'>
   <div class='ocr_carea' id='block_1_1' title="bbox 531 207 640 266">
    <p class='ocr_par' dir='ltr' id='par_1_1' title="bbox 531 207 640 266">
     <span class='ocr_line' id='line_1_1' title="bbox 531 207 640 266; baseline 0.018 -2"><span class='ocrx_word' id='word_1_1' title='bbox 531 207 640 266; x_wconf 69' lang='lat'><strong>235</strong></span> 
     </span>
    </p>
   </div>
   <div class='ocr_carea' id='block_1_2' title="bbox 1580 194 2799 259">
    <p class='ocr_par' dir='ltr' id='par_1_2' title="bbox 1580 194 2799 259">
     <span class='ocr_line' id='line_1_2' title="bbox 1580 194 2799 259; baseline -0.003 0"><span class='ocrx_word' id='word_1_2' title='bbox 1580 202 1639 259; x_wconf 93' lang='lat' dir='ltr'><strong>S.</strong></span> <span class='ocrx_word' id='word_1_3' title='bbox 1685 194 2069 258; x_wconf 76' lang='lat' dir='ltr'><strong>HIERONYMI</strong></span> <span class='ocrx_word' id='word_1_4' title='bbox 2104 198 2387 257; x_wconf 75' lang='lat' dir='ltr'><strong>OPERUM</strong></span> <span class='ocrx_word' id='word_1_5' title='bbox 2429 195 2799 256; x_wconf 76' lang='lat' dir='ltr'><strong>MANTISSA.</strong></span> 
     </span>
    </p>
   </div>
   <div class='ocr_carea' id='block_1_3' title="bbox 3733 202 3837 259">
    <p class='ocr_par' dir='ltr' id='par_1_3' title="bbox 3733 202 3837 259">
     <span class='ocr_line' id='line_1_3' title="bbox 3733 202 3837 259; baseline 0.019 -2"><span class='ocrx_word' id='word_1_6' title='bbox 3733 202 3837 259; x_wconf 74' lang='grc'><strong>264</strong></span> 
     </span>
    </p>
   </div>
   <div class='ocr_carea' id='block_1_4' title="bbox 530 317 3839 401">
    <p class='ocr_par' dir='ltr' id='par_1_4' title="bbox 530 317 3839 401">
     <span class='ocr_line' id='line_1_4' title="bbox 530 317 3839 401; baseline -0.002 -16"><span class='ocrx_word' id='word_1_7' title='bbox 530 344 655 401; x_wconf 70' lang='lat' dir='ltr'><strong>qua:</strong></span> <span class='ocrx_word' id='word_1_8' title='bbox 681 324 917 384; x_wconf 90' lang='lat' dir='ltr'><strong>naturali</strong></span> <span class='ocrx_word' id='word_1_9' title='bbox 949 327 1159 383; x_wconf 79' lang='lat' dir='ltr'><strong>ratione</strong></span> <span class='ocrx_word' id='word_1_10' title='bbox 1188 318 1491 379; x_wconf 82' lang='lat' dir='ltr'><strong>seminibus</strong></span> <span class='ocrx_word' id='word_1_11' title='bbox 1510 322 1728 376; x_wconf 84' lang='lat' dir='ltr'><strong>insertae</strong></span> <span class='ocrx_word' id='word_1_12' title='bbox 1744 320 2137 386; x_wconf 71' lang='lat' dir='ltr'><strong>erantanimm,</strong></span> <span class='ocrx_word' id='word_1_13' title='bbox 2166 323 2214 382; x_wconf 85' lang='lat' dir='ltr'><strong>A</strong></span> <span class='ocrx_word' id='word_1_14' title='bbox 2244 329 2480 386; x_wconf 91' lang='lat' dir='ltr'><strong>nestum,</strong></span> <span class='ocrx_word' id='word_1_15' title='bbox 2537 319 2733 390; x_wconf 80' lang='lat' dir='ltr'><strong>inquit,</strong></span> <span class='ocrx_word' id='word_1_16' title='bbox 2778 327 2906 389; x_wconf 90' lang='lat' dir='ltr'><strong>puto</strong></span> <span class='ocrx_word' id='word_1_17' title='bbox 2930 318 3142 376; x_wconf 89' lang='lat' dir='ltr'><strong>animas</strong></span> <span class='ocrx_word' id='word_1_18' title='bbox 3169 334 3293 375; x_wconf 92' lang='lat' dir='ltr'><strong>eum</strong></span> <span class='ocrx_word' id='word_1_19' title='bbox 3321 317 3648 390; x_wconf 83' lang='lat' dir='ltr'><strong>corporibus</strong></span> <span class='ocrx_word' id='word_1_20' title='bbox 3672 335 3839 391; x_wconf 80' lang='lat' dir='ltr'><strong>gene-</strong></span> 
     </span>
    </p>
   </div>
   <div class='ocr_carea' id='block_1_5' title="bbox 540 416 1612 485">
    <p class='ocr_par' dir='ltr' id='par_1_5' title="bbox 540 416 1612 485">
     <span class='ocr_line' id='line_1_5' title="bbox 540 416 1612 485; baseline -0.012 -6"><span class='ocrx_word' id='word_1_21' title='bbox 540 422 833 479; x_wconf 69' lang='lat' dir='ltr'><strong>exstinctte</strong></span> <span class='ocrx_word' id='word_1_22' title='bbox 863 419 973 473; x_wconf 90' lang='lat' dir='ltr'><strong>sint</strong></span> <span class='ocrx_word' id='word_1_23' title='bbox 1005 416 1206 485; x_wconf 87' lang='lat' dir='ltr'><strong>pariter</strong></span> <span class='ocrx_word' id='word_1_24' title='bbox 1237 425 1293 469; x_wconf 90' lang='lat' dir='ltr'><strong>et</strong></span> <span class='ocrx_word' id='word_1_25' title='bbox 1319 422 1612 482; x_wconf 65' lang='lat' dir='ltr'><strong>corruptae.</strong></span> 
     </span>
    </p>
   </div>
   <div class='ocr_carea' id='block_1_6' title="bbox 622 499 2135 577">
    <p class='ocr_par' dir='ltr' id='par_1_6' title="bbox 622 499 2135 577">
     <span class='ocr_line' id='line_1_6' title="bbox 622 499 2135 577; baseline -0.007 -11"><span class='ocrx_word' id='word_1_26' title='bbox 622 513 685 567; x_wconf 84' lang='lat' dir='ltr'><strong>V.</strong></span> <span class='ocrx_word' id='word_1_27' title='bbox 720 512 845 569; x_wconf 88' lang='lat' dir='ltr'><strong>Sive</strong></span> <span class='ocrx_word' id='word_1_28' title='bbox 896 522 1029 577; x_wconf 91' lang='lat' dir='ltr'><strong>ergo</strong></span> <span class='ocrx_word' id='word_1_29' title='bbox 1076 521 1140 562; x_wconf 87' lang='lat' dir='ltr'><strong>ex</strong></span> <span class='ocrx_word' id='word_1_30' title='bbox 1181 503 1554 561; x_wconf 81' lang='lat' dir='ltr'><strong>insufﬂatione</strong></span> <span class='ocrx_word' id='word_1_31' title='bbox 1587 499 1798 557; x_wconf 85' lang='lat' dir='ltr'><strong>Domini</strong></span> <span class='ocrx_word' id='word_1_32' title='bbox 1828 511 1977 569; x_wconf 87' lang='lat' dir='ltr'><strong>sunt,</strong></span> <span class='ocrx_word' id='word_1_33' title='bbox 2019 500 2135 555; x_wconf 83' lang='lat' dir='ltr'><strong>sive</strong></span> 
     </span>
    </p>
   </div>
   <div class='ocr_carea' id='block_1_7' title="bbox 545 590 2135 671">
    <p class='ocr_par' dir='ltr' id='par_1_7' title="bbox 545 590 2135 671">
     <span class='ocr_line' id='line_1_7' title="bbox 545 590 2135 671; baseline -0.011 -9"><span class='ocrx_word' id='word_1_34' title='bbox 545 606 615 661; x_wconf 89' lang='lat' dir='ltr'><strong>ab</strong></span> <span class='ocrx_word' id='word_1_35' title='bbox 642 620 744 659; x_wconf 87' lang='lat' dir='ltr'><strong>una</strong></span> <span class='ocrx_word' id='word_1_36' title='bbox 769 603 899 671; x_wconf 82' lang='lat' dir='ltr'><strong>&#39;quae</strong></span> <span class='ocrx_word' id='word_1_37' title='bbox 923 600 1097 667; x_wconf 87' lang='lat' dir='ltr'><strong>prima</strong></span> <span class='ocrx_word' id='word_1_38' title='bbox 1131 596 1275 651; x_wconf 90' lang='lat' dir='ltr'><strong>facta</strong></span> <span class='ocrx_word' id='word_1_39' title='bbox 1308 606 1411 661; x_wconf 90' lang='lat' dir='ltr'><strong>est,</strong></span> <span class='ocrx_word' id='word_1_40' title='bbox 1442 593 1810 650; x_wconf 87' lang='lat' dir='ltr'><strong>necessarium</strong></span> <span class='ocrx_word' id='word_1_41' title='bbox 1840 600 1944 658; x_wconf 90' lang='lat' dir='ltr'><strong>est,</strong></span> <span class='ocrx_word' id='word_1_42' title='bbox 1975 590 2135 646; x_wconf 86' lang='lat' dir='ltr'><strong>simul</strong></span> 
     </span>
    </p>
   </div>
   <div class='ocr_carea' id='block_1_8' title="bbox 542 685 2132 763">
    <p class='ocr_par' dir='ltr' id='par_1_8' title="bbox 542 685 2132 763">
     <span class='ocr_line' id='line_1_8' title="bbox 542 685 2132 763; baseline -0.009 -11"><span class='ocrx_word' id='word_1_43' title='bbox 542 707 602 752; x_wconf 88' lang='lat' dir='ltr'><strong>ut</strong></span> <span class='ocrx_word' id='word_1_44' title='bbox 624 711 744 749; x_wconf 86' lang='lat' dir='ltr'><strong>cutn</strong></span> <span class='ocrx_word' id='word_1_45' title='bbox 775 691 1098 763; x_wconf 88' lang='lat' dir='ltr'><strong>corporibus</strong></span> <span class='ocrx_word' id='word_1_46' title='bbox 1129 699 1585 759; x_wconf 81' lang='lat' dir='ltr'><strong>corrumpantur,</strong></span> <span class='ocrx_word' id='word_1_47' title='bbox 1645 688 1690 741; x_wconf 90' lang='lat' dir='ltr'><strong>si</strong></span> <span class='ocrx_word' id='word_1_48' title='bbox 1733 685 1979 742; x_wconf 90' lang='lat' dir='ltr'><strong>eamdem</strong></span> <span class='ocrx_word' id='word_1_49' title='bbox 2012 700 2132 739; x_wconf 92' lang='lat' dir='ltr'><strong>cum</strong></span> 
     </span>
    </p>
   </div>
   <div class='ocr_carea' id='block_1_9' title="bbox 537 779 2137 857">
    <p class='ocr_par' dir='ltr' id='par_1_9' title="bbox 537 779 2137 857">
     <span class='ocr_line' id='line_1_9' title="bbox 537 779 2137 857; baseline -0.008 -13"><span class='ocrx_word' id='word_1_50' title='bbox 537 789 857 857; x_wconf 88' lang='lat' dir='ltr'><strong>corporibus</strong></span> <span class='ocrx_word' id='word_1_51' title='bbox 900 787 1062 841; x_wconf 89' lang='lat' dir='ltr'><strong>etiam</strong></span> <span class='ocrx_word' id='word_1_52' title='bbox 1103 785 1366 855; x_wconf 82' lang='lat' dir='ltr'><strong>originem</strong></span> <span class='ocrx_word' id='word_1_53' title='bbox 1399 790 1622 837; x_wconf 92' lang='lat' dir='ltr'><strong>sumunt</strong></span> <span class='ocrx_word' id='word_1_54' title='bbox 1652 779 1949 836; x_wconf 91' lang='lat' dir='ltr'><strong>secundum</strong></span> <span class='ocrx_word' id='word_1_55' title='bbox 1989 779 2137 849; x_wconf 88' lang='lat' dir='ltr'><strong>ipso-</strong></span> 
     </span>
    </p>
   </div>
   <div class='ocr_carea' id='block_1_10' title="bbox 541 872 2138 938">
    <p class='ocr_par' dir='ltr' id='par_1_10' title="bbox 541 872 2138 938">
     <span class='ocr_line' id='line_1_10' title="bbox 541 872 2138 938; baseline -0.008 0"><span class='ocrx_word' id='word_1_56' title='bbox 541 897 664 938; x_wconf 83' lang='lat' dir='ltr'><strong>rum</strong></span> <span class='ocrx_word' id='word_1_57' title='bbox 681 881 968 936; x_wconf 90' lang='lat' dir='ltr'><strong>rationem.</strong></span> <span class='ocrx_word' id='word_1_58' title='bbox 1013 879 1121 933; x_wconf 83' lang='lat' dir='ltr'><strong>Ant</strong></span> <span class='ocrx_word' id='word_1_59' title='bbox 1146 878 1288 933; x_wconf 87' lang='lat' dir='ltr'><strong>enim</strong></span> <span class='ocrx_word' id='word_1_60' title='bbox 1322 876 1453 931; x_wconf 85' lang='lat' dir='ltr'><strong>nihil</strong></span> <span class='ocrx_word' id='word_1_61' title='bbox 1482 876 1705 930; x_wconf 86' lang='lat' dir='ltr'><strong>omnino</strong></span> <span class='ocrx_word' id='word_1_62' title='bbox 1726 890 1795 929; x_wconf 91' lang='lat' dir='ltr'><strong>ex</strong></span> <span class='ocrx_word' id='word_1_63' title='bbox 1827 872 2138 929; x_wconf 80' lang='lat' dir='ltr'><strong>rationabili</strong></span> 
     </span>
    </p>
   </div>
   <div class='ocr_carea' id='block_1_11' title="bbox 540 963 2139 1043">
    <p class='ocr_par' dir='ltr' id='par_1_11' title="bbox 540 963 2139 1043">
     <span class='ocr_line' id='line_1_11' title="bbox 540 963 2139 1043; baseline -0.005 -15"><span class='ocrx_word' id='word_1_64' title='bbox 540 983 703 1043; x_wconf 88' lang='lat' dir='ltr'><strong>atque</strong></span> <span class='ocrx_word' id='word_1_65' title='bbox 735 970 1029 1026; x_wconf 84' lang='lat' dir='ltr'><strong>immortali</strong></span> <span class='ocrx_word' id='word_1_66' title='bbox 1055 970 1233 1024; x_wconf 85' lang='lat' dir='ltr'><strong>anima</strong></span> <span class='ocrx_word' id='word_1_67' title='bbox 1264 967 1612 1039; x_wconf 90' lang='lat' dir='ltr'><strong>participavit</strong></span> <span class='ocrx_word' id='word_1_68' title='bbox 1638 966 1768 1021; x_wconf 89' lang='lat' dir='ltr'><strong>illud</strong></span> <span class='ocrx_word' id='word_1_69' title='bbox 1795 964 1937 1036; x_wconf 90' lang='lat' dir='ltr'><strong>quod</strong></span> <span class='ocrx_word' id='word_1_70' title='bbox 1962 963 2139 1020; x_wconf 88' lang='lat' dir='ltr'><strong>adhuc</strong></span> 
     </span>
    </p>
   </div>
   <div class='ocr_carea' id='block_1_12' title="bbox 540 1058 2136 1135">
    <p class='ocr_par' dir='ltr' id='par_1_12' title="bbox 540 1058 2136 1135">
     <span class='ocr_line' id='line_1_12' title="bbox 540 1058 2136 1135; baseline -0.008 -12"><span class='ocrx_word' id='word_1_71' title='bbox 540 1069 594 1123; x_wconf 84' lang='lat' dir='ltr'><strong>in</strong></span> <span class='ocrx_word' id='word_1_72' title='bbox 629 1076 817 1123; x_wconf 82' lang='lat' dir='ltr'><strong>ventre</strong></span> <span class='ocrx_word' id='word_1_73' title='bbox 843 1074 1163 1135; x_wconf 89' lang='lat' dir='ltr'><strong>corruptum</strong></span> <span class='ocrx_word' id='word_1_74' title='bbox 1215 1073 1328 1118; x_wconf 85' lang='lat' dir='ltr'><strong>cst:</strong></span> <span class='ocrx_word' id='word_1_75' title='bbox 1379 1071 1435 1117; x_wconf 94' lang='lat' dir='ltr'><strong>ct</strong></span> <span class='ocrx_word' id='word_1_76' title='bbox 1468 1061 1682 1131; x_wconf 90' lang='lat' dir='ltr'><strong>repulsa</strong></span> <span class='ocrx_word' id='word_1_77' title='bbox 1720 1071 1805 1115; x_wconf 89' lang='lat' dir='ltr'><strong>est</strong></span> <span class='ocrx_word' id='word_1_78' title='bbox 1834 1060 1925 1113; x_wconf 91' lang='lat' dir='ltr'><strong>illa</strong></span> <span class='ocrx_word' id='word_1_79' title='bbox 1975 1058 2136 1122; x_wconf 90' lang='lat' dir='ltr'><strong>ratio,</strong></span> 
     </span>
    </p>
   </div>
   <div class='ocr_carea' id='block_1_13' title="bbox 542 1150 2138 1232">
    <p class='ocr_par' dir='ltr' id='par_1_13' title="bbox 542 1150 2138 1232">
     <span class='ocr_line' id='line_1_13' title="bbox 542 1150 2138 1232; baseline -0.008 -18"><span class='ocrx_word' id='word_1_80' title='bbox 542 1175 662 1232; x_wconf 73' lang='lat' dir='ltr'><strong>qua:</strong></span> <span class='ocrx_word' id='word_1_81' title='bbox 710 1158 947 1213; x_wconf 90' lang='lat' dir='ltr'><strong>afﬁrmat</strong></span> <span class='ocrx_word' id='word_1_82' title='bbox 973 1172 1091 1212; x_wconf 89' lang='lat' dir='ltr'><strong>cam</strong></span> <span class='ocrx_word' id='word_1_83' title='bbox 1124 1157 1177 1211; x_wconf 94' lang='lat' dir='ltr'><strong>in</strong></span> <span class='ocrx_word' id='word_1_84' title='bbox 1209 1155 1434 1211; x_wconf 91' lang='lat' dir='ltr'><strong>seminis</strong></span> <span class='ocrx_word' id='word_1_85' title='bbox 1485 1152 1775 1208; x_wconf 83' lang='lat' dir='ltr'><strong>traducere</strong></span> <span class='ocrx_word' id='word_1_86' title='bbox 1802 1150 1964 1206; x_wconf 89' lang='lat' dir='ltr'><strong>simul</strong></span> <span class='ocrx_word' id='word_1_87' title='bbox 2012 1165 2138 1204; x_wconf 90' lang='lat' dir='ltr'><strong>cum</strong></span> 
     </span>
    </p>
   </div>
   <div class='ocr_carea' id='block_1_14' title="bbox 544 1243 2142 1325">
    <p class='ocr_par' dir='ltr' id='par_1_14' title="bbox 544 1243 2142 1325">
     <span class='ocr_line' id='line_1_14' title="bbox 544 1243 2142 1325; baseline -0.008 -15"><span class='ocrx_word' id='word_1_88' title='bbox 544 1252 867 1325; x_wconf 87' lang='lat' dir='ltr'><strong>corporibus</strong></span> <span class='ocrx_word' id='word_1_89' title='bbox 896 1251 1222 1307; x_wconf 89' lang='lat' dir='ltr'><strong>seminatam</strong></span> <span class='ocrx_word' id='word_1_90' title='bbox 1264 1268 1276 1302; x_wconf 93' lang='lat'><strong>:</strong></span> <span class='ocrx_word' id='word_1_91' title='bbox 1309 1256 1401 1302; x_wconf 91' lang='lat' dir='ltr'><strong>aut</strong></span> <span class='ocrx_word' id='word_1_92' title='bbox 1428 1247 1471 1301; x_wconf 91' lang='lat' dir='ltr'><strong>si</strong></span> <span class='ocrx_word' id='word_1_93' title='bbox 1503 1246 1810 1318; x_wconf 89' lang='lat' dir='ltr'><strong>participat,</strong></span> <span class='ocrx_word' id='word_1_94' title='bbox 1844 1243 2142 1299; x_wconf 87' lang='lat' dir='ltr'><strong>necessitas</strong></span> 
     </span>
    </p>
   </div>
   <div class='ocr_carea' id='block_1_15' title="bbox 547 1333 2142 1406">
    <p class='ocr_par' dir='ltr' id='par_1_15' title="bbox 547 1333 2142 1406">
     <span class='ocr_line' id='line_1_15' title="bbox 547 1333 2142 1406; baseline -0.009 -5"><span class='ocrx_word' id='word_1_95' title='bbox 547 1346 798 1401; x_wconf 85' lang='lat' dir='ltr'><strong>imminet</strong></span> <span class='ocrx_word' id='word_1_96' title='bbox 818 1342 1065 1399; x_wconf 91' lang='lat' dir='ltr'><strong>conﬁteri</strong></span> <span class='ocrx_word' id='word_1_97' title='bbox 1090 1340 1377 1395; x_wconf 85' lang='lat' dir='ltr'><strong>mortalem</strong></span> <span class='ocrx_word' id='word_1_98' title='bbox 1404 1353 1525 1393; x_wconf 90' lang='lat' dir='ltr'><strong>esse</strong></span> <span class='ocrx_word' id='word_1_99' title='bbox 1554 1337 1811 1402; x_wconf 92' lang='lat' dir='ltr'><strong>animam,</strong></span> <span class='ocrx_word' id='word_1_100' title='bbox 1835 1334 1977 1406; x_wconf 90' lang='lat' dir='ltr'><strong>quod</strong></span> <span class='ocrx_word' id='word_1_101' title='bbox 2011 1333 2142 1388; x_wconf 90' lang='lat' dir='ltr'><strong>ﬁdes</strong></span> 
     </span>
    </p>
   </div>
   <div class='ocr_carea' id='block_1_16' title="bbox 550 1408 2144 1507">
    <p class='ocr_par' dir='ltr' id='par_1_16' title="bbox 550 1408 2144 1507">
     <span class='ocr_line' id='line_1_16' title="bbox 550 1408 2144 1507; baseline -0.009 -12"><span class='ocrx_word' id='word_1_102' title='bbox 550 1450 738 1495; x_wconf 88' lang='lat' dir='ltr'><strong>nostra</strong></span> <span class='ocrx_word' id='word_1_103' title='bbox 763 1437 949 1507; x_wconf 89' lang='lat' dir='ltr'><strong>utique</strong></span> <span class='ocrx_word' id='word_1_104' title='bbox 997 1451 1102 1489; x_wconf 92' lang='lat' dir='ltr'><strong>non</strong></span> <span class='ocrx_word' id='word_1_105' title='bbox 1147 1408 1342 1503; x_wconf 60' lang='lat' dir='ltr'><strong>recipit</strong></span> <span class='ocrx_word' id='word_1_106' title='bbox 1372 1475 1385 1499; x_wconf 93' lang='lat'><strong>,</strong></span> <span class='ocrx_word' id='word_1_107' title='bbox 1416 1430 1650 1486; x_wconf 92' lang='lat' dir='ltr'><strong>Domino</strong></span> <span class='ocrx_word' id='word_1_108' title='bbox 1680 1428 2011 1493; x_wconf 89' lang='lat' dir='ltr'><strong>declarante,</strong></span> <span class='ocrx_word' id='word_1_109' title='bbox 2048 1425 2144 1481; x_wconf 86' lang='lat' dir='ltr'><strong>de-</strong></span> 
     </span>
    </p>
   </div>
   <div class='ocr_carea' id='block_1_17' title="bbox 552 1522 2145 1596">
    <p class='ocr_par' dir='ltr' id='par_1_17' title="bbox 552 1522 2145 1596">
     <span class='ocr_line' id='line_1_17' title="bbox 552 1522 2145 1596; baseline -0.006 -11"><span class='ocrx_word' id='word_1_110' title='bbox 552 1532 860 1586; x_wconf 92' lang='lat' dir='ltr'><strong>functorum</strong></span> <span class='ocrx_word' id='word_1_111' title='bbox 891 1530 1101 1583; x_wconf 88' lang='lat' dir='ltr'><strong>animas</strong></span> <span class='ocrx_word' id='word_1_112' title='bbox 1131 1537 1184 1582; x_wconf 90' lang='lat' dir='ltr'><strong>et</strong></span> <span class='ocrx_word' id='word_1_113' title='bbox 1214 1526 1547 1596; x_wconf 72' lang='lat' dir='ltr'><strong>colloquium</strong></span> <span class='ocrx_word' id='word_1_114' title='bbox 1603 1524 1744 1595; x_wconf 91' lang='lat' dir='ltr'><strong>apud</strong></span> <span class='ocrx_word' id='word_1_115' title='bbox 1794 1522 1997 1579; x_wconf 86' lang='lat' dir='ltr'><strong>inferos</strong></span> <span class='ocrx_word' id='word_1_116' title='bbox 2050 1522 2145 1576; x_wconf 91' lang='lat' dir='ltr'><strong>ba-</strong></span> 
     </span>
    </p>
   </div>
   <div class='ocr_carea' id='block_1_18' title="bbox 554 1617 2145 1688">
    <p class='ocr_par' dir='ltr' id='par_1_18' title="bbox 554 1617 2145 1688">
     <span class='ocr_line' id='line_1_18' title="bbox 554 1617 2145 1688; baseline -0.004 -11"><span class='ocrx_word' id='word_1_117' title='bbox 554 1622 768 1688; x_wconf 88' lang='lat' dir='ltr'><strong>buisse,</strong></span> <span class='ocrx_word' id='word_1_118' title='bbox 801 1631 854 1676; x_wconf 90' lang='lat' dir='ltr'><strong>et</strong></span> <span class='ocrx_word' id='word_1_119' title='bbox 881 1620 1074 1676; x_wconf 88' lang='lat' dir='ltr'><strong>Lazari</strong></span> <span class='ocrx_word' id='word_1_120' title='bbox 1108 1620 1313 1676; x_wconf 85' lang='lat' dir='ltr'><strong>scilicet</strong></span> <span class='ocrx_word' id='word_1_121' title='bbox 1343 1620 1395 1674; x_wconf 94' lang='lat' dir='ltr'><strong>in</strong></span> <span class='ocrx_word' id='word_1_122' title='bbox 1428 1620 1707 1675; x_wconf 89' lang='lat' dir='ltr'><strong>beatorum</strong></span> <span class='ocrx_word' id='word_1_123' title='bbox 1736 1617 1959 1674; x_wconf 90' lang='lat' dir='ltr'><strong>sedibus</strong></span> <span class='ocrx_word' id='word_1_124' title='bbox 1981 1631 2145 1672; x_wconf 78' lang='lat' dir='ltr'><strong>ovan-</strong></span> 
     </span>
    </p>
   </div>
   <div class='ocr_carea' id='block_1_19' title="bbox 552 1713 1751 1785">
    <p class='ocr_par' dir='ltr' id='par_1_19' title="bbox 552 1713 1751 1785">
     <span class='ocr_line' id='line_1_19' title="bbox 552 1713 1751 1785; baseline -0.003 -14"><span class='ocrx_word' id='word_1_125' title='bbox 552 1723 687 1781; x_wconf 83' lang='lat' dir='ltr'><strong>tem,</strong></span> <span class='ocrx_word' id='word_1_126' title='bbox 722 1724 775 1770; x_wconf 92' lang='lat' dir='ltr'><strong>et</strong></span> <span class='ocrx_word' id='word_1_127' title='bbox 804 1714 992 1770; x_wconf 84' lang='lat' dir='ltr'><strong>divitis</strong></span> <span class='ocrx_word' id='word_1_128' title='bbox 1022 1714 1342 1785; x_wconf 82' lang='lat' dir='ltr'><strong>ﬂagrantem</strong></span> <span class='ocrx_word' id='word_1_129' title='bbox 1378 1714 1427 1768; x_wconf 93' lang='lat' dir='ltr'><strong>in</strong></span> <span class='ocrx_word' id='word_1_130' title='bbox 1460 1713 1751 1769; x_wconf 89' lang='lat' dir='ltr'><strong>incendiis.</strong></span> 
     </span>
    </p>
   </div>
   <div class='ocr_carea' id='block_1_20' title="bbox 630 1805 2144 1876">
    <p class='ocr_par' dir='ltr' id='par_1_20' title="bbox 630 1805 2144 1876">
     <span class='ocr_line' id='line_1_20' title="bbox 630 1805 2144 1876; baseline -0.001 -15"><span class='ocrx_word' id='word_1_131' title='bbox 630 1807 717 1861; x_wconf 81' lang='lat' dir='ltr'><strong>Vl.</strong></span> <span class='ocrx_word' id='word_1_132' title='bbox 749 1805 886 1862; x_wconf 85' lang='lat' dir='ltr'><strong>Esse</strong></span> <span class='ocrx_word' id='word_1_133' title='bbox 913 1822 1143 1876; x_wconf 84' lang='lat' dir='ltr'><strong>namque</strong></span> <span class='ocrx_word' id='word_1_134' title='bbox 1172 1808 1379 1861; x_wconf 89' lang='lat' dir='ltr'><strong>animas</strong></span> <span class='ocrx_word' id='word_1_135' title='bbox 1413 1806 1771 1871; x_wconf 88' lang='lat' dir='ltr'><strong>immortales,</strong></span> <span class='ocrx_word' id='word_1_136' title='bbox 1804 1818 1909 1859; x_wconf 90' lang='lat' dir='ltr'><strong>non</strong></span> <span class='ocrx_word' id='word_1_137' title='bbox 1940 1813 2144 1859; x_wconf 92' lang='lat' dir='ltr'><strong>tantum</strong></span> 
     </span>
    </p>
   </div>
   <div class='ocr_carea' id='block_1_21' title="bbox 554 1896 2145 1971">
    <p class='ocr_par' dir='ltr' id='par_1_21' title="bbox 554 1896 2145 1971">
     <span class='ocr_line' id='line_1_21' title="bbox 554 1896 2145 1971; baseline -0.004 -14"><span class='ocrx_word' id='word_1_138' title='bbox 554 1900 747 1967; x_wconf 85' lang='lat' dir='ltr'><strong>divini,</strong></span> <span class='ocrx_word' id='word_1_139' title='bbox 776 1899 869 1956; x_wconf 88' lang='lat' dir='ltr'><strong>sed</strong></span> <span class='ocrx_word' id='word_1_140' title='bbox 901 1910 953 1954; x_wconf 93' lang='lat' dir='ltr'><strong>et</strong></span> <span class='ocrx_word' id='word_1_141' title='bbox 998 1898 1446 1971; x_wconf 80' lang='lat' dir='ltr'><strong>phil050phorum</strong></span> <span class='ocrx_word' id='word_1_142' title='bbox 1476 1897 1621 1967; x_wconf 87' lang='lat' dir='ltr'><strong>pleni</strong></span> <span class='ocrx_word' id='word_1_143' title='bbox 1664 1907 1791 1952; x_wconf 90' lang='lat' dir='ltr'><strong>sunt</strong></span> <span class='ocrx_word' id='word_1_144' title='bbox 1820 1896 1962 1952; x_wconf 90' lang='lat' dir='ltr'><strong>libri.</strong></span> <span class='ocrx_word' id='word_1_145' title='bbox 1995 1897 2145 1964; x_wconf 86' lang='lat' dir='ltr'><strong>Quod</strong></span> 
     </span>
    </p>
   </div>
   <div class='ocr_carea' id='block_1_22' title="bbox 554 1989 2149 2049">
    <p class='ocr_par' dir='ltr' id='par_1_22' title="bbox 554 1989 2149 2049">
     <span class='ocr_line' id='line_1_22' title="bbox 554 1989 2149 2049; baseline -0.003 -1"><span class='ocrx_word' id='word_1_146' title='bbox 554 1994 731 2049; x_wconf 87' lang='lat' dir='ltr'><strong>taliter</strong></span> <span class='ocrx_word' id='word_1_147' title='bbox 760 2007 883 2047; x_wconf 90' lang='lat' dir='ltr'><strong>esse</strong></span> <span class='ocrx_word' id='word_1_148' title='bbox 914 1990 1317 2045; x_wconf 78' lang='lat' dir='ltr'><strong>Cleombrotius</strong></span> <span class='ocrx_word' id='word_1_149' title='bbox 1346 1989 1701 2045; x_wconf 85' lang='lat' dir='ltr'><strong>Ambraciota</strong></span> <span class='ocrx_word' id='word_1_150' title='bbox 1736 1989 1788 2043; x_wconf 93' lang='lat' dir='ltr'><strong>in</strong></span> <span class='ocrx_word' id='word_1_151' title='bbox 1818 1989 2056 2044; x_wconf 87' lang='lat' dir='ltr'><strong>Platonis</strong></span> <span class='ocrx_word' id='word_1_152' title='bbox 2085 1990 2149 2043; x_wconf 87' lang='lat' dir='ltr'><strong>li-</strong></span> 
     </span>
    </p>
   </div>
   <div class='ocr_carea' id='block_1_23' title="bbox 554 2081 2145 2153">
    <p class='ocr_par' dir='ltr' id='par_1_23' title="bbox 554 2081 2145 2153">
     <span class='ocr_line' id='line_1_23' title="bbox 554 2081 2145 2153; baseline -0.003 -12"><span class='ocrx_word' id='word_1_153' title='bbox 554 2088 653 2141; x_wconf 89' lang='lat' dir='ltr'><strong>bro</strong></span> <span class='ocrx_word' id='word_1_154' title='bbox 680 2127 695 2151; x_wconf 95' lang='lat'><strong>,</strong></span> <span class='ocrx_word' id='word_1_155' title='bbox 750 2084 973 2140; x_wconf 88' lang='lat' dir='ltr'><strong>Socrate</strong></span> <span class='ocrx_word' id='word_1_156' title='bbox 1020 2082 1367 2153; x_wconf 88' lang='lat' dir='ltr'><strong>disputante,</strong></span> <span class='ocrx_word' id='word_1_157' title='bbox 1402 2083 1669 2137; x_wconf 88' lang='lat' dir='ltr'><strong>didicerat</strong></span> <span class='ocrx_word' id='word_1_158' title='bbox 1700 2101 1711 2135; x_wconf 92' lang='lat'><strong>:</strong></span> <span class='ocrx_word' id='word_1_159' title='bbox 1747 2082 1837 2152; x_wconf 87' lang='lat' dir='ltr'><strong>qui</strong></span> <span class='ocrx_word' id='word_1_160' title='bbox 1877 2081 2145 2137; x_wconf 86' lang='lat' dir='ltr'><strong>homicida</strong></span> 
     </span>
    </p>
   </div>
   <div class='ocr_carea' id='block_1_24' title="bbox 551 2172 2149 2244">
    <p class='ocr_par' dir='ltr' id='par_1_24' title="bbox 551 2172 2149 2244">
     <span class='ocr_line' id='line_1_24' title="bbox 551 2172 2149 2244; baseline -0.003 -13"><span class='ocrx_word' id='word_1_161' title='bbox 551 2176 654 2231; x_wconf 84' lang='lat' dir='ltr'><strong>sibi</strong></span> <span class='ocrx_word' id='word_1_162' title='bbox 676 2190 797 2231; x_wconf 90' lang='lat' dir='ltr'><strong>esse</strong></span> <span class='ocrx_word' id='word_1_163' title='bbox 826 2191 935 2230; x_wconf 92' lang='lat' dir='ltr'><strong>non</strong></span> <span class='ocrx_word' id='word_1_164' title='bbox 965 2175 1167 2241; x_wconf 89' lang='lat' dir='ltr'><strong>timuit,</strong></span> <span class='ocrx_word' id='word_1_165' title='bbox 1198 2190 1261 2229; x_wconf 89' lang='lat' dir='ltr'><strong>ac</strong></span> <span class='ocrx_word' id='word_1_166' title='bbox 1304 2189 1363 2229; x_wconf 91' lang='lat' dir='ltr'><strong>se</strong></span> <span class='ocrx_word' id='word_1_167' title='bbox 1390 2174 1459 2228; x_wconf 90' lang='lat' dir='ltr'><strong>de</strong></span> <span class='ocrx_word' id='word_1_168' title='bbox 1489 2173 1761 2228; x_wconf 80' lang='lat' dir='ltr'><strong>altissimo</strong></span> <span class='ocrx_word' id='word_1_169' title='bbox 1794 2172 2149 2244; x_wconf 71' lang='lat' dir='ltr'><strong>prtectpitavit</strong></span> 
     </span>
    </p>
   </div>
   <div class='ocr_carea' id='block_1_25' title="bbox 554 2267 2147 2336">
    <p class='ocr_par' dir='ltr' id='par_1_25' title="bbox 554 2267 2147 2336">
     <span class='ocr_line' id='line_1_25' title="bbox 554 2267 2147 2336; baseline -0.003 -11"><span class='ocrx_word' id='word_1_170' title='bbox 554 2286 732 2336; x_wconf 88' lang='lat' dir='ltr'><strong>muro,</strong></span> <span class='ocrx_word' id='word_1_171' title='bbox 766 2268 895 2324; x_wconf 92' lang='lat' dir='ltr'><strong>dum</strong></span> <span class='ocrx_word' id='word_1_172' title='bbox 920 2278 974 2323; x_wconf 93' lang='lat' dir='ltr'><strong>et</strong></span> <span class='ocrx_word' id='word_1_173' title='bbox 1000 2267 1204 2322; x_wconf 91' lang='lat' dir='ltr'><strong>nullum</strong></span> <span class='ocrx_word' id='word_1_174' title='bbox 1241 2277 1361 2335; x_wconf 87' lang='lat' dir='ltr'><strong>post</strong></span> <span class='ocrx_word' id='word_1_175' title='bbox 1396 2276 1629 2322; x_wconf 90' lang='lat' dir='ltr'><strong>mortem</strong></span> <span class='ocrx_word' id='word_1_176' title='bbox 1665 2274 1909 2320; x_wconf 90' lang='lat' dir='ltr'><strong>autumat</strong></span> <span class='ocrx_word' id='word_1_177' title='bbox 1938 2274 2147 2320; x_wconf 90' lang='lat' dir='ltr'><strong>restare</strong></span> 
     </span>
    </p>
   </div>
   <div class='ocr_carea' id='block_1_26' title="bbox 550 2359 2143 2435">
    <p class='ocr_par' dir='ltr' id='par_1_26' title="bbox 550 2359 2143 2435">
     <span class='ocr_line' id='line_1_26' title="bbox 550 2359 2143 2435; baseline -0.004 -17"><span class='ocrx_word' id='word_1_178' title='bbox 550 2364 813 2435; x_wconf 88' lang='lat' dir='ltr'><strong>judicium</strong></span> <span class='ocrx_word' id='word_1_179' title='bbox 844 2404 859 2429; x_wconf 95' lang='lat'><strong>,</strong></span> <span class='ocrx_word' id='word_1_180' title='bbox 916 2371 971 2417; x_wconf 89' lang='lat' dir='ltr'><strong>et</strong></span> <span class='ocrx_word' id='word_1_181' title='bbox 1038 2360 1157 2416; x_wconf 92' lang='lat' dir='ltr'><strong>sine</strong></span> <span class='ocrx_word' id='word_1_182' title='bbox 1199 2360 1517 2416; x_wconf 90' lang='lat' dir='ltr'><strong>discrimine</strong></span> <span class='ocrx_word' id='word_1_183' title='bbox 1567 2359 1748 2429; x_wconf 88' lang='lat' dir='ltr'><strong>aliquo</strong></span> <span class='ocrx_word' id='word_1_184' title='bbox 1800 2359 2143 2423; x_wconf 89' lang='lat' dir='ltr'><strong>meritorum,</strong></span> 
     </span>
    </p>
   </div>
   <div class='ocr_carea' id='block_1_27' title="bbox 553 2449 2149 2524">
    <p class='ocr_par' dir='ltr' id='par_1_27' title="bbox 553 2449 2149 2524">
     <span class='ocr_line' id='line_1_27' title="bbox 553 2449 2149 2524; baseline -0.006 -11"><span class='ocrx_word' id='word_1_185' title='bbox 553 2470 747 2513; x_wconf 91' lang='lat' dir='ltr'><strong>omnes</strong></span> <span class='ocrx_word' id='word_1_186' title='bbox 774 2455 984 2510; x_wconf 91' lang='lat' dir='ltr'><strong>animas</strong></span> <span class='ocrx_word' id='word_1_187' title='bbox 1014 2463 1380 2524; x_wconf 88' lang='lat' dir='ltr'><strong>postcorpora</strong></span> <span class='ocrx_word' id='word_1_188' title='bbox 1406 2449 1827 2522; x_wconf 79' lang='lat' dir='ltr'><strong>:equaliterferri</strong></span> <span class='ocrx_word' id='word_1_189' title='bbox 1854 2449 2149 2504; x_wconf 86' lang='lat' dir='ltr'><strong>arbitratur</strong></span> 
     </span>
    </p>
   </div>
   <div class='ocr_carea' id='block_1_28' title="bbox 554 2540 2148 2614">
    <p class='ocr_par' dir='ltr' id='par_1_28' title="bbox 554 2540 2148 2614">
     <span class='ocr_line' id='line_1_28' title="bbox 554 2540 2148 2614; baseline -0.006 -12"><span class='ocrx_word' id='word_1_190' title='bbox 554 2547 621 2603; x_wconf 87' lang='lat' dir='ltr'><strong>ad</strong></span> <span class='ocrx_word' id='word_1_191' title='bbox 650 2547 869 2604; x_wconf 59' lang='lat' dir='ltr'><strong>caelum.</strong></span> <span class='ocrx_word' id='word_1_192' title='bbox 893 2545 1048 2613; x_wconf 83' lang='lat' dir='ltr'><strong>Quod</strong></span> <span class='ocrx_word' id='word_1_193' title='bbox 1071 2543 1208 2599; x_wconf 85' lang='lat' dir='ltr'><strong>adeo</strong></span> <span class='ocrx_word' id='word_1_194' title='bbox 1242 2560 1337 2614; x_wconf 91' lang='lat' dir='ltr'><strong>pro</strong></span> <span class='ocrx_word' id='word_1_195' title='bbox 1360 2558 1490 2598; x_wconf 88' lang='lat' dir='ltr'><strong>vero</strong></span> <span class='ocrx_word' id='word_1_196' title='bbox 1516 2551 1826 2607; x_wconf 85' lang='lat' dir='ltr'><strong>tenuerunt,</strong></span> <span class='ocrx_word' id='word_1_197' title='bbox 1847 2549 1901 2596; x_wconf 93' lang='lat' dir='ltr'><strong>ct</strong></span> <span class='ocrx_word' id='word_1_198' title='bbox 1922 2541 1997 2595; x_wconf 91' lang='lat' dir='ltr'><strong>sic</strong></span> <span class='ocrx_word' id='word_1_199' title='bbox 2024 2540 2148 2594; x_wconf 89' lang='lat' dir='ltr'><strong>illos</strong></span> 
     </span>
    </p>
   </div>
   <div class='ocr_carea' id='block_1_29' title="bbox 558 2631 2149 2707">
    <p class='ocr_par' dir='ltr' id='par_1_29' title="bbox 558 2631 2149 2707">
     <span class='ocr_line' id='line_1_29' title="bbox 558 2631 2149 2707; baseline -0.006 -12"><span class='ocrx_word' id='word_1_200' title='bbox 558 2655 747 2695; x_wconf 90' lang='lat' dir='ltr'><strong>omnes</strong></span> <span class='ocrx_word' id='word_1_201' title='bbox 792 2638 979 2694; x_wconf 65' lang='lat' dir='ltr'><strong>surculi</strong></span> <span class='ocrx_word' id='word_1_202' title='bbox 1034 2637 1313 2707; x_wconf 79' lang='lat' dir='ltr'><strong>sapientes</strong></span> <span class='ocrx_word' id='word_1_203' title='bbox 1371 2651 1475 2691; x_wconf 92' lang='lat' dir='ltr'><strong>una</strong></span> <span class='ocrx_word' id='word_1_204' title='bbox 1521 2635 1720 2690; x_wconf 89' lang='lat' dir='ltr'><strong>nebula</strong></span> <span class='ocrx_word' id='word_1_205' title='bbox 1765 2634 1923 2702; x_wconf 82' lang='lat' dir='ltr'><strong>hujus</strong></span> <span class='ocrx_word' id='word_1_206' title='bbox 1944 2631 2149 2688; x_wconf 90' lang='lat' dir='ltr'><strong>erroris</strong></span> 
     </span>
    </p>
   </div>
   <div class='ocr_carea' id='block_1_30' title="bbox 554 2724 2149 2801">
    <p class='ocr_par' dir='ltr' id='par_1_30' title="bbox 554 2724 2149 2801">
     <span class='ocr_line' id='line_1_30' title="bbox 554 2724 2149 2801; baseline -0.004 -16"><span class='ocrx_word' id='word_1_207' title='bbox 554 2729 816 2786; x_wconf 85' lang='lat' dir='ltr'><strong>involvit:</strong></span> <span class='ocrx_word' id='word_1_208' title='bbox 846 2739 905 2783; x_wconf 92' lang='lat' dir='ltr'><strong>ut</strong></span> <span class='ocrx_word' id='word_1_209' title='bbox 927 2739 979 2784; x_wconf 92' lang='lat' dir='ltr'><strong>et</strong></span> <span class='ocrx_word' id='word_1_210' title='bbox 1012 2730 1133 2801; x_wconf 70' lang='lat' dir='ltr'><strong>ipse</strong></span> <span class='ocrx_word' id='word_1_211' title='bbox 1164 2736 1272 2782; x_wconf 87' lang='lat' dir='ltr'><strong>tam</strong></span> <span class='ocrx_word' id='word_1_212' title='bbox 1300 2727 1687 2794; x_wconf 86' lang='lat' dir='ltr'><strong>laudabilis,ut</strong></span> <span class='ocrx_word' id='word_1_213' title='bbox 1713 2733 1924 2795; x_wconf 90' lang='lat' dir='ltr'><strong>ptttant,</strong></span> <span class='ocrx_word' id='word_1_214' title='bbox 1959 2724 2149 2779; x_wconf 89' lang='lat' dir='ltr'><strong>doctor</strong></span> 
     </span>
    </p>
   </div>
   <div class='ocr_carea' id='block_1_31' title="bbox 554 2819 2145 2893">
    <p class='ocr_par' dir='ltr' id='par_1_31' title="bbox 554 2819 2145 2893">
     <span class='ocr_line' id='line_1_31' title="bbox 554 2819 2145 2893; baseline -0.005 -13"><span class='ocrx_word' id='word_1_215' title='bbox 554 2823 861 2889; x_wconf 63' lang='lat' dir='ltr'><strong>homicidas,</strong></span> <span class='ocrx_word' id='word_1_216' title='bbox 889 2824 1064 2893; x_wconf 90' lang='lat' dir='ltr'><strong>ipsum</strong></span> <span class='ocrx_word' id='word_1_217' title='bbox 1093 2838 1152 2878; x_wconf 91' lang='lat' dir='ltr'><strong>se</strong></span> <span class='ocrx_word' id='word_1_218' title='bbox 1176 2823 1426 2893; x_wconf 82' lang='lat' dir='ltr'><strong>privatim</strong></span> <span class='ocrx_word' id='word_1_219' title='bbox 1449 2838 1516 2877; x_wconf 91' lang='lat' dir='ltr'><strong>ne</strong></span> <span class='ocrx_word' id='word_1_220' title='bbox 1541 2820 1753 2891; x_wconf 89' lang='lat' dir='ltr'><strong>publice</strong></span> <span class='ocrx_word' id='word_1_221' title='bbox 1781 2819 2145 2883; x_wconf 87' lang='lat' dir='ltr'><strong>occideretur,</strong></span> 
     </span>
    </p>
   </div>
   <div class='ocr_carea' id='block_1_32' title="bbox 554 2909 2149 2985">
    <p class='ocr_par' dir='ltr' id='par_1_32' title="bbox 554 2909 2149 2985">
     <span class='ocr_line' id='line_1_32' title="bbox 554 2909 2149 2985; baseline -0.006 -13"><span class='ocrx_word' id='word_1_222' title='bbox 554 2916 835 2972; x_wconf 82' lang='lat' dir='ltr'><strong>ocriderit.</strong></span> <span class='ocrx_word' id='word_1_223' title='bbox 896 2914 986 2970; x_wconf 90' lang='lat' dir='ltr'><strong>Sic</strong></span> <span class='ocrx_word' id='word_1_224' title='bbox 1025 2930 1237 2985; x_wconf 86' lang='lat' dir='ltr'><strong>quoque</strong></span> <span class='ocrx_word' id='word_1_225' title='bbox 1267 2914 1425 2979; x_wconf 85' lang='lat' dir='ltr'><strong>Cato,</strong></span> <span class='ocrx_word' id='word_1_226' title='bbox 1471 2912 1612 2967; x_wconf 91' lang='lat' dir='ltr'><strong>lecto</strong></span> <span class='ocrx_word' id='word_1_227' title='bbox 1668 2912 1720 2965; x_wconf 93' lang='lat' dir='ltr'><strong>in</strong></span> <span class='ocrx_word' id='word_1_228' title='bbox 1767 2919 1925 2966; x_wconf 87' lang='lat' dir='ltr'><strong>nocte</strong></span> <span class='ocrx_word' id='word_1_229' title='bbox 1975 2909 2040 2963; x_wconf 90' lang='lat' dir='ltr'><strong>ad</strong></span> <span class='ocrx_word' id='word_1_230' title='bbox 2074 2909 2149 2963; x_wconf 94' lang='lat' dir='ltr'><strong>lu-</strong></span> 
     </span>
    </p>
   </div>
   <div class='ocr_carea' id='block_1_33' title="bbox 552 3002 2145 3076">
    <p class='ocr_par' dir='ltr' id='par_1_33' title="bbox 552 3002 2145 3076">
     <span class='ocr_line' id='line_1_33' title="bbox 552 3002 2145 3076; baseline -0.007 -11"><span class='ocrx_word' id='word_1_231' title='bbox 552 3022 747 3064; x_wconf 88' lang='lat' dir='ltr'><strong>cernas</strong></span> <span class='ocrx_word' id='word_1_232' title='bbox 783 3006 1023 3061; x_wconf 88' lang='lat' dir='ltr'><strong>Platonis</strong></span> <span class='ocrx_word' id='word_1_233' title='bbox 1070 3007 1236 3072; x_wconf 91' lang='lat' dir='ltr'><strong>libro,</strong></span> <span class='ocrx_word' id='word_1_234' title='bbox 1283 3006 1374 3076; x_wconf 89' lang='lat' dir='ltr'><strong>qui</strong></span> <span class='ocrx_word' id='word_1_235' title='bbox 1431 3004 1898 3060; x_wconf 91' lang='lat' dir='ltr'><strong>immortalitatem</strong></span> <span class='ocrx_word' id='word_1_236' title='bbox 1951 3002 2145 3055; x_wconf 73' lang='lat' dir='ltr'><strong>anima:</strong></span> 
     </span>
    </p>
   </div>
   <div class='ocr_carea' id='block_1_34' title="bbox 2241 412 3838 482">
    <p class='ocr_par' dir='ltr' id='par_1_34' title="bbox 2241 412 3838 482">
     <span class='ocr_line' id='line_1_34' title="bbox 2241 412 3838 482; baseline 0.004 -17"><span class='ocrx_word' id='word_1_237' title='bbox 2241 413 2371 479; x_wconf 91' lang='lat' dir='ltr'><strong>rari,</strong></span> <span class='ocrx_word' id='word_1_238' title='bbox 2404 422 2459 467; x_wconf 91' lang='lat' dir='ltr'><strong>ut</strong></span> <span class='ocrx_word' id='word_1_239' title='bbox 2505 416 2681 467; x_wconf 68' lang='lat' dir='ltr'><strong>anima</strong></span> <span class='ocrx_word' id='word_1_240' title='bbox 2707 422 2963 467; x_wconf 85' lang='lat' dir='ltr'><strong>nascatur</strong></span> <span class='ocrx_word' id='word_1_241' title='bbox 2988 428 3059 467; x_wconf 84' lang='lat' dir='ltr'><strong>ex</strong></span> <span class='ocrx_word' id='word_1_242' title='bbox 3091 415 3292 478; x_wconf 91' lang='lat' dir='ltr'><strong>anima,</strong></span> <span class='ocrx_word' id='word_1_243' title='bbox 3338 412 3479 482; x_wconf 91' lang='lat' dir='ltr'><strong>quod</strong></span> <span class='ocrx_word' id='word_1_244' title='bbox 3510 428 3614 469; x_wconf 88' lang='lat' dir='ltr'><strong>nec</strong></span> <span class='ocrx_word' id='word_1_245' title='bbox 3644 414 3838 471; x_wconf 76' lang='lat' dir='ltr'><strong>anima:</strong></span> 
     </span>
    </p>
   </div>
   <div class='ocr_carea' id='block_1_35' title="bbox 2238 503 3836 574">
    <p class='ocr_par' dir='ltr' id='par_1_35' title="bbox 2238 503 3836 574">
     <span class='ocr_line' id='line_1_35' title="bbox 2238 503 3836 574; baseline 0.003 -17"><span class='ocrx_word' id='word_1_246' title='bbox 2238 503 2337 574; x_wconf 91' lang='lat' dir='ltr'><strong>ipsi</strong></span> <span class='ocrx_word' id='word_1_247' title='bbox 2364 504 2659 573; x_wconf 88' lang='lat' dir='ltr'><strong>competit:</strong></span> <span class='ocrx_word' id='word_1_248' title='bbox 2691 514 2784 559; x_wconf 92' lang='lat' dir='ltr'><strong>aut</strong></span> <span class='ocrx_word' id='word_1_249' title='bbox 2812 504 2855 559; x_wconf 90' lang='lat' dir='ltr'><strong>si</strong></span> <span class='ocrx_word' id='word_1_250' title='bbox 2885 512 3033 561; x_wconf 90' lang='lat' dir='ltr'><strong>certe</strong></span> <span class='ocrx_word' id='word_1_251' title='bbox 3077 503 3304 573; x_wconf 69' lang='lat' dir='ltr'><strong>singulae</strong></span> <span class='ocrx_word' id='word_1_252' title='bbox 3333 504 3539 559; x_wconf 61' lang='lat' dir='ltr'><strong>caelesti</strong></span> <span class='ocrx_word' id='word_1_253' title='bbox 3571 513 3836 574; x_wconf 84' lang='lat' dir='ltr'><strong>potestate</strong></span> 
     </span>
    </p>
   </div>
   <div class='ocr_carea' id='block_1_36' title="bbox 2240 596 3833 667">
    <p class='ocr_par' dir='ltr' id='par_1_36' title="bbox 2240 596 3833 667">
     <span class='ocr_line' id='line_1_36' title="bbox 2240 596 3833 667; baseline 0.004 -18"><span class='ocrx_word' id='word_1_254' title='bbox 2240 597 2394 650; x_wconf 74' lang='lat' dir='ltr'><strong>facta:</strong></span> <span class='ocrx_word' id='word_1_255' title='bbox 2422 603 2551 650; x_wconf 88' lang='lat' dir='ltr'><strong>sunt</strong></span> <span class='ocrx_word' id='word_1_256' title='bbox 2575 638 2590 663; x_wconf 94' lang='lat'><strong>,</strong></span> <span class='ocrx_word' id='word_1_257' title='bbox 2627 605 2682 652; x_wconf 92' lang='lat' dir='ltr'><strong>et</strong></span> <span class='ocrx_word' id='word_1_258' title='bbox 2712 611 2781 651; x_wconf 82' lang='lat' dir='ltr'><strong>ex</strong></span> <span class='ocrx_word' id='word_1_259' title='bbox 2813 596 2945 667; x_wconf 74' lang='lat' dir='ltr'><strong>ipsis</strong></span> <span class='ocrx_word' id='word_1_260' title='bbox 2970 605 3183 652; x_wconf 76' lang='lat' dir='ltr'><strong>caetera:</strong></span> <span class='ocrx_word' id='word_1_261' title='bbox 3209 606 3354 650; x_wconf 63' lang='lat' dir='ltr'><strong>natae</strong></span> <span class='ocrx_word' id='word_1_262' title='bbox 3381 605 3529 664; x_wconf 84' lang='lat' dir='ltr'><strong>sunt,</strong></span> <span class='ocrx_word' id='word_1_263' title='bbox 3561 608 3741 667; x_wconf 88' lang='lat' dir='ltr'><strong>potest</strong></span> <span class='ocrx_word' id='word_1_264' title='bbox 3769 615 3833 655; x_wconf 84' lang='lat' dir='ltr'><strong>ex</strong></span> 
     </span>
    </p>
   </div>
   <div class='ocr_carea' id='block_1_37' title="bbox 2241 686 3835 746">
    <p class='ocr_par' dir='ltr' id='par_1_37' title="bbox 2241 686 3835 746">
     <span class='ocr_line' id='line_1_37' title="bbox 2241 686 3835 746; baseline 0.002 -3"><span class='ocrx_word' id='word_1_265' title='bbox 2241 703 2349 743; x_wconf 90' lang='lat' dir='ltr'><strong>una</strong></span> <span class='ocrx_word' id='word_1_266' title='bbox 2376 686 2506 742; x_wconf 69' lang='lat' dir='ltr'><strong>Adae</strong></span> <span class='ocrx_word' id='word_1_267' title='bbox 2536 687 2719 742; x_wconf 88' lang='lat' dir='ltr'><strong>anima</strong></span> <span class='ocrx_word' id='word_1_268' title='bbox 2748 688 3012 743; x_wconf 89' lang='lat' dir='ltr'><strong>credibile</strong></span> <span class='ocrx_word' id='word_1_269' title='bbox 3042 687 3214 742; x_wconf 91' lang='lat' dir='ltr'><strong>videri</strong></span> <span class='ocrx_word' id='word_1_270' title='bbox 3243 698 3472 743; x_wconf 65' lang='lat' dir='ltr'><strong>caeteras</strong></span> <span class='ocrx_word' id='word_1_271' title='bbox 3500 690 3683 745; x_wconf 90' lang='lat' dir='ltr'><strong>nasci:</strong></span> <span class='ocrx_word' id='word_1_272' title='bbox 3741 690 3835 746; x_wconf 90' lang='lat' dir='ltr'><strong>sed</strong></span> 
     </span>
    </p>
   </div>
   <div class='ocr_carea' id='block_1_38' title="bbox 2243 778 3836 855">
    <p class='ocr_par' dir='ltr' id='par_1_38' title="bbox 2243 778 3836 855">
     <span class='ocr_line' id='line_1_38' title="bbox 2243 778 3836 855; baseline 0.001 -22"><span class='ocrx_word' id='word_1_273' title='bbox 2243 794 2347 833; x_wconf 93' lang='lat' dir='ltr'><strong>non</strong></span> <span class='ocrx_word' id='word_1_274' title='bbox 2381 780 2654 843; x_wconf 84' lang='lat' dir='ltr'><strong>convenit,</strong></span> <span class='ocrx_word' id='word_1_275' title='bbox 2685 778 2812 850; x_wconf 87' lang='lat' dir='ltr'><strong>quia</strong></span> <span class='ocrx_word' id='word_1_276' title='bbox 2868 780 2972 835; x_wconf 90' lang='lat' dir='ltr'><strong>soli</strong></span> <span class='ocrx_word' id='word_1_277' title='bbox 3004 778 3117 835; x_wconf 90' lang='lat' dir='ltr'><strong>Deo</strong></span> <span class='ocrx_word' id='word_1_278' title='bbox 3149 780 3252 855; x_wconf 84' lang='lat' dir='ltr'><strong>hoc</strong></span> <span class='ocrx_word' id='word_1_279' title='bbox 3290 780 3546 848; x_wconf 85' lang='lat' dir='ltr'><strong>possibile</strong></span> <span class='ocrx_word' id='word_1_280' title='bbox 3587 779 3733 850; x_wconf 90' lang='lat' dir='ltr'><strong>fuit,</strong></span> <span class='ocrx_word' id='word_1_281' title='bbox 3783 792 3836 837; x_wconf 93' lang='lat' dir='ltr'><strong>ut</strong></span> 
     </span>
    </p>
   </div>
   <div class='ocr_carea' id='block_1_39' title="bbox 2242 871 3835 943">
    <p class='ocr_par' dir='ltr' id='par_1_39' title="bbox 2242 871 3835 943">
     <span class='ocr_line' id='line_1_39' title="bbox 2242 871 3835 943; baseline 0.002 -18"><span class='ocrx_word' id='word_1_282' title='bbox 2242 872 2477 943; x_wconf 79' lang='lat' dir='ltr'><strong>simplex</strong></span> <span class='ocrx_word' id='word_1_283' title='bbox 2515 879 2841 941; x_wconf 89' lang='lat' dir='ltr'><strong>generaret,</strong></span> <span class='ocrx_word' id='word_1_284' title='bbox 2875 886 2974 926; x_wconf 90' lang='lat' dir='ltr'><strong>nec</strong></span> <span class='ocrx_word' id='word_1_285' title='bbox 2996 871 3211 925; x_wconf 59' lang='lat' dir='ltr'><strong>caeteris</strong></span> <span class='ocrx_word' id='word_1_286' title='bbox 3239 872 3663 939; x_wconf 86' lang='lat' dir='ltr'><strong>concederetur,</strong></span> <span class='ocrx_word' id='word_1_287' title='bbox 3694 875 3835 943; x_wconf 90' lang='lat' dir='ltr'><strong>quod</strong></span> 
     </span>
    </p>
   </div>
   <div class='ocr_carea' id='block_1_40' title="bbox 2224 963 3832 1039">
    <p class='ocr_par' dir='ltr' id='par_1_40' title="bbox 2224 963 3832 1039">
     <span class='ocr_line' id='line_1_40' title="bbox 2224 963 3832 1039; baseline 0.001 -19"><span class='ocrx_word' id='word_1_288' title='bbox 2224 975 2351 1039; x_wconf 23' lang='lat' dir='ltr'><strong>“tam</strong></span> <span class='ocrx_word' id='word_1_289' title='bbox 2377 963 2661 1037; x_wconf 88' lang='lat' dir='ltr'><strong>mysticum</strong></span> <span class='ocrx_word' id='word_1_290' title='bbox 2692 975 2776 1021; x_wconf 91' lang='lat' dir='ltr'><strong>est</strong></span> <span class='ocrx_word' id='word_1_291' title='bbox 2806 964 2861 1019; x_wconf 92' lang='lat' dir='ltr'><strong>in</strong></span> <span class='ocrx_word' id='word_1_292' title='bbox 2883 979 3045 1019; x_wconf 88' lang='lat' dir='ltr'><strong>causa</strong></span> <span class='ocrx_word' id='word_1_293' title='bbox 3074 963 3396 1033; x_wconf 85' lang='lat' dir='ltr'><strong>Salvatoris,</strong></span> <span class='ocrx_word' id='word_1_294' title='bbox 3433 976 3492 1020; x_wconf 95' lang='lat' dir='ltr'><strong>ut</strong></span> <span class='ocrx_word' id='word_1_295' title='bbox 3520 982 3628 1021; x_wconf 92' lang='lat' dir='ltr'><strong>non</strong></span> <span class='ocrx_word' id='word_1_296' title='bbox 3657 967 3832 1022; x_wconf 89' lang='lat' dir='ltr'><strong>solum</strong></span> 
     </span>
    </p>
   </div>
   <div class='ocr_carea' id='block_1_41' title="bbox 2245 1054 3834 1129">
    <p class='ocr_par' dir='ltr' id='par_1_41' title="bbox 2245 1054 3834 1129">
     <span class='ocr_line' id='line_1_41' title="bbox 2245 1054 3834 1129; baseline 0.001 -17"><span class='ocrx_word' id='word_1_297' title='bbox 2245 1072 2275 1112; x_wconf 90' lang='lat' dir='ltr'><strong>a</strong></span> <span class='ocrx_word' id='word_1_298' title='bbox 2306 1056 2436 1112; x_wconf 88' lang='lat' dir='ltr'><strong>solis</strong></span> <span class='ocrx_word' id='word_1_299' title='bbox 2460 1056 2758 1127; x_wconf 82' lang='lat' dir='ltr'><strong>gentilibus</strong></span> <span class='ocrx_word' id='word_1_300' title='bbox 2786 1057 2869 1112; x_wconf 86' lang='lat' dir='ltr'><strong>vel</strong></span> <span class='ocrx_word' id='word_1_301' title='bbox 2894 1054 3097 1112; x_wconf 65' lang='lat' dir='ltr'><strong>Judaeis</strong></span> <span class='ocrx_word' id='word_1_302' title='bbox 3136 1074 3149 1109; x_wconf 87' lang='lat'><strong>:</strong></span> <span class='ocrx_word' id='word_1_303' title='bbox 3192 1073 3383 1113; x_wconf 90' lang='lat' dir='ltr'><strong>verum</strong></span> <span class='ocrx_word' id='word_1_304' title='bbox 3426 1058 3586 1113; x_wconf 89' lang='lat' dir='ltr'><strong>etiam</strong></span> <span class='ocrx_word' id='word_1_305' title='bbox 3610 1060 3679 1113; x_wconf 90' lang='lat' dir='ltr'><strong>ab</strong></span> <span class='ocrx_word' id='word_1_306' title='bbox 3706 1060 3834 1129; x_wconf 89' lang='lat' dir='ltr'><strong>ipsis</strong></span> 
     </span>
    </p>
   </div>
   <div class='ocr_carea' id='block_1_42' title="bbox 2245 1150 3833 1223">
    <p class='ocr_par' dir='ltr' id='par_1_42' title="bbox 2245 1150 3833 1223">
     <span class='ocr_line' id='line_1_42' title="bbox 2245 1150 3833 1223; baseline 0.001 -18"><span class='ocrx_word' id='word_1_307' title='bbox 2245 1152 2338 1223; x_wconf 90' lang='lat' dir='ltr'><strong>qui</strong></span> <span class='ocrx_word' id='word_1_308' title='bbox 2367 1150 2707 1206; x_wconf 86' lang='lat' dir='ltr'><strong>Christianos</strong></span> <span class='ocrx_word' id='word_1_309' title='bbox 2741 1166 2800 1207; x_wconf 91' lang='lat' dir='ltr'><strong>se</strong></span> <span class='ocrx_word' id='word_1_310' title='bbox 2829 1150 3037 1218; x_wconf 90' lang='lat' dir='ltr'><strong>dicunt,</strong></span> <span class='ocrx_word' id='word_1_311' title='bbox 3068 1150 3391 1207; x_wconf 83' lang='lat' dir='ltr'><strong>incredibile</strong></span> <span class='ocrx_word' id='word_1_312' title='bbox 3419 1161 3661 1222; x_wconf 90' lang='lat' dir='ltr'><strong>putetur.</strong></span> <span class='ocrx_word' id='word_1_313' title='bbox 3694 1151 3833 1207; x_wconf 81' lang='lat' dir='ltr'><strong>Pho-</strong></span> 
     </span>
    </p>
   </div>
   <div class='ocr_carea' id='block_1_43' title="bbox 2250 1244 3836 1315">
    <p class='ocr_par' dir='ltr' id='par_1_43' title="bbox 2250 1244 3836 1315">
     <span class='ocr_line' id='line_1_43' title="bbox 2250 1244 3836 1315; baseline 0 -15"><span class='ocrx_word' id='word_1_314' title='bbox 2250 1244 2438 1300; x_wconf 86' lang='lat' dir='ltr'><strong>tiniani</strong></span> <span class='ocrx_word' id='word_1_315' title='bbox 2486 1248 2628 1301; x_wconf 90' lang='lat' dir='ltr'><strong>enim</strong></span> <span class='ocrx_word' id='word_1_316' title='bbox 2675 1246 2815 1300; x_wconf 86' lang='lat' dir='ltr'><strong>hanc</strong></span> <span class='ocrx_word' id='word_1_317' title='bbox 2864 1245 3024 1300; x_wconf 89' lang='lat' dir='ltr'><strong>ﬁdem</strong></span> <span class='ocrx_word' id='word_1_318' title='bbox 3080 1255 3378 1315; x_wconf 87' lang='lat' dir='ltr'><strong>spernunt,</strong></span> <span class='ocrx_word' id='word_1_319' title='bbox 3445 1262 3553 1301; x_wconf 92' lang='lat' dir='ltr'><strong>non</strong></span> <span class='ocrx_word' id='word_1_320' title='bbox 3607 1246 3836 1302; x_wconf 86' lang='lat' dir='ltr'><strong>credunt</strong></span> 
     </span>
    </p>
   </div>
   <div class='ocr_carea' id='block_1_44' title="bbox 2249 1337 3837 1409">
    <p class='ocr_par' dir='ltr' id='par_1_44' title="bbox 2249 1337 3837 1409">
     <span class='ocr_line' id='line_1_44' title="bbox 2249 1337 3837 1409; baseline 0.001 -17"><span class='ocrx_word' id='word_1_321' title='bbox 2249 1337 2419 1394; x_wconf 88' lang='lat' dir='ltr'><strong>Deum</strong></span> <span class='ocrx_word' id='word_1_322' title='bbox 2450 1354 2759 1409; x_wconf 76' lang='lat' dir='ltr'><strong>generasse.</strong></span> <span class='ocrx_word' id='word_1_323' title='bbox 2801 1338 2936 1393; x_wconf 85' lang='lat' dir='ltr'><strong>Nam</strong></span> <span class='ocrx_word' id='word_1_324' title='bbox 2964 1338 3008 1393; x_wconf 92' lang='lat' dir='ltr'><strong>si</strong></span> <span class='ocrx_word' id='word_1_325' title='bbox 3036 1353 3101 1393; x_wconf 91' lang='lat' dir='ltr'><strong>eo</strong></span> <span class='ocrx_word' id='word_1_326' title='bbox 3126 1346 3366 1408; x_wconf 93' lang='lat' dir='ltr'><strong>tempore</strong></span> <span class='ocrx_word' id='word_1_327' title='bbox 3396 1353 3503 1408; x_wconf 91' lang='lat' dir='ltr'><strong>quo</strong></span> <span class='ocrx_word' id='word_1_328' title='bbox 3533 1339 3837 1395; x_wconf 86' lang='lat' dir='ltr'><strong>seminatur</strong></span> 
     </span>
    </p>
   </div>
   <div class='ocr_carea' id='block_1_45' title="bbox 2248 1429 3835 1502">
    <p class='ocr_par' dir='ltr' id='par_1_45' title="bbox 2248 1429 3835 1502">
     <span class='ocr_line' id='line_1_45' title="bbox 2248 1429 3835 1502; baseline 0.001 -17"><span class='ocrx_word' id='word_1_329' title='bbox 2248 1445 2478 1501; x_wconf 87' lang='lat' dir='ltr'><strong>corpus,</strong></span> <span class='ocrx_word' id='word_1_330' title='bbox 2536 1439 2591 1487; x_wconf 89' lang='lat' dir='ltr'><strong>et</strong></span> <span class='ocrx_word' id='word_1_331' title='bbox 2619 1432 2797 1485; x_wconf 91' lang='lat' dir='ltr'><strong>anima</strong></span> <span class='ocrx_word' id='word_1_332' title='bbox 2833 1439 2859 1467; x_wconf 69' lang='grc'>⁸</span> <span class='ocrx_word' id='word_1_333' title='bbox 2885 1440 3178 1502; x_wconf 88' lang='lat' dir='ltr'><strong>generatur</strong></span> <span class='ocrx_word' id='word_1_334' title='bbox 3206 1446 3272 1485; x_wconf 87' lang='lat' dir='ltr'><strong>ex</strong></span> <span class='ocrx_word' id='word_1_335' title='bbox 3305 1431 3515 1498; x_wconf 87' lang='lat' dir='ltr'><strong>anima,</strong></span> <span class='ocrx_word' id='word_1_336' title='bbox 3562 1430 3631 1486; x_wconf 89' lang='lat' dir='ltr'><strong>de</strong></span> <span class='ocrx_word' id='word_1_337' title='bbox 3662 1429 3835 1486; x_wconf 83' lang='lat' dir='ltr'><strong>Adam</strong></span> 
     </span>
    </p>
   </div>
   <div class='ocr_carea' id='block_1_46' title="bbox 2250 1524 3835 1595">
    <p class='ocr_par' dir='ltr' id='par_1_46' title="bbox 2250 1524 3835 1595">
     <span class='ocr_line' id='line_1_46' title="bbox 2250 1524 3835 1595; baseline -0.001 -14"><span class='ocrx_word' id='word_1_338' title='bbox 2250 1534 2455 1581; x_wconf 91' lang='lat' dir='ltr'><strong>costam</strong></span> <span class='ocrx_word' id='word_1_339' title='bbox 2484 1526 2750 1580; x_wconf 89' lang='lat' dir='ltr'><strong>sublatam</strong></span> <span class='ocrx_word' id='word_1_340' title='bbox 2778 1525 3035 1595; x_wconf 86' lang='lat' dir='ltr'><strong>legimus:</strong></span> <span class='ocrx_word' id='word_1_341' title='bbox 3068 1539 3171 1579; x_wconf 88' lang='lat' dir='ltr'><strong>non</strong></span> <span class='ocrx_word' id='word_1_342' title='bbox 3196 1534 3375 1580; x_wconf 90' lang='lat' dir='ltr'><strong>tamen</strong></span> <span class='ocrx_word' id='word_1_343' title='bbox 3390 1524 3622 1579; x_wconf 89' lang='lat' dir='ltr'><strong>animam</strong></span> <span class='ocrx_word' id='word_1_344' title='bbox 3657 1534 3835 1579; x_wconf 88' lang='lat' dir='ltr'><strong>natam</strong></span> 
     </span>
    </p>
   </div>
   <div class='ocr_carea' id='block_1_47' title="bbox 2252 1618 3835 1688">
    <p class='ocr_par' dir='ltr' id='par_1_47' title="bbox 2252 1618 3835 1688">
     <span class='ocr_line' id='line_1_47' title="bbox 2252 1618 3835 1688; baseline 0.001 -17"><span class='ocrx_word' id='word_1_345' title='bbox 2252 1632 2320 1672; x_wconf 77' lang='lat' dir='ltr'><strong>ex</strong></span> <span class='ocrx_word' id='word_1_346' title='bbox 2344 1619 2542 1671; x_wconf 90' lang='lat' dir='ltr'><strong>anima.</strong></span> <span class='ocrx_word' id='word_1_347' title='bbox 2578 1618 2684 1673; x_wconf 82' lang='lat' dir='ltr'><strong>Sed</strong></span> <span class='ocrx_word' id='word_1_348' title='bbox 2712 1618 2757 1671; x_wconf 93' lang='lat' dir='ltr'><strong>si</strong></span> <span class='ocrx_word' id='word_1_349' title='bbox 2782 1628 2931 1673; x_wconf 80' lang='lat' dir='ltr'><strong>costa</strong></span> <span class='ocrx_word' id='word_1_350' title='bbox 2960 1633 3144 1673; x_wconf 89' lang='lat' dir='ltr'><strong>secum</strong></span> <span class='ocrx_word' id='word_1_351' title='bbox 3190 1618 3378 1673; x_wconf 87' lang='lat' dir='ltr'><strong>habuit</strong></span> <span class='ocrx_word' id='word_1_352' title='bbox 3417 1618 3694 1673; x_wconf 87' lang='lat' dir='ltr'><strong>animam:</strong></span> <span class='ocrx_word' id='word_1_353' title='bbox 3723 1618 3835 1688; x_wconf 84' lang='lat' dir='ltr'><strong>jam</strong></span> 
     </span>
    </p>
   </div>
   <div class='ocr_carea' id='block_1_48' title="bbox 2177 1688 3837 1781">
    <p class='ocr_par' dir='ltr' id='par_1_48' title="bbox 2177 1688 3837 1781">
     <span class='ocr_line' id='line_1_48' title="bbox 2177 1688 3837 1781; baseline 0 -17"><span class='ocrx_word' id='word_1_354' title='bbox 2177 1688 2225 1748; x_wconf 83' lang='grc' dir='ltr'><strong>Β</strong></span> <span class='ocrx_word' id='word_1_355' title='bbox 2252 1724 2359 1764; x_wconf 92' lang='lat' dir='ltr'><strong>non</strong></span> <span class='ocrx_word' id='word_1_356' title='bbox 2394 1718 2518 1763; x_wconf 91' lang='lat' dir='ltr'><strong>nata</strong></span> <span class='ocrx_word' id='word_1_357' title='bbox 2563 1718 2666 1776; x_wconf 90' lang='lat' dir='ltr'><strong>est,</strong></span> <span class='ocrx_word' id='word_1_358' title='bbox 2702 1709 2798 1764; x_wconf 91' lang='lat' dir='ltr'><strong>sed</strong></span> <span class='ocrx_word' id='word_1_359' title='bbox 2823 1708 2941 1781; x_wconf 83' lang='grc' dir='ltr'><strong>[ΑΙ.</strong></span> <span class='ocrx_word' id='word_1_360' title='bbox 2975 1708 3053 1781; x_wconf 93' lang='lat' dir='ltr'><strong>si]</strong></span> <span class='ocrx_word' id='word_1_361' title='bbox 3084 1710 3325 1764; x_wconf 90' lang='lat' dir='ltr'><strong>detracta</strong></span> <span class='ocrx_word' id='word_1_362' title='bbox 3359 1708 3414 1763; x_wconf 91' lang='lat' dir='ltr'><strong>in</strong></span> <span class='ocrx_word' id='word_1_363' title='bbox 3449 1718 3683 1779; x_wconf 87' lang='lat' dir='ltr'><strong>partem.</strong></span> <span class='ocrx_word' id='word_1_364' title='bbox 3729 1710 3837 1765; x_wconf 90' lang='lat' dir='ltr'><strong>Sed</strong></span> 
     </span>
    </p>
   </div>
   <div class='ocr_carea' id='block_1_49' title="bbox 2251 1800 3839 1872">
    <p class='ocr_par' dir='ltr' id='par_1_49' title="bbox 2251 1800 3839 1872">
     <span class='ocr_line' id='line_1_49' title="bbox 2251 1800 3839 1872; baseline 0 -17"><span class='ocrx_word' id='word_1_365' title='bbox 2251 1816 2351 1855; x_wconf 93' lang='lat' dir='ltr'><strong>nec</strong></span> <span class='ocrx_word' id='word_1_366' title='bbox 2376 1800 2479 1855; x_wconf 84' lang='lat' dir='ltr'><strong>hoc</strong></span> <span class='ocrx_word' id='word_1_367' title='bbox 2526 1801 2786 1869; x_wconf 87' lang='lat' dir='ltr'><strong>scriptum</strong></span> <span class='ocrx_word' id='word_1_368' title='bbox 2828 1810 2944 1856; x_wconf 83' lang='lat' dir='ltr'><strong>est:</strong></span> <span class='ocrx_word' id='word_1_369' title='bbox 2979 1801 3237 1872; x_wconf 90' lang='lat' dir='ltr'><strong>propheta</strong></span> <span class='ocrx_word' id='word_1_370' title='bbox 3269 1800 3416 1856; x_wconf 90' lang='lat' dir='ltr'><strong>enim</strong></span> <span class='ocrx_word' id='word_1_371' title='bbox 3441 1800 3731 1856; x_wconf 89' lang='lat' dir='ltr'><strong>Zacharias</strong></span> <span class='ocrx_word' id='word_1_372' title='bbox 3758 1802 3839 1856; x_wconf 92' lang='lat' dir='ltr'><strong>in-</strong></span> 
     </span>
    </p>
   </div>
   <div class='ocr_carea' id='block_1_50' title="bbox 2251 1892 3837 1961">
    <p class='ocr_par' dir='ltr' id='par_1_50' title="bbox 2251 1892 3837 1961">
     <span class='ocr_line' id='line_1_50' title="bbox 2251 1892 3837 1961; baseline 0 -16"><span class='ocrx_word' id='word_1_373' title='bbox 2251 1901 2333 1945; x_wconf 91' lang='lat' dir='ltr'><strong>ter</strong></span> <span class='ocrx_word' id='word_1_374' title='bbox 2363 1898 2623 1946; x_wconf 68' lang='lat' dir='ltr'><strong>cmterea:</strong></span> <span class='ocrx_word' id='word_1_375' title='bbox 2663 1892 2765 1959; x_wconf 83' lang='lat' dir='ltr'><strong>Qui</strong></span> <span class='ocrx_word' id='word_1_376' title='bbox 2803 1892 3048 1961; x_wconf 83' lang='lat' dir='ltr'><strong>plasmus,</strong></span> <span class='ocrx_word' id='word_1_377' title='bbox 3102 1892 3305 1961; x_wconf 91' lang='lat' dir='ltr'><strong>inquit,</strong></span> <span class='ocrx_word' id='word_1_378' title='bbox 3357 1893 3586 1946; x_wconf 86' lang='lat' dir='ltr'><strong>animam</strong></span> <span class='ocrx_word' id='word_1_379' title='bbox 3615 1892 3837 1946; x_wconf 84' lang='lat' dir='ltr'><strong>hominis</strong></span> 
     </span>
    </p>
   </div>
   <div class='ocr_carea' id='block_1_51' title="bbox 2250 1984 3839 2053">
    <p class='ocr_par' dir='ltr' id='par_1_51' title="bbox 2250 1984 3839 2053">
     <span class='ocr_line' id='line_1_51' title="bbox 2250 1984 3839 2053; baseline 0.001 -16"><span class='ocrx_word' id='word_1_380' title='bbox 2250 1984 2305 2039; x_wconf 89' lang='lat' dir='ltr'><strong>in</strong></span> <span class='ocrx_word' id='word_1_381' title='bbox 2333 2002 2470 2040; x_wconf 87' lang='lat' dir='ltr'><strong>eum.</strong></span> <span class='ocrx_word' id='word_1_382' title='bbox 2499 1985 2611 2041; x_wconf 88' lang='lat' dir='ltr'><strong>Nec</strong></span> <span class='ocrx_word' id='word_1_383' title='bbox 2636 1986 2802 2041; x_wconf 87' lang='lat' dir='ltr'><strong>Isaias</strong></span> <span class='ocrx_word' id='word_1_384' title='bbox 2834 1986 2902 2041; x_wconf 88' lang='lat' dir='ltr'><strong>ab</strong></span> <span class='ocrx_word' id='word_1_385' title='bbox 2931 1987 3013 2041; x_wconf 90' lang='lat' dir='ltr'><strong>his</strong></span> <span class='ocrx_word' id='word_1_386' title='bbox 3043 1986 3409 2053; x_wconf 82' lang='lat' dir='ltr'><strong>dissentiens,</strong></span> <span class='ocrx_word' id='word_1_387' title='bbox 3435 1988 3542 2042; x_wconf 89' lang='lat' dir='ltr'><strong>ait:</strong></span> <span class='ocrx_word' id='word_1_388' title='bbox 3594 1986 3688 2041; x_wconf 87' lang='lat' dir='ltr'><strong>Sic</strong></span> <span class='ocrx_word' id='word_1_389' title='bbox 3716 1986 3839 2040; x_wconf 81' lang='lat' dir='ltr'><strong>dicit</strong></span> 
     </span>
    </p>
   </div>
   <div class='ocr_carea' id='block_1_52' title="bbox 2250 2075 3840 2150">
    <p class='ocr_par' dir='ltr' id='par_1_52' title="bbox 2250 2075 3840 2150">
     <span class='ocr_line' id='line_1_52' title="bbox 2250 2075 3840 2150; baseline 0.001 -19"><span class='ocrx_word' id='word_1_390' title='bbox 2250 2075 2503 2133; x_wconf 79' lang='lat' dir='ltr'><strong>Dominus</strong></span> <span class='ocrx_word' id='word_1_391' title='bbox 2526 2078 2664 2133; x_wconf 88' lang='lat' dir='ltr'><strong>Deus</strong></span> <span class='ocrx_word' id='word_1_392' title='bbox 2684 2080 2772 2150; x_wconf 86' lang='lat' dir='ltr'><strong>qui</strong></span> <span class='ocrx_word' id='word_1_393' title='bbox 2798 2079 2915 2149; x_wconf 80' lang='lat' dir='ltr'><strong>fecit</strong></span> <span class='ocrx_word' id='word_1_394' title='bbox 2944 2089 3011 2146; x_wconf 86' lang='lat' dir='ltr'><strong>te,</strong></span> <span class='ocrx_word' id='word_1_395' title='bbox 3042 2089 3087 2132; x_wconf 86' lang='lat' dir='ltr'><strong>et</strong></span> <span class='ocrx_word' id='word_1_396' title='bbox 3109 2080 3263 2149; x_wconf 76' lang='lat' dir='ltr'><strong>finxit</strong></span> <span class='ocrx_word' id='word_1_397' title='bbox 3293 2086 3340 2133; x_wconf 87' lang='lat' dir='ltr'><strong>te</strong></span> <span class='ocrx_word' id='word_1_398' title='bbox 3364 2082 3418 2133; x_wconf 87' lang='lat' dir='ltr'><strong>in</strong></span> <span class='ocrx_word' id='word_1_399' title='bbox 3445 2080 3679 2135; x_wconf 87' lang='lat' dir='ltr'><strong>utero.Si</strong></span> <span class='ocrx_word' id='word_1_400' title='bbox 3707 2094 3840 2149; x_wconf 85' lang='lat' dir='ltr'><strong>ergo</strong></span> 
     </span>
    </p>
   </div>
   <div class='ocr_carea' id='block_1_53' title="bbox 2252 2171 3839 2243">
    <p class='ocr_par' dir='ltr' id='par_1_53' title="bbox 2252 2171 3839 2243">
     <span class='ocr_line' id='line_1_53' title="bbox 2252 2171 3839 2243; baseline 0.001 -17"><span class='ocrx_word' id='word_1_401' title='bbox 2252 2171 2305 2226; x_wconf 90' lang='lat' dir='ltr'><strong>in</strong></span> <span class='ocrx_word' id='word_1_402' title='bbox 2354 2181 2508 2226; x_wconf 90' lang='lat' dir='ltr'><strong>utero</strong></span> <span class='ocrx_word' id='word_1_403' title='bbox 2549 2171 2773 2243; x_wconf 88' lang='lat' dir='ltr'><strong>ﬁngitur</strong></span> <span class='ocrx_word' id='word_1_404' title='bbox 2814 2214 2829 2240; x_wconf 92' lang='lat'><strong>,</strong></span> <span class='ocrx_word' id='word_1_405' title='bbox 2880 2172 2992 2241; x_wconf 89' lang='lat' dir='ltr'><strong>jam</strong></span> <span class='ocrx_word' id='word_1_406' title='bbox 3036 2172 3269 2226; x_wconf 89' lang='lat' dir='ltr'><strong>formato</strong></span> <span class='ocrx_word' id='word_1_407' title='bbox 3312 2172 3527 2242; x_wconf 89' lang='lat' dir='ltr'><strong>corpori</strong></span> <span class='ocrx_word' id='word_1_408' title='bbox 3560 2172 3839 2228; x_wconf 89' lang='lat' dir='ltr'><strong>tribuitur.</strong></span> 
     </span>
    </p>
   </div>
   <div class='ocr_carea' id='block_1_54' title="bbox 2248 2264 3841 2335">
    <p class='ocr_par' dir='ltr' id='par_1_54' title="bbox 2248 2264 3841 2335">
     <span class='ocr_line' id='line_1_54' title="bbox 2248 2264 3841 2335; baseline -0.003 -15"><span class='ocrx_word' id='word_1_409' title='bbox 2248 2264 2383 2320; x_wconf 88' lang='lat' dir='ltr'><strong>Cum</strong></span> <span class='ocrx_word' id='word_1_410' title='bbox 2416 2266 2559 2321; x_wconf 88' lang='lat' dir='ltr'><strong>enim</strong></span> <span class='ocrx_word' id='word_1_411' title='bbox 2611 2266 2789 2320; x_wconf 89' lang='lat' dir='ltr'><strong>omnia</strong></span> <span class='ocrx_word' id='word_1_412' title='bbox 2821 2265 3061 2321; x_wconf 89' lang='lat' dir='ltr'><strong>membra</strong></span> <span class='ocrx_word' id='word_1_413' title='bbox 3094 2266 3281 2335; x_wconf 87' lang='lat' dir='ltr'><strong>implet</strong></span> <span class='ocrx_word' id='word_1_414' title='bbox 3310 2265 3581 2334; x_wconf 88' lang='lat' dir='ltr'><strong>corporis,</strong></span> <span class='ocrx_word' id='word_1_415' title='bbox 3613 2265 3841 2332; x_wconf 86' lang='lat' dir='ltr'><strong>ﬁgurata</strong></span> 
     </span>
    </p>
   </div>
   <div class='ocr_carea' id='block_1_55' title="bbox 2250 2355 3846 2427">
    <p class='ocr_par' dir='ltr' id='par_1_55' title="bbox 2250 2355 3846 2427">
     <span class='ocr_line' id='line_1_55' title="bbox 2250 2355 3846 2427; baseline -0.002 -14"><span class='ocrx_word' id='word_1_416' title='bbox 2250 2357 2450 2413; x_wconf 90' lang='lat' dir='ltr'><strong>dicitur</strong></span> <span class='ocrx_word' id='word_1_417' title='bbox 2482 2358 2535 2412; x_wconf 92' lang='lat' dir='ltr'><strong>in</strong></span> <span class='ocrx_word' id='word_1_418' title='bbox 2564 2373 2794 2427; x_wconf 90' lang='lat' dir='ltr'><strong>corpore</strong></span> <span class='ocrx_word' id='word_1_419' title='bbox 2833 2376 2846 2411; x_wconf 93' lang='lat'><strong>:</strong></span> <span class='ocrx_word' id='word_1_420' title='bbox 2882 2367 2939 2413; x_wconf 91' lang='lat' dir='ltr'><strong>ut</strong></span> <span class='ocrx_word' id='word_1_421' title='bbox 2989 2359 3128 2413; x_wconf 89' lang='lat' dir='ltr'><strong>sicut</strong></span> <span class='ocrx_word' id='word_1_422' title='bbox 3157 2373 3294 2426; x_wconf 82' lang='lat' dir='ltr'><strong>aqua</strong></span> <span class='ocrx_word' id='word_1_423' title='bbox 3330 2373 3453 2414; x_wconf 91' lang='lat' dir='ltr'><strong>cum</strong></span> <span class='ocrx_word' id='word_1_424' title='bbox 3480 2358 3550 2412; x_wconf 90' lang='lat' dir='ltr'><strong>sit</strong></span> <span class='ocrx_word' id='word_1_425' title='bbox 3578 2357 3696 2413; x_wconf 87' lang='lat' dir='ltr'><strong>sine</strong></span> <span class='ocrx_word' id='word_1_426' title='bbox 3724 2355 3846 2411; x_wconf 53' lang='lat' dir='ltr'><strong>em-</strong></span> 
     </span>
    </p>
   </div>
   <div class='ocr_carea' id='block_1_56' title="bbox 2248 2449 3845 2522">
    <p class='ocr_par' dir='ltr' id='par_1_56' title="bbox 2248 2449 3845 2522">
     <span class='ocr_line' id='line_1_56' title="bbox 2248 2449 3845 2522; baseline 0.001 -18"><span class='ocrx_word' id='word_1_427' title='bbox 2248 2451 2336 2521; x_wconf 90' lang='lat' dir='ltr'><strong>gie</strong></span> <span class='ocrx_word' id='word_1_428' title='bbox 2364 2492 2379 2518; x_wconf 97' lang='lat'><strong>,</strong></span> <span class='ocrx_word' id='word_1_429' title='bbox 2433 2451 2595 2507; x_wconf 89' lang='lat' dir='ltr'><strong>missa</strong></span> <span class='ocrx_word' id='word_1_430' title='bbox 2654 2463 2830 2506; x_wconf 91' lang='lat' dir='ltr'><strong>tamen</strong></span> <span class='ocrx_word' id='word_1_431' title='bbox 2878 2452 2929 2505; x_wconf 91' lang='lat' dir='ltr'><strong>in</strong></span> <span class='ocrx_word' id='word_1_432' title='bbox 2977 2467 3091 2522; x_wconf 88' lang='lat' dir='ltr'><strong>vas,</strong></span> <span class='ocrx_word' id='word_1_433' title='bbox 3138 2450 3365 2522; x_wconf 89' lang='lat' dir='ltr'><strong>ﬁgurata</strong></span> <span class='ocrx_word' id='word_1_434' title='bbox 3398 2449 3634 2516; x_wconf 89' lang='lat' dir='ltr'><strong>videtur,</strong></span> <span class='ocrx_word' id='word_1_435' title='bbox 3688 2449 3766 2504; x_wconf 85' lang='lat' dir='ltr'><strong>ita</strong></span> <span class='ocrx_word' id='word_1_436' title='bbox 3792 2460 3845 2505; x_wconf 90' lang='lat' dir='ltr'><strong>et</strong></span> 
     </span>
    </p>
   </div>
   <div class='ocr_carea' id='block_1_57' title="bbox 2250 2542 3845 2613">
    <p class='ocr_par' dir='ltr' id='par_1_57' title="bbox 2250 2542 3845 2613">
     <span class='ocr_line' id='line_1_57' title="bbox 2250 2542 3845 2613; baseline -0.001 -15"><span class='ocrx_word' id='word_1_437' title='bbox 2250 2544 2428 2599; x_wconf 90' lang='lat' dir='ltr'><strong>anima</strong></span> <span class='ocrx_word' id='word_1_438' title='bbox 2474 2560 2598 2599; x_wconf 93' lang='lat' dir='ltr'><strong>eum</strong></span> <span class='ocrx_word' id='word_1_439' title='bbox 2634 2544 2705 2599; x_wconf 90' lang='lat' dir='ltr'><strong>sit</strong></span> <span class='ocrx_word' id='word_1_440' title='bbox 2741 2555 2930 2599; x_wconf 81' lang='lat' dir='ltr'><strong>natura</strong></span> <span class='ocrx_word' id='word_1_441' title='bbox 2979 2545 3295 2613; x_wconf 87' lang='lat' dir='ltr'><strong>incorporea</strong></span> <span class='ocrx_word' id='word_1_442' title='bbox 3328 2552 3383 2599; x_wconf 92' lang='lat' dir='ltr'><strong>et</strong></span> <span class='ocrx_word' id='word_1_443' title='bbox 3410 2543 3642 2613; x_wconf 86' lang='lat' dir='ltr'><strong>simplex</strong></span> <span class='ocrx_word' id='word_1_444' title='bbox 3675 2560 3687 2596; x_wconf 89' lang='lat'><strong>:</strong></span> <span class='ocrx_word' id='word_1_445' title='bbox 3726 2542 3845 2597; x_wconf 85' lang='lat' dir='ltr'><strong>for-</strong></span> 
     </span>
    </p>
   </div>
   <div class='ocr_carea' id='block_1_58' title="bbox 2250 2633 3844 2706">
    <p class='ocr_par' dir='ltr' id='par_1_58' title="bbox 2250 2633 3844 2706">
     <span class='ocr_line' id='line_1_58' title="bbox 2250 2633 3844 2706; baseline -0.003 -15"><span class='ocrx_word' id='word_1_446' title='bbox 2250 2645 2429 2692; x_wconf 87' lang='lat' dir='ltr'><strong>matur</strong></span> <span class='ocrx_word' id='word_1_447' title='bbox 2455 2638 2506 2691; x_wconf 94' lang='lat' dir='ltr'><strong>in</strong></span> <span class='ocrx_word' id='word_1_448' title='bbox 2538 2650 2787 2706; x_wconf 88' lang='lat' dir='ltr'><strong>corpore,</strong></span> <span class='ocrx_word' id='word_1_449' title='bbox 2820 2637 3031 2706; x_wconf 89' lang='lat' dir='ltr'><strong>singula</strong></span> <span class='ocrx_word' id='word_1_450' title='bbox 3058 2637 3299 2692; x_wconf 89' lang='lat' dir='ltr'><strong>membra</strong></span> <span class='ocrx_word' id='word_1_451' title='bbox 3324 2634 3604 2690; x_wconf 84' lang='lat' dir='ltr'><strong>viviﬁcans</strong></span> <span class='ocrx_word' id='word_1_452' title='bbox 3635 2653 3646 2687; x_wconf 91' lang='lat'><strong>:</strong></span> <span class='ocrx_word' id='word_1_453' title='bbox 3694 2633 3844 2704; x_wconf 90' lang='lat' dir='ltr'><strong>quod</strong></span> 
     </span>
    </p>
   </div>
   <div class='ocr_carea' id='block_1_59' title="bbox 2249 2729 3847 2802">
    <p class='ocr_par' dir='ltr' id='par_1_59' title="bbox 2249 2729 3847 2802">
     <span class='ocr_line' id='line_1_59' title="bbox 2249 2729 3847 2802; baseline -0.001 -18"><span class='ocrx_word' id='word_1_454' title='bbox 2249 2730 2467 2802; x_wconf 87' lang='lat' dir='ltr'><strong>quidem</strong></span> <span class='ocrx_word' id='word_1_455' title='bbox 2523 2730 2737 2801; x_wconf 80' lang='lat' dir='ltr'><strong>Moyses</strong></span> <span class='ocrx_word' id='word_1_456' title='bbox 2795 2729 3130 2786; x_wconf 76' lang='lat' dir='ltr'><strong>manifesnus</strong></span> <span class='ocrx_word' id='word_1_457' title='bbox 3178 2731 3443 2798; x_wconf 90' lang='lat' dir='ltr'><strong>tradidit,</strong></span> <span class='ocrx_word' id='word_1_458' title='bbox 3494 2730 3736 2786; x_wconf 88' lang='lat' dir='ltr'><strong>dicens:</strong></span> <span class='ocrx_word' id='word_1_459' title='bbox 3788 2730 3847 2786; x_wconf 86' lang='lat' dir='ltr'><strong>Si</strong></span> 
     </span>
    </p>
   </div>
   <div class='ocr_carea' id='block_1_60' title="bbox 2247 2824 3843 2896">
    <p class='ocr_par' dir='ltr' id='par_1_60' title="bbox 2247 2824 3843 2896">
     <span class='ocr_line' id='line_1_60' title="bbox 2247 2824 3843 2896; baseline -0.001 -17"><span class='ocrx_word' id='word_1_460' title='bbox 2247 2826 2364 2896; x_wconf 86' lang='lat' dir='ltr'><strong>quis</strong></span> <span class='ocrx_word' id='word_1_461' title='bbox 2393 2826 2704 2896; x_wconf 77' lang='lat' dir='ltr'><strong>percusserit</strong></span> <span class='ocrx_word' id='word_1_462' title='bbox 2734 2826 3002 2879; x_wconf 82' lang='lat' dir='ltr'><strong>mulierem</strong></span> <span class='ocrx_word' id='word_1_463' title='bbox 3043 2826 3096 2879; x_wconf 88' lang='lat' dir='ltr'><strong>in</strong></span> <span class='ocrx_word' id='word_1_464' title='bbox 3124 2834 3266 2881; x_wconf 80' lang='lat' dir='ltr'><strong>utero</strong></span> <span class='ocrx_word' id='word_1_465' title='bbox 3293 2824 3585 2891; x_wconf 80' lang='lat' dir='ltr'><strong>habentem,</strong></span> <span class='ocrx_word' id='word_1_466' title='bbox 3607 2834 3655 2879; x_wconf 87' lang='lat' dir='ltr'><strong>et</strong></span> <span class='ocrx_word' id='word_1_467' title='bbox 3681 2824 3843 2879; x_wconf 82' lang='lat' dir='ltr'><strong>abor-</strong></span> 
     </span>
    </p>
   </div>
   <div class='ocr_carea' id='block_1_61' title="bbox 2250 2918 3848 2987">
    <p class='ocr_par' dir='ltr' id='par_1_61' title="bbox 2250 2918 3848 2987">
     <span class='ocr_line' id='line_1_61' title="bbox 2250 2918 3848 2987; baseline 0 -16"><span class='ocrx_word' id='word_1_468' title='bbox 2250 2919 2461 2973; x_wconf 83' lang='lat' dir='ltr'><strong>tiverit:</strong></span> <span class='ocrx_word' id='word_1_469' title='bbox 2511 2920 2555 2973; x_wconf 88' lang='lat' dir='ltr'><strong>si</strong></span> <span class='ocrx_word' id='word_1_470' title='bbox 2591 2922 2870 2987; x_wconf 72' lang='lat' dir='ltr'><strong>formatum</strong></span> <span class='ocrx_word' id='word_1_471' title='bbox 2894 2918 3080 2987; x_wconf 78' lang='lat' dir='ltr'><strong>fuerit,</strong></span> <span class='ocrx_word' id='word_1_472' title='bbox 3140 2918 3222 2972; x_wconf 85' lang='lat' dir='ltr'><strong>det</strong></span> <span class='ocrx_word' id='word_1_473' title='bbox 3254 2920 3484 2971; x_wconf 81' lang='lat' dir='ltr'><strong>animum</strong></span> <span class='ocrx_word' id='word_1_474' title='bbox 3510 2934 3603 2987; x_wconf 86' lang='lat' dir='ltr'><strong>pro</strong></span> <span class='ocrx_word' id='word_1_475' title='bbox 3628 2918 3848 2972; x_wconf 84' lang='lat' dir='ltr'><strong>anima:</strong></span> 
     </span>
    </p>
   </div>
   <div class='ocr_carea' id='block_1_62' title="bbox 2256 3009 3851 3080">
    <p class='ocr_par' dir='ltr' id='par_1_62' title="bbox 2256 3009 3851 3080">
     <span class='ocr_line' id='line_1_62' title="bbox 2256 3009 3851 3080; baseline -0.003 -12"><span class='ocrx_word' id='word_1_476' title='bbox 2256 3012 2316 3069; x_wconf 90' lang='lat' dir='ltr'><strong>Si</strong></span> <span class='ocrx_word' id='word_1_477' title='bbox 2362 3022 2538 3066; x_wconf 86' lang='lat' dir='ltr'><strong>autem</strong></span> <span class='ocrx_word' id='word_1_478' title='bbox 2576 3011 2915 3080; x_wconf 76' lang='lat' dir='ltr'><strong>informatum</strong></span> <span class='ocrx_word' id='word_1_479' title='bbox 2947 3010 3139 3079; x_wconf 79' lang='lat' dir='ltr'><strong>fuerit,</strong></span> <span class='ocrx_word' id='word_1_480' title='bbox 3172 3010 3448 3063; x_wconf 86' lang='lat' dir='ltr'><strong>mulctetur</strong></span> <span class='ocrx_word' id='word_1_481' title='bbox 3476 3009 3694 3080; x_wconf 80' lang='lat' dir='ltr'><strong>pecunia</strong></span> <span class='ocrx_word' id='word_1_482' title='bbox 3724 3028 3748 3065; x_wconf 90' lang='lat'><strong><em>:</em></strong></span> <span class='ocrx_word' id='word_1_483' title='bbox 3793 3020 3851 3065; x_wconf 94' lang='lat' dir='ltr'><strong>ut</strong></span> 
     </span>
    </p>
   </div>
   <div class='ocr_carea' id='block_1_63' title="bbox 549 3061 2143 3176">
    <p class='ocr_par' dir='ltr' id='par_1_63' title="bbox 549 3090 2143 3170">
     <span class='ocr_line' id='line_1_63' title="bbox 549 3090 2143 3170; baseline -0.008 -12"><span class='ocrx_word' id='word_1_484' title='bbox 549 3102 731 3169; x_wconf 86' lang='lat' dir='ltr'><strong>docet,</strong></span> <span class='ocrx_word' id='word_1_485' title='bbox 764 3100 959 3156; x_wconf 90' lang='lat' dir='ltr'><strong>stricto</strong></span> <span class='ocrx_word' id='word_1_486' title='bbox 984 3099 1165 3170; x_wconf 84' lang='lat' dir='ltr'><strong>gladio</strong></span> <span class='ocrx_word' id='word_1_487' title='bbox 1194 3098 1489 3154; x_wconf 90' lang='lat' dir='ltr'><strong>revelatum</strong></span> <span class='ocrx_word' id='word_1_488' title='bbox 1538 3112 1700 3151; x_wconf 92' lang='lat' dir='ltr'><strong>manu</strong></span> <span class='ocrx_word' id='word_1_489' title='bbox 1756 3104 1944 3165; x_wconf 86' lang='lat' dir='ltr'><strong>pectus</strong></span> <span class='ocrx_word' id='word_1_490' title='bbox 1973 3090 2143 3148; x_wconf 90' lang='lat' dir='ltr'><strong>semel</strong></span> 
     </span>
    </p>
   </div>
   <div class='ocr_carea' id='block_1_64' title="bbox 2248 3061 3852 3176">
    <p class='ocr_par' dir='ltr' id='par_1_64' title="bbox 2254 3101 3852 3176">
     <span class='ocr_line' id='line_1_64' title="bbox 2254 3101 3852 3176; baseline -0.001 -15"><span class='ocrx_word' id='word_1_491' title='bbox 2254 3106 2503 3176; x_wconf 90' lang='lat' dir='ltr'><strong>probaret</strong></span> <span class='ocrx_word' id='word_1_492' title='bbox 2532 3118 2638 3159; x_wconf 92' lang='lat' dir='ltr'><strong>non</strong></span> <span class='ocrx_word' id='word_1_493' title='bbox 2686 3106 2864 3157; x_wconf 90' lang='lat' dir='ltr'><strong>inesse</strong></span> <span class='ocrx_word' id='word_1_494' title='bbox 2883 3102 3119 3157; x_wconf 86' lang='lat' dir='ltr'><strong>animam</strong></span> <span class='ocrx_word' id='word_1_495' title='bbox 3149 3113 3436 3171; x_wconf 87' lang='lat' dir='ltr'><strong>antequam</strong></span> <span class='ocrx_word' id='word_1_496' title='bbox 3459 3101 3714 3157; x_wconf 89' lang='lat' dir='ltr'><strong>formam.</strong></span> <span class='ocrx_word' id='word_1_497' title='bbox 3745 3103 3852 3159; x_wconf 59' lang='lat' dir='ltr'><strong>ltao</strong></span> 
     </span>
    </p>
   </div>
   <div class='ocr_carea' id='block_1_65' title="bbox 548 3191 1183 3261">
    <p class='ocr_par' dir='ltr' id='par_1_65' title="bbox 548 3191 1183 3261">
     <span class='ocr_line' id='line_1_65' title="bbox 548 3191 1183 3261; baseline -0.009 -13"><span class='ocrx_word' id='word_1_498' title='bbox 548 3194 857 3260; x_wconf 86' lang='lat' dir='ltr'><strong>iterumque</strong></span> <span class='ocrx_word' id='word_1_499' title='bbox 890 3191 1183 3261; x_wconf 88' lang='lat' dir='ltr'><strong>percussit.</strong></span> 
     </span>
    </p>
   </div>
   <div class='ocr_carea' id='block_1_66' title="bbox 627 3278 2144 3353">
    <p class='ocr_par' dir='ltr' id='par_1_66' title="bbox 627 3278 2144 3353">
     <span class='ocr_line' id='line_1_66' title="bbox 627 3278 2144 3353; baseline -0.005 -12"><span class='ocrx_word' id='word_1_500' title='bbox 627 3286 735 3343; x_wconf 78' lang='lat' dir='ltr'><strong>Vll.</strong></span> <span class='ocrx_word' id='word_1_501' title='bbox 774 3286 1081 3341; x_wconf 81' lang='lat' dir='ltr'><strong>Redeamus</strong></span> <span class='ocrx_word' id='word_1_502' title='bbox 1109 3284 1175 3340; x_wconf 91' lang='lat' dir='ltr'><strong>ad</strong></span> <span class='ocrx_word' id='word_1_503' title='bbox 1204 3284 1324 3339; x_wconf 91' lang='lat' dir='ltr'><strong>illas</strong></span> <span class='ocrx_word' id='word_1_504' title='bbox 1350 3290 1614 3353; x_wconf 62' lang='lat' dir='ltr'><strong>praeterea</strong></span> <span class='ocrx_word' id='word_1_505' title='bbox 1645 3290 1958 3337; x_wconf 90' lang='lat' dir='ltr'><strong>sanctorum</strong></span> <span class='ocrx_word' id='word_1_506' title='bbox 1987 3278 2144 3335; x_wconf 84' lang='lat' dir='ltr'><strong>nobi-</strong></span> 
     </span>
    </p>
   </div>
   <div class='ocr_carea' id='block_1_67' title="bbox 552 3373 2146 3450">
    <p class='ocr_par' dir='ltr' id='par_1_67' title="bbox 552 3373 2146 3450">
     <span class='ocr_line' id='line_1_67' title="bbox 552 3373 2146 3450; baseline -0.008 -13"><span class='ocrx_word' id='word_1_507' title='bbox 552 3380 790 3437; x_wconf 85' lang='lat' dir='ltr'><strong>lissimas</strong></span> <span class='ocrx_word' id='word_1_508' title='bbox 820 3379 1235 3450; x_wconf 85' lang='lat' dir='ltr'><strong>disputationes,</strong></span> <span class='ocrx_word' id='word_1_509' title='bbox 1272 3391 1377 3431; x_wconf 93' lang='lat' dir='ltr'><strong>non</strong></span> <span class='ocrx_word' id='word_1_510' title='bbox 1411 3375 1463 3430; x_wconf 93' lang='lat' dir='ltr'><strong>in</strong></span> <span class='ocrx_word' id='word_1_511' title='bbox 1488 3373 1796 3430; x_wconf 79' lang='lat' dir='ltr'><strong>Academiae</strong></span> <span class='ocrx_word' id='word_1_512' title='bbox 1844 3385 2146 3427; x_wconf 69' lang='lat' dir='ltr'><strong>nemorosa:</strong></span> 
     </span>
    </p>
   </div>
   <div class='ocr_carea' id='block_1_68' title="bbox 551 3462 2144 3543">
    <p class='ocr_par' dir='ltr' id='par_1_68' title="bbox 551 3462 2144 3543">
     <span class='ocr_line' id='line_1_68' title="bbox 551 3462 2144 3543; baseline -0.006 -16"><span class='ocrx_word' id='word_1_513' title='bbox 551 3473 800 3528; x_wconf 82' lang='lat' dir='ltr'><strong>obscuris</strong></span> <span class='ocrx_word' id='word_1_514' title='bbox 828 3480 1011 3527; x_wconf 80' lang='lat' dir='ltr'><strong>textas</strong></span> <span class='ocrx_word' id='word_1_515' title='bbox 1042 3471 1151 3543; x_wconf 76' lang='grc' dir='ltr'><strong>[Αἰ.</strong></span> <span class='ocrx_word' id='word_1_516' title='bbox 1187 3467 1381 3540; x_wconf 84' lang='lat' dir='ltr'><strong>tectas]</strong></span> <span class='ocrx_word' id='word_1_517' title='bbox 1411 3466 1745 3543; x_wconf 87' lang='lat' dir='ltr'><strong>umbraculis</strong></span> <span class='ocrx_word' id='word_1_518' title='bbox 1766 3508 1779 3532; x_wconf 94' lang='lat'><strong>,</strong></span> <span class='ocrx_word' id='word_1_519' title='bbox 1810 3465 1905 3522; x_wconf 90' lang='lat' dir='ltr'><strong>sed</strong></span> <span class='ocrx_word' id='word_1_520' title='bbox 1936 3462 2144 3520; x_wconf 69' lang='lat' dir='ltr'><strong>caelesti</strong></span> 
     </span>
    </p>
   </div>
   <div class='ocr_carea' id='block_1_69' title="bbox 554 3542 2147 3632">
    <p class='ocr_par' dir='ltr' id='par_1_69' title="bbox 554 3542 2147 3632">
     <span class='ocr_line' id='line_1_69' title="bbox 554 3542 2147 3632; baseline -0.006 -11"><span class='ocrx_word' id='word_1_521' title='bbox 554 3567 851 3621; x_wconf 89' lang='lat' dir='ltr'><strong>illustratas</strong></span> <span class='ocrx_word' id='word_1_522' title='bbox 903 3581 970 3620; x_wconf 84' lang='lat' dir='ltr'><strong>ex</strong></span> <span class='ocrx_word' id='word_1_523' title='bbox 1019 3542 1243 3619; x_wconf 83' lang='lat' dir='ltr'><strong>lumine.</strong></span> <span class='ocrx_word' id='word_1_524' title='bbox 1298 3563 1496 3618; x_wconf 85' lang='lat' dir='ltr'><strong>Beatus</strong></span> <span class='ocrx_word' id='word_1_525' title='bbox 1549 3542 1731 3632; x_wconf 69' lang='lat' dir='ltr'><strong>itaqde</strong></span> <span class='ocrx_word' id='word_1_526' title='bbox 1784 3560 2147 3630; x_wconf 80' lang='lat' dir='ltr'><strong>Hieronymus</strong></span> 
     </span>
    </p>
   </div>
   <div class='ocr_carea' id='block_1_70' title="bbox 557 3652 2147 3724">
    <p class='ocr_par' dir='ltr' id='par_1_70' title="bbox 557 3652 2147 3724">
     <span class='ocr_line' id='line_1_70' title="bbox 557 3652 2147 3724; baseline -0.005 -12"><span class='ocrx_word' id='word_1_527' title='bbox 557 3668 665 3712; x_wconf 85' lang='lat' dir='ltr'><strong>tam</strong></span> <span class='ocrx_word' id='word_1_528' title='bbox 696 3666 943 3711; x_wconf 90' lang='lat' dir='ltr'><strong>sanctum</strong></span> <span class='ocrx_word' id='word_1_529' title='bbox 964 3656 1308 3711; x_wconf 74' lang='lat' dir='ltr'><strong>Victorinum</strong></span> <span class='ocrx_word' id='word_1_530' title='bbox 1342 3663 1655 3724; x_wconf 86' lang='lat' dir='ltr'><strong>martyrem,</strong></span> <span class='ocrx_word' id='word_1_531' title='bbox 1679 3667 1838 3722; x_wconf 90' lang='lat' dir='ltr'><strong>quam</strong></span> <span class='ocrx_word' id='word_1_532' title='bbox 1858 3652 2147 3722; x_wconf 89' lang='lat' dir='ltr'><strong>plerosque</strong></span> 
     </span>
    </p>
   </div>
   <div class='ocr_carea' id='block_1_71' title="bbox 554 3743 2147 3818">
    <p class='ocr_par' dir='ltr' id='par_1_71' title="bbox 554 3743 2147 3818">
     <span class='ocr_line' id='line_1_71' title="bbox 554 3743 2147 3818; baseline -0.006 -11"><span class='ocrx_word' id='word_1_533' title='bbox 554 3751 855 3807; x_wconf 77' lang='lat' dir='ltr'><strong>catholicos</strong></span> <span class='ocrx_word' id='word_1_534' title='bbox 880 3758 1101 3805; x_wconf 92' lang='lat' dir='ltr'><strong>secutus</strong></span> <span class='ocrx_word' id='word_1_535' title='bbox 1128 3791 1141 3815; x_wconf 94' lang='lat'><strong>,</strong></span> <span class='ocrx_word' id='word_1_536' title='bbox 1168 3764 1228 3804; x_wconf 89' lang='lat' dir='ltr'><strong>se</strong></span> <span class='ocrx_word' id='word_1_537' title='bbox 1262 3749 1439 3818; x_wconf 84' lang='lat' dir='ltr'><strong>potius</strong></span> <span class='ocrx_word' id='word_1_538' title='bbox 1465 3747 1614 3812; x_wconf 90' lang='lat' dir='ltr'><strong>ﬁeri,</strong></span> <span class='ocrx_word' id='word_1_539' title='bbox 1654 3761 1816 3815; x_wconf 90' lang='lat' dir='ltr'><strong>quam</strong></span> <span class='ocrx_word' id='word_1_540' title='bbox 1865 3743 2147 3815; x_wconf 86' lang='lat' dir='ltr'><strong>prepagari</strong></span> 
     </span>
    </p>
   </div>
   <div class='ocr_carea' id='block_1_72' title="bbox 556 3834 2145 3909">
    <p class='ocr_par' dir='ltr' id='par_1_72' title="bbox 556 3834 2145 3909">
     <span class='ocr_line' id='line_1_72' title="bbox 556 3834 2145 3909; baseline -0.008 -10"><span class='ocrx_word' id='word_1_541' title='bbox 556 3843 800 3899; x_wconf 86' lang='lat' dir='ltr'><strong>animas:</strong></span> <span class='ocrx_word' id='word_1_542' title='bbox 834 3840 1132 3897; x_wconf 89' lang='lat' dir='ltr'><strong>secundum</strong></span> <span class='ocrx_word' id='word_1_543' title='bbox 1168 3839 1294 3893; x_wconf 90' lang='lat' dir='ltr'><strong>illud</strong></span> <span class='ocrx_word' id='word_1_544' title='bbox 1326 3838 1467 3909; x_wconf 92' lang='lat' dir='ltr'><strong>quod</strong></span> <span class='ocrx_word' id='word_1_545' title='bbox 1496 3835 1859 3905; x_wconf 80' lang='lat' dir='ltr'><strong>inEvangelio</strong></span> <span class='ocrx_word' id='word_1_546' title='bbox 1886 3834 2145 3905; x_wconf 90' lang='lat' dir='ltr'><strong>scriptum</strong></span> 
     </span>
    </p>
   </div>
   <div class='ocr_carea' id='block_1_73' title="bbox 556 3932 2147 4003">
    <p class='ocr_par' dir='ltr' id='par_1_73' title="bbox 556 3932 2147 4003">
     <span class='ocr_line' id='line_1_73' title="bbox 556 3932 2147 4003; baseline -0.006 -13"><span class='ocrx_word' id='word_1_547' title='bbox 556 3946 674 3990; x_wconf 86' lang='lat' dir='ltr'><strong>est:</strong></span> <span class='ocrx_word' id='word_1_548' title='bbox 710 3934 871 3989; x_wconf 83' lang='lat' dir='ltr'><strong>Pater</strong></span> <span class='ocrx_word' id='word_1_549' title='bbox 894 3949 1034 3987; x_wconf 81' lang='lat' dir='ltr'><strong>meus</strong></span> <span class='ocrx_word' id='word_1_550' title='bbox 1058 3932 1289 4003; x_wconf 84' lang='lat' dir='ltr'><strong>quotidie</strong></span> <span class='ocrx_word' id='word_1_551' title='bbox 1306 3940 1572 4003; x_wconf 85' lang='lat' dir='ltr'><strong>aperatur,</strong></span> <span class='ocrx_word' id='word_1_552' title='bbox 1597 3937 1644 3983; x_wconf 86' lang='lat' dir='ltr'><strong>et</strong></span> <span class='ocrx_word' id='word_1_553' title='bbox 1672 3943 1763 3998; x_wconf 84' lang='lat' dir='ltr'><strong>ego</strong></span> <span class='ocrx_word' id='word_1_554' title='bbox 1792 3943 1995 3999; x_wconf 82' lang='lat' dir='ltr'><strong>aperor,</strong></span> <span class='ocrx_word' id='word_1_555' title='bbox 2030 3940 2147 3981; x_wconf 81' lang='lat' dir='ltr'><strong>cre-</strong></span> 
     </span>
    </p>
   </div>
   <div class='ocr_carea' id='block_1_74' title="bbox 560 4020 2147 4097">
    <p class='ocr_par' dir='ltr' id='par_1_74' title="bbox 560 4020 2147 4097">
     <span class='ocr_line' id='line_1_74' title="bbox 560 4020 2147 4097; baseline -0.006 -15"><span class='ocrx_word' id='word_1_556' title='bbox 560 4025 690 4083; x_wconf 90' lang='lat' dir='ltr'><strong>dcrc</strong></span> <span class='ocrx_word' id='word_1_557' title='bbox 741 4025 1084 4097; x_wconf 85' lang='lat' dir='ltr'><strong>signiﬁcavit.</strong></span> <span class='ocrx_word' id='word_1_558' title='bbox 1142 4024 1380 4080; x_wconf 89' lang='lat' dir='ltr'><strong>Sanctus</strong></span> <span class='ocrx_word' id='word_1_559' title='bbox 1412 4038 1625 4094; x_wconf 92' lang='lat' dir='ltr'><strong>quoque</strong></span> <span class='ocrx_word' id='word_1_560' title='bbox 1655 4023 1988 4093; x_wconf 86' lang='lat' dir='ltr'><strong>Augustinus</strong></span> <span class='ocrx_word' id='word_1_561' title='bbox 2010 4020 2147 4074; x_wconf 87' lang='lat' dir='ltr'><strong>hanc</strong></span> 
     </span>
    </p>
   </div>
   <div class='ocr_carea' id='block_1_75' title="bbox 559 4112 2148 4189">
    <p class='ocr_par' dir='ltr' id='par_1_75' title="bbox 559 4112 2148 4189">
     <span class='ocr_line' id='line_1_75' title="bbox 559 4112 2148 4189; baseline -0.005 -16"><span class='ocrx_word' id='word_1_562' title='bbox 559 4120 873 4189; x_wconf 78' lang='lat' dir='ltr'><strong>Opinionem</strong></span> <span class='ocrx_word' id='word_1_563' title='bbox 914 4120 968 4173; x_wconf 92' lang='lat' dir='ltr'><strong>in</strong></span> <span class='ocrx_word' id='word_1_564' title='bbox 1020 4126 1145 4172; x_wconf 91' lang='lat' dir='ltr'><strong>octo</strong></span> <span class='ocrx_word' id='word_1_565' title='bbox 1190 4115 1478 4171; x_wconf 91' lang='lat' dir='ltr'><strong>admodum</strong></span> <span class='ocrx_word' id='word_1_566' title='bbox 1515 4114 1907 4179; x_wconf 85' lang='lat' dir='ltr'><strong>voluminibus,</strong></span> <span class='ocrx_word' id='word_1_567' title='bbox 1968 4112 2148 4167; x_wconf 86' lang='lat' dir='ltr'><strong>verbis</strong></span> 
     </span>
    </p>
   </div>
   <div class='ocr_carea' id='block_1_76' title="bbox 558 4208 2145 4277">
    <p class='ocr_par' dir='ltr' id='par_1_76' title="bbox 558 4208 2145 4277">
     <span class='ocr_line' id='line_1_76' title="bbox 558 4208 2145 4277; baseline -0.006 -10"><span class='ocrx_word' id='word_1_568' title='bbox 558 4214 695 4268; x_wconf 92' lang='lat' dir='ltr'><strong>tucri</strong></span> <span class='ocrx_word' id='word_1_569' title='bbox 728 4212 987 4267; x_wconf 91' lang='lat' dir='ltr'><strong>cernitur.</strong></span> <span class='ocrx_word' id='word_1_570' title='bbox 1036 4209 1143 4267; x_wconf 93' lang='lat' dir='ltr'><strong>Sed</strong></span> <span class='ocrx_word' id='word_1_571' title='bbox 1170 4224 1293 4265; x_wconf 92' lang='lat' dir='ltr'><strong>cum</strong></span> <span class='ocrx_word' id='word_1_572' title='bbox 1327 4208 1591 4277; x_wconf 89' lang='lat' dir='ltr'><strong>originale</strong></span> <span class='ocrx_word' id='word_1_573' title='bbox 1616 4216 2145 4277; x_wconf 71' lang='lat' dir='ltr'><strong>peccatutnpoenas-</strong></span> 
     </span>
    </p>
   </div>
   <div class='ocr_carea' id='block_1_77' title="bbox 555 4295 2148 4377">
    <p class='ocr_par' dir='ltr' id='par_1_77' title="bbox 555 4295 2148 4377">
     <span class='ocr_line' id='line_1_77' title="bbox 555 4295 2148 4377; baseline -0.005 -20"><span class='ocrx_word' id='word_1_574' title='bbox 555 4322 663 4377; x_wconf 89' lang='lat' dir='ltr'><strong>que</strong></span> <span class='ocrx_word' id='word_1_575' title='bbox 692 4303 1069 4375; x_wconf 83' lang='lat' dir='ltr'><strong>parvulorum,</strong></span> <span class='ocrx_word' id='word_1_576' title='bbox 1094 4302 1185 4372; x_wconf 86' lang='lat' dir='ltr'><strong>qui</strong></span> <span class='ocrx_word' id='word_1_577' title='bbox 1215 4301 1335 4356; x_wconf 90' lang='lat' dir='ltr'><strong>sine</strong></span> <span class='ocrx_word' id='word_1_578' title='bbox 1365 4298 1688 4370; x_wconf 85' lang='lat' dir='ltr'><strong>baptismate</strong></span> <span class='ocrx_word' id='word_1_579' title='bbox 1718 4298 2040 4360; x_wconf 90' lang='lat' dir='ltr'><strong>moriuntur,</strong></span> <span class='ocrx_word' id='word_1_580' title='bbox 2055 4295 2148 4350; x_wconf 86' lang='lat' dir='ltr'><strong>de-</strong></span> 
     </span>
    </p>
   </div>
   <div class='ocr_carea' id='block_1_78' title="bbox 561 4391 2140 4463">
    <p class='ocr_par' dir='ltr' id='par_1_78' title="bbox 561 4391 2140 4463">
     <span class='ocr_line' id='line_1_78' title="bbox 561 4391 2140 4463; baseline -0.005 -12"><span class='ocrx_word' id='word_1_581' title='bbox 561 4399 773 4453; x_wconf 86' lang='lat' dir='ltr'><strong>clarare</strong></span> <span class='ocrx_word' id='word_1_582' title='bbox 804 4398 999 4451; x_wconf 90' lang='lat' dir='ltr'><strong>nititur</strong></span> <span class='ocrx_word' id='word_1_583' title='bbox 1022 4441 1036 4463; x_wconf 96' lang='lat'><strong>,</strong></span> <span class='ocrx_word' id='word_1_584' title='bbox 1089 4412 1117 4449; x_wconf 93' lang='lat' dir='ltr'><strong>a</strong></span> <span class='ocrx_word' id='word_1_585' title='bbox 1154 4396 1262 4450; x_wconf 79' lang='lat' dir='ltr'><strong>Deo</strong></span> <span class='ocrx_word' id='word_1_586' title='bbox 1286 4394 1478 4450; x_wconf 84' lang='lat' dir='ltr'><strong>factam</strong></span> <span class='ocrx_word' id='word_1_587' title='bbox 1507 4394 1559 4448; x_wconf 92' lang='lat' dir='ltr'><strong>in</strong></span> <span class='ocrx_word' id='word_1_588' title='bbox 1589 4391 1783 4458; x_wconf 82' lang='lat' dir='ltr'><strong>Adam,</strong></span> <span class='ocrx_word' id='word_1_589' title='bbox 1836 4401 1890 4447; x_wconf 92' lang='lat' dir='ltr'><strong>et</strong></span> <span class='ocrx_word' id='word_1_590' title='bbox 1936 4406 2001 4445; x_wconf 89' lang='lat' dir='ltr'><strong>ex</strong></span> <span class='ocrx_word' id='word_1_591' title='bbox 2030 4391 2140 4461; x_wconf 90' lang='lat' dir='ltr'><strong>ipsa</strong></span> 
     </span>
    </p>
   </div>
   <div class='ocr_carea' id='block_1_79' title="bbox 550 4485 2143 4554">
    <p class='ocr_par' dir='ltr' id='par_1_79' title="bbox 550 4485 2143 4554">
     <span class='ocr_line' id='line_1_79' title="bbox 550 4485 2143 4554; baseline -0.006 -8"><span class='ocrx_word' id='word_1_592' title='bbox 550 4492 794 4546; x_wconf 90' lang='lat' dir='ltr'><strong>omnium</strong></span> <span class='ocrx_word' id='word_1_593' title='bbox 846 4489 1131 4544; x_wconf 90' lang='lat' dir='ltr'><strong>hominum</strong></span> <span class='ocrx_word' id='word_1_594' title='bbox 1163 4486 1372 4541; x_wconf 91' lang='lat' dir='ltr'><strong>animas</strong></span> <span class='ocrx_word' id='word_1_595' title='bbox 1406 4486 1670 4550; x_wconf 80' lang='lat' dir='ltr'><strong>existere,</strong></span> <span class='ocrx_word' id='word_1_596' title='bbox 1716 4495 1822 4539; x_wconf 90' lang='lat' dir='ltr'><strong>tam</strong></span> <span class='ocrx_word' id='word_1_597' title='bbox 1848 4485 1959 4537; x_wconf 87' lang='lat' dir='ltr'><strong>suis</strong></span> <span class='ocrx_word' id='word_1_598' title='bbox 1982 4498 2143 4554; x_wconf 77' lang='lat' dir='ltr'><strong>argu-</strong></span> 
     </span>
    </p>
   </div>
   <div class='ocr_carea' id='block_1_80' title="bbox 550 4575 2140 4653">
    <p class='ocr_par' dir='ltr' id='par_1_80' title="bbox 550 4575 2140 4653">
     <span class='ocr_line' id='line_1_80' title="bbox 550 4575 2140 4653; baseline -0.004 -15"><span class='ocrx_word' id='word_1_599' title='bbox 550 4583 771 4649; x_wconf 86' lang='lat' dir='ltr'><strong>mentis,</strong></span> <span class='ocrx_word' id='word_1_600' title='bbox 805 4596 962 4653; x_wconf 88' lang='lat' dir='ltr'><strong>quam</strong></span> <span class='ocrx_word' id='word_1_601' title='bbox 990 4579 1390 4650; x_wconf 90' lang='lat' dir='ltr'><strong>Scripturarum</strong></span> <span class='ocrx_word' id='word_1_602' title='bbox 1414 4575 1756 4643; x_wconf 85' lang='lat' dir='ltr'><strong>testimoniis,</strong></span> <span class='ocrx_word' id='word_1_603' title='bbox 1782 4584 1839 4629; x_wconf 92' lang='lat' dir='ltr'><strong>ut</strong></span> <span class='ocrx_word' id='word_1_604' title='bbox 1863 4587 1943 4629; x_wconf 83' lang='lat' dir='ltr'><strong>cst</strong></span> <span class='ocrx_word' id='word_1_605' title='bbox 1976 4575 2104 4630; x_wconf 88' lang='lat' dir='ltr'><strong>illttd</strong></span> <span class='ocrx_word' id='word_1_606' title='bbox 2128 4594 2140 4631; x_wconf 90' lang='lat'><strong>:</strong></span> 
     </span>
    </p>
   </div>
   <div class='ocr_carea' id='block_1_81' title="bbox 548 4666 2145 4745">
    <p class='ocr_par' dir='ltr' id='par_1_81' title="bbox 548 4666 2145 4745">
     <span class='ocr_line' id='line_1_81' title="bbox 548 4666 2145 4745; baseline -0.005 -17"><span class='ocrx_word' id='word_1_607' title='bbox 548 4676 750 4728; x_wconf 82' lang='lat' dir='ltr'><strong>Anima:</strong></span> <span class='ocrx_word' id='word_1_608' title='bbox 794 4689 909 4745; x_wconf 77' lang='lat' dir='ltr'><strong>qua:</strong></span> <span class='ocrx_word' id='word_1_609' title='bbox 936 4673 1181 4744; x_wconf 69' lang='lat' dir='ltr'><strong>ingressa:</strong></span> <span class='ocrx_word' id='word_1_610' title='bbox 1210 4680 1331 4726; x_wconf 87' lang='lat' dir='ltr'><strong>sunt</strong></span> <span class='ocrx_word' id='word_1_611' title='bbox 1370 4687 1487 4723; x_wconf 88' lang='lat' dir='ltr'><strong>cum</strong></span> <span class='ocrx_word' id='word_1_612' title='bbox 1514 4667 1677 4723; x_wconf 77' lang='lat' dir='ltr'><strong>Iacob</strong></span> <span class='ocrx_word' id='word_1_613' title='bbox 1719 4666 2040 4740; x_wconf 67' lang='lat' dir='ltr'><strong>Afgyptum,</strong></span> <span class='ocrx_word' id='word_1_614' title='bbox 2097 4678 2145 4722; x_wconf 82' lang='lat' dir='ltr'><strong>et</strong></span> 
     </span>
    </p>
   </div>
   <div class='ocr_carea' id='block_1_82' title="bbox 547 4761 2141 4842">
    <p class='ocr_par' dir='ltr' id='par_1_82' title="bbox 547 4761 2141 4842">
     <span class='ocr_line' id='line_1_82' title="bbox 547 4761 2141 4842; baseline -0.004 -20"><span class='ocrx_word' id='word_1_615' title='bbox 547 4784 763 4842; x_wconf 67' lang='lat' dir='ltr'><strong>egressis</strong></span> <span class='ocrx_word' id='word_1_616' title='bbox 791 4768 854 4821; x_wconf 81' lang='lat' dir='ltr'><strong>de</strong></span> <span class='ocrx_word' id='word_1_617' title='bbox 883 4770 1081 4837; x_wconf 73' lang='lat' dir='ltr'><strong>femore</strong></span> <span class='ocrx_word' id='word_1_618' title='bbox 1112 4765 1279 4831; x_wconf 84' lang='lat' dir='ltr'><strong>illius,</strong></span> <span class='ocrx_word' id='word_1_619' title='bbox 1310 4761 1563 4834; x_wconf 82' lang='lat' dir='ltr'><strong>amplecti</strong></span> <span class='ocrx_word' id='word_1_620' title='bbox 1597 4776 1896 4831; x_wconf 88' lang='lat' dir='ltr'><strong>propensus</strong></span> <span class='ocrx_word' id='word_1_621' title='bbox 1926 4775 2141 4832; x_wconf 87' lang='lat' dir='ltr'><strong>compe-</strong></span> 
     </span>
    </p>
   </div>
   <div class='ocr_carea' id='block_1_83' title="bbox 547 4864 705 4915">
    <p class='ocr_par' dir='ltr' id='par_1_83' title="bbox 547 4864 705 4915">
     <span class='ocr_line' id='line_1_83' title="bbox 547 4864 705 4915; baseline -0.006 -1"><span class='ocrx_word' id='word_1_622' title='bbox 547 4864 705 4915; x_wconf 85' lang='lat' dir='ltr'><strong>ritur.</strong></span> 
     </span>
    </p>
   </div>
   <div class='ocr_carea' id='block_1_84' title="bbox 622 4945 2136 5021">
    <p class='ocr_par' dir='ltr' id='par_1_84' title="bbox 622 4945 2136 5021">
     <span class='ocr_line' id='line_1_84' title="bbox 622 4945 2136 5021; baseline -0.001 -16"><span class='ocrx_word' id='word_1_623' title='bbox 622 4950 754 5006; x_wconf 82' lang='lat' dir='ltr'><strong>Vlll.</strong></span> <span class='ocrx_word' id='word_1_624' title='bbox 781 4951 946 5021; x_wconf 84' lang='lat' dir='ltr'><strong>llujus</strong></span> <span class='ocrx_word' id='word_1_625' title='bbox 972 4948 1365 5007; x_wconf 89' lang='lat' dir='ltr'><strong>assertionibus</strong></span> <span class='ocrx_word' id='word_1_626' title='bbox 1395 4946 1582 5003; x_wconf 86' lang='lat' dir='ltr'><strong>beatus</strong></span> <span class='ocrx_word' id='word_1_627' title='bbox 1596 4945 1899 5003; x_wconf 89' lang='lat' dir='ltr'><strong>Gaudiosus</strong></span> <span class='ocrx_word' id='word_1_628' title='bbox 1924 4948 2136 5018; x_wconf 88' lang='lat' dir='ltr'><strong>episco-</strong></span> 
     </span>
    </p>
   </div>
   <div class='ocr_carea' id='block_1_85' title="bbox 549 5040 2143 5117">
    <p class='ocr_par' dir='ltr' id='par_1_85' title="bbox 549 5040 2143 5117">
     <span class='ocr_line' id='line_1_85' title="bbox 549 5040 2143 5117; baseline -0.001 -20"><span class='ocrx_word' id='word_1_629' title='bbox 549 5059 685 5117; x_wconf 87' lang='lat' dir='ltr'><strong>pus,</strong></span> <span class='ocrx_word' id='word_1_630' title='bbox 745 5045 1049 5097; x_wconf 87' lang='lat' dir='ltr'><strong>anitnarum</strong></span> <span class='ocrx_word' id='word_1_631' title='bbox 1084 5054 1143 5099; x_wconf 91' lang='lat' dir='ltr'><strong>et</strong></span> <span class='ocrx_word' id='word_1_632' title='bbox 1172 5056 1462 5113; x_wconf 87' lang='lat' dir='ltr'><strong>corporum</strong></span> <span class='ocrx_word' id='word_1_633' title='bbox 1498 5041 1930 5110; x_wconf 87' lang='lat' dir='ltr'><strong>promptissimus</strong></span> <span class='ocrx_word' id='word_1_634' title='bbox 1974 5040 2143 5096; x_wconf 90' lang='lat' dir='ltr'><strong>medi-</strong></span> 
     </span>
    </p>
   </div>
   <div class='ocr_carea' id='block_1_86' title="bbox 548 5134 2141 5206">
    <p class='ocr_par' dir='ltr' id='par_1_86' title="bbox 548 5134 2141 5206">
     <span class='ocr_line' id='line_1_86' title="bbox 548 5134 2141 5206; baseline -0.001 -15"><span class='ocrx_word' id='word_1_635' title='bbox 548 5152 667 5201; x_wconf 89' lang='lat' dir='ltr'><strong>cus,</strong></span> <span class='ocrx_word' id='word_1_636' title='bbox 698 5134 1003 5204; x_wconf 90' lang='lat' dir='ltr'><strong>nostrisque</strong></span> <span class='ocrx_word' id='word_1_637' title='bbox 1035 5135 1372 5206; x_wconf 89' lang='lat' dir='ltr'><strong>temporibus</strong></span> <span class='ocrx_word' id='word_1_638' title='bbox 1401 5149 1540 5189; x_wconf 92' lang='lat' dir='ltr'><strong>unus</strong></span> <span class='ocrx_word' id='word_1_639' title='bbox 1582 5143 1819 5205; x_wconf 84' lang='lat' dir='ltr'><strong>martyr:</strong></span> <span class='ocrx_word' id='word_1_640' title='bbox 1870 5149 1992 5189; x_wconf 90' lang='lat' dir='ltr'><strong>cum</strong></span> <span class='ocrx_word' id='word_1_641' title='bbox 2046 5150 2141 5189; x_wconf 89' lang='lat' dir='ltr'><strong>no-</strong></span> 
     </span>
    </p>
   </div>
   <div class='ocr_carea' id='block_1_87' title="bbox 554 5226 2139 5300">
    <p class='ocr_par' dir='ltr' id='par_1_87' title="bbox 554 5226 2139 5300">
     <span class='ocr_line' id='line_1_87' title="bbox 554 5226 2139 5300; baseline -0.001 -17"><span class='ocrx_word' id='word_1_642' title='bbox 554 5230 763 5285; x_wconf 90' lang='lat' dir='ltr'><strong>biscum</strong></span> <span class='ocrx_word' id='word_1_643' title='bbox 793 5230 1123 5300; x_wconf 91' lang='lat' dir='ltr'><strong>colloquium</strong></span> <span class='ocrx_word' id='word_1_644' title='bbox 1157 5228 1496 5285; x_wconf 82' lang='lat' dir='ltr'><strong>familiariter</strong></span> <span class='ocrx_word' id='word_1_645' title='bbox 1525 5226 1825 5295; x_wconf 87' lang='lat' dir='ltr'><strong>habuisset,</strong></span> <span class='ocrx_word' id='word_1_646' title='bbox 1857 5243 1953 5298; x_wconf 91' lang='lat' dir='ltr'><strong>per</strong></span> <span class='ocrx_word' id='word_1_647' title='bbox 1977 5238 2139 5282; x_wconf 90' lang='lat' dir='ltr'><strong>totam</strong></span> 
     </span>
    </p>
   </div>
   <div class='ocr_carea' id='block_1_88' title="bbox 551 5318 2143 5390">
    <p class='ocr_par' dir='ltr' id='par_1_88' title="bbox 551 5318 2143 5390">
     <span class='ocr_line' id='line_1_88' title="bbox 551 5318 2143 5390; baseline -0.003 -13"><span class='ocrx_word' id='word_1_648' title='bbox 551 5322 815 5378; x_wconf 87' lang='lat' dir='ltr'><strong>orationis</strong></span> <span class='ocrx_word' id='word_1_649' title='bbox 847 5336 961 5377; x_wconf 78' lang='lat' dir='ltr'><strong>suae</strong></span> <span class='ocrx_word' id='word_1_650' title='bbox 990 5322 1186 5377; x_wconf 86' lang='lat' dir='ltr'><strong>seriem</strong></span> <span class='ocrx_word' id='word_1_651' title='bbox 1210 5320 1637 5375; x_wconf 89' lang='lat' dir='ltr'><strong>evidentissimis</strong></span> <span class='ocrx_word' id='word_1_652' title='bbox 1665 5318 2143 5390; x_wconf 87' lang='lat' dir='ltr'><strong>approbationibus</strong></span> 
     </span>
    </p>
   </div>
   <div class='ocr_carea' id='block_1_89' title="bbox 550 5409 2143 5479">
    <p class='ocr_par' dir='ltr' id='par_1_89' title="bbox 550 5409 2143 5479">
     <span class='ocr_line' id='line_1_89' title="bbox 550 5409 2143 5479; baseline -0.003 -11"><span class='ocrx_word' id='word_1_653' title='bbox 550 5428 681 5468; x_wconf 90' lang='lat' dir='ltr'><strong>usus</strong></span> <span class='ocrx_word' id='word_1_654' title='bbox 703 5424 808 5468; x_wconf 88' lang='lat' dir='ltr'><strong>est.</strong></span> <span class='ocrx_word' id='word_1_655' title='bbox 850 5412 920 5467; x_wconf 81' lang='lat' dir='ltr'><strong>At</strong></span> <span class='ocrx_word' id='word_1_656' title='bbox 949 5428 1077 5467; x_wconf 88' lang='lat' dir='ltr'><strong>vero</strong></span> <span class='ocrx_word' id='word_1_657' title='bbox 1101 5421 1323 5467; x_wconf 87' lang='lat' dir='ltr'><strong>sanctus</strong></span> <span class='ocrx_word' id='word_1_658' title='bbox 1353 5410 1695 5474; x_wconf 83' lang='lat' dir='ltr'><strong>Ambrosius,</strong></span> <span class='ocrx_word' id='word_1_659' title='bbox 1728 5423 1887 5479; x_wconf 90' lang='lat' dir='ltr'><strong>quem</strong></span> <span class='ocrx_word' id='word_1_660' title='bbox 1908 5409 2018 5478; x_wconf 88' lang='lat' dir='ltr'><strong>jam</strong></span> <span class='ocrx_word' id='word_1_661' title='bbox 2050 5424 2143 5463; x_wconf 91' lang='lat' dir='ltr'><strong>su-</strong></span> 
     </span>
    </p>
   </div>
   <div class='ocr_carea' id='block_1_90' title="bbox 548 5502 2143 5576">
    <p class='ocr_par' dir='ltr' id='par_1_90' title="bbox 548 5502 2143 5576">
     <span class='ocr_line' id='line_1_90' title="bbox 548 5502 2143 5576; baseline -0.002 -15"><span class='ocrx_word' id='word_1_662' title='bbox 548 5505 736 5576; x_wconf 86' lang='lat' dir='ltr'><strong>perius</strong></span> <span class='ocrx_word' id='word_1_663' title='bbox 766 5506 908 5561; x_wconf 90' lang='lat' dir='ltr'><strong>inter</strong></span> <span class='ocrx_word' id='word_1_664' title='bbox 958 5505 1106 5561; x_wconf 88' lang='lat' dir='ltr'><strong>viros</strong></span> <span class='ocrx_word' id='word_1_665' title='bbox 1134 5504 1463 5574; x_wconf 87' lang='lat' dir='ltr'><strong>apostolicos</strong></span> <span class='ocrx_word' id='word_1_666' title='bbox 1507 5504 1948 5560; x_wconf 89' lang='lat' dir='ltr'><strong>memoravimus.</strong></span> <span class='ocrx_word' id='word_1_667' title='bbox 1984 5502 2143 5559; x_wconf 88' lang='lat' dir='ltr'><strong>Inho-</strong></span> 
     </span>
    </p>
   </div>
   <div class='ocr_carea' id='block_1_91' title="bbox 2168 4453 2223 4514">
    <p class='ocr_par' dir='ltr' id='par_1_91' title="bbox 2168 4453 2223 4514">
     <span class='ocr_line' id='line_1_91' title="bbox 2168 4453 2223 4514; baseline 0 0"><span class='ocrx_word' id='word_1_668' title='bbox 2168 4453 2223 4514; x_wconf 89' lang='lat' dir='ltr'><strong><em>D</em></strong></span> 
     </span>
    </p>
   </div>
   <div class='ocr_carea' id='block_1_92' title="bbox 2248 3188 3849 3269">
    <p class='ocr_par' dir='ltr' id='par_1_92' title="bbox 2248 3188 3849 3269">
     <span class='ocr_line' id='line_1_92' title="bbox 2248 3188 3849 3269; baseline -0.002 -17"><span class='ocrx_word' id='word_1_669' title='bbox 2248 3213 2355 3269; x_wconf 88' lang='lat' dir='ltr'><strong>que</strong></span> <span class='ocrx_word' id='word_1_670' title='bbox 2386 3198 2430 3252; x_wconf 91' lang='lat' dir='ltr'><strong>si</strong></span> <span class='ocrx_word' id='word_1_671' title='bbox 2451 3197 2562 3267; x_wconf 88' lang='lat' dir='ltr'><strong>jam</strong></span> <span class='ocrx_word' id='word_1_672' title='bbox 2596 3195 2830 3251; x_wconf 90' lang='lat' dir='ltr'><strong>formato</strong></span> <span class='ocrx_word' id='word_1_673' title='bbox 2852 3195 3065 3265; x_wconf 89' lang='lat' dir='ltr'><strong>corpori</strong></span> <span class='ocrx_word' id='word_1_674' title='bbox 3096 3194 3256 3249; x_wconf 87' lang='lat' dir='ltr'><strong>datur</strong></span> <span class='ocrx_word' id='word_1_675' title='bbox 3282 3234 3297 3260; x_wconf 93' lang='lat'><strong>,</strong></span> <span class='ocrx_word' id='word_1_676' title='bbox 3329 3209 3434 3250; x_wconf 92' lang='lat' dir='ltr'><strong>non</strong></span> <span class='ocrx_word' id='word_1_677' title='bbox 3477 3194 3529 3248; x_wconf 93' lang='lat' dir='ltr'><strong>in</strong></span> <span class='ocrx_word' id='word_1_678' title='bbox 3572 3188 3849 3265; x_wconf 83' lang='lat' dir='ltr'><strong>conceptu</strong></span> 
     </span>
    </p>
   </div>
   <div class='ocr_carea' id='block_1_93' title="bbox 2248 3284 3847 3357">
    <p class='ocr_par' dir='ltr' id='par_1_93' title="bbox 2248 3284 3847 3357">
     <span class='ocr_line' id='line_1_93' title="bbox 2248 3284 3847 3357; baseline -0.003 -14"><span class='ocrx_word' id='word_1_679' title='bbox 2248 3288 2494 3357; x_wconf 90' lang='lat' dir='ltr'><strong>corporis</strong></span> <span class='ocrx_word' id='word_1_680' title='bbox 2520 3290 2759 3342; x_wconf 90' lang='lat' dir='ltr'><strong>nascitur</strong></span> <span class='ocrx_word' id='word_1_681' title='bbox 2781 3302 2902 3342; x_wconf 91' lang='lat' dir='ltr'><strong>cum</strong></span> <span class='ocrx_word' id='word_1_682' title='bbox 2933 3284 3142 3341; x_wconf 87' lang='lat' dir='ltr'><strong>semine</strong></span> <span class='ocrx_word' id='word_1_683' title='bbox 3173 3285 3446 3341; x_wconf 87' lang='lat' dir='ltr'><strong>derivata:</strong></span> <span class='ocrx_word' id='word_1_684' title='bbox 3476 3300 3596 3339; x_wconf 90' lang='lat' dir='ltr'><strong>nam</strong></span> <span class='ocrx_word' id='word_1_685' title='bbox 3638 3286 3687 3340; x_wconf 90' lang='lat' dir='ltr'><strong>si</strong></span> <span class='ocrx_word' id='word_1_686' title='bbox 3721 3301 3847 3341; x_wconf 89' lang='lat' dir='ltr'><strong>cum</strong></span> 
     </span>
    </p>
   </div>
   <div class='ocr_carea' id='block_1_94' title="bbox 2250 3378 3850 3456">
    <p class='ocr_par' dir='ltr' id='par_1_94' title="bbox 2250 3378 3850 3456">
     <span class='ocr_line' id='line_1_94' title="bbox 2250 3378 3850 3456; baseline -0.001 -20"><span class='ocrx_word' id='word_1_687' title='bbox 2250 3380 2460 3437; x_wconf 87' lang='lat' dir='ltr'><strong>semine</strong></span> <span class='ocrx_word' id='word_1_688' title='bbox 2513 3389 2568 3434; x_wconf 92' lang='lat' dir='ltr'><strong>et</strong></span> <span class='ocrx_word' id='word_1_689' title='bbox 2613 3379 2791 3434; x_wconf 89' lang='lat' dir='ltr'><strong>anima</strong></span> <span class='ocrx_word' id='word_1_690' title='bbox 2822 3379 3006 3435; x_wconf 83' lang='lat' dir='ltr'><strong>existit</strong></span> <span class='ocrx_word' id='word_1_691' title='bbox 3043 3394 3108 3434; x_wconf 84' lang='lat' dir='ltr'><strong>ex</strong></span> <span class='ocrx_word' id='word_1_692' title='bbox 3150 3378 3361 3450; x_wconf 88' lang='lat' dir='ltr'><strong>anima,</strong></span> <span class='ocrx_word' id='word_1_693' title='bbox 3415 3379 3600 3456; x_wconf 63' lang='lat' dir='ltr'><strong>multa;</strong></span> <span class='ocrx_word' id='word_1_694' title='bbox 3642 3381 3850 3435; x_wconf 77' lang='lat' dir='ltr'><strong>anima:</strong></span> 
     </span>
    </p>
   </div>
   <div class='ocr_carea' id='block_1_95' title="bbox 2249 3471 3851 3545">
    <p class='ocr_par' dir='ltr' id='par_1_95' title="bbox 2249 3471 3851 3545">
     <span class='ocr_line' id='line_1_95' title="bbox 2249 3471 3851 3545; baseline 0.001 -18"><span class='ocrx_word' id='word_1_695' title='bbox 2249 3472 2492 3545; x_wconf 87' lang='lat' dir='ltr'><strong>quotidie</strong></span> <span class='ocrx_word' id='word_1_696' title='bbox 2516 3480 2775 3543; x_wconf 82' lang='lat' dir='ltr'><strong>pereunt:</strong></span> <span class='ocrx_word' id='word_1_697' title='bbox 2804 3485 2923 3526; x_wconf 85' lang='lat' dir='ltr'><strong>cum</strong></span> <span class='ocrx_word' id='word_1_698' title='bbox 2951 3486 3138 3527; x_wconf 88' lang='lat' dir='ltr'><strong>semen</strong></span> <span class='ocrx_word' id='word_1_699' title='bbox 3153 3471 3299 3527; x_wconf 88' lang='lat' dir='ltr'><strong>ﬁuxu</strong></span> <span class='ocrx_word' id='word_1_700' title='bbox 3329 3471 3561 3543; x_wconf 86' lang='lat' dir='ltr'><strong>quodam</strong></span> <span class='ocrx_word' id='word_1_701' title='bbox 3587 3487 3699 3528; x_wconf 91' lang='lat' dir='ltr'><strong>non</strong></span> <span class='ocrx_word' id='word_1_702' title='bbox 3723 3488 3851 3543; x_wconf 88' lang='lat' dir='ltr'><strong>pro-</strong></span> 
     </span>
    </p>
   </div>
   <div class='ocr_carea' id='block_1_96' title="bbox 2250 3564 2670 3621">
    <p class='ocr_par' dir='ltr' id='par_1_96' title="bbox 2250 3564 2670 3621">
     <span class='ocr_line' id='line_1_96' title="bbox 2250 3564 2670 3621; baseline -0.005 -1"><span class='ocrx_word' id='word_1_703' title='bbox 2250 3566 2358 3621; x_wconf 87' lang='lat' dir='ltr'><strong>ﬁcit</strong></span> <span class='ocrx_word' id='word_1_704' title='bbox 2383 3564 2670 3620; x_wconf 87' lang='lat' dir='ltr'><strong>natlvitati.</strong></span> 
     </span>
    </p>
   </div>
   <div class='ocr_carea' id='block_1_97' title="bbox 2323 3656 3855 3731">
    <p class='ocr_par' dir='ltr' id='par_1_97' title="bbox 2323 3656 3855 3731">
     <span class='ocr_line' id='line_1_97' title="bbox 2323 3656 3855 3731; baseline 0.003 -18"><span class='ocrx_word' id='word_1_705' title='bbox 2323 3657 2414 3713; x_wconf 79' lang='lat' dir='ltr'><strong>IX.</strong></span> <span class='ocrx_word' id='word_1_706' title='bbox 2449 3656 2557 3713; x_wconf 90' lang='lat' dir='ltr'><strong>Sed</strong></span> <span class='ocrx_word' id='word_1_707' title='bbox 2587 3657 2631 3711; x_wconf 93' lang='lat' dir='ltr'><strong>si</strong></span> <span class='ocrx_word' id='word_1_708' title='bbox 2664 3657 2812 3726; x_wconf 88' lang='lat' dir='ltr'><strong>prius</strong></span> <span class='ocrx_word' id='word_1_709' title='bbox 2850 3656 3235 3727; x_wconf 76' lang='lat' dir='ltr'><strong>respiciamus,</strong></span> <span class='ocrx_word' id='word_1_710' title='bbox 3269 3657 3570 3715; x_wconf 87' lang='lat' dir='ltr'><strong>videbimus</strong></span> <span class='ocrx_word' id='word_1_711' title='bbox 3597 3660 3733 3731; x_wconf 91' lang='lat' dir='ltr'><strong>quid</strong></span> <span class='ocrx_word' id='word_1_712' title='bbox 3763 3675 3855 3717; x_wconf 81' lang='lat' dir='ltr'><strong>se-</strong></span> 
     </span>
    </p>
   </div>
   <div class='ocr_carea' id='block_1_98' title="bbox 2250 3746 3851 3822">
    <p class='ocr_par' dir='ltr' id='par_1_98' title="bbox 2250 3746 3851 3822">
     <span class='ocr_line' id='line_1_98' title="bbox 2250 3746 3851 3822; baseline 0.004 -19"><span class='ocrx_word' id='word_1_713' title='bbox 2250 3752 2340 3822; x_wconf 91' lang='lat' dir='ltr'><strong>qui</strong></span> <span class='ocrx_word' id='word_1_714' title='bbox 2388 3749 2703 3806; x_wconf 87' lang='lat' dir='ltr'><strong>debeamus.</strong></span> <span class='ocrx_word' id='word_1_715' title='bbox 2753 3746 3199 3820; x_wconf 88' lang='lat' dir='ltr'><strong>Contemplemur</strong></span> <span class='ocrx_word' id='word_1_716' title='bbox 3248 3751 3509 3808; x_wconf 86' lang='lat' dir='ltr'><strong>facturam</strong></span> <span class='ocrx_word' id='word_1_717' title='bbox 3555 3752 3689 3810; x_wconf 75' lang='lat' dir='ltr'><strong>Adae</strong></span> <span class='ocrx_word' id='word_1_718' title='bbox 3734 3771 3749 3808; x_wconf 91' lang='lat'><strong>:</strong></span> <span class='ocrx_word' id='word_1_719' title='bbox 3794 3756 3851 3810; x_wconf 91' lang='lat' dir='ltr'><strong>in</strong></span> 
     </span>
    </p>
   </div>
   <div class='ocr_carea' id='block_1_99' title="bbox 2251 3842 3853 3913">
    <p class='ocr_par' dir='ltr' id='par_1_99' title="bbox 2251 3842 3853 3913">
     <span class='ocr_line' id='line_1_99' title="bbox 2251 3842 3853 3913; baseline 0.003 -15"><span class='ocrx_word' id='word_1_720' title='bbox 2251 3842 2420 3898; x_wconf 72' lang='lat' dir='ltr'><strong>Adam</strong></span> <span class='ocrx_word' id='word_1_721' title='bbox 2454 3844 2597 3898; x_wconf 91' lang='lat' dir='ltr'><strong>enim</strong></span> <span class='ocrx_word' id='word_1_722' title='bbox 2645 3844 2955 3912; x_wconf 86' lang='lat' dir='ltr'><strong>exemplum</strong></span> <span class='ocrx_word' id='word_1_723' title='bbox 2983 3843 3166 3899; x_wconf 91' lang='lat' dir='ltr'><strong>datum</strong></span> <span class='ocrx_word' id='word_1_724' title='bbox 3212 3856 3296 3900; x_wconf 89' lang='lat' dir='ltr'><strong>est</strong></span> <span class='ocrx_word' id='word_1_725' title='bbox 3320 3886 3336 3913; x_wconf 90' lang='lat'><strong>,</strong></span> <span class='ocrx_word' id='word_1_726' title='bbox 3361 3855 3421 3901; x_wconf 93' lang='lat' dir='ltr'><strong>ut</strong></span> <span class='ocrx_word' id='word_1_727' title='bbox 3449 3861 3515 3902; x_wconf 81' lang='lat' dir='ltr'><strong>ex</strong></span> <span class='ocrx_word' id='word_1_728' title='bbox 3542 3860 3609 3902; x_wconf 91' lang='lat' dir='ltr'><strong>eo</strong></span> <span class='ocrx_word' id='word_1_729' title='bbox 3639 3848 3853 3903; x_wconf 87' lang='lat' dir='ltr'><strong>intelli-</strong></span> 
     </span>
    </p>
   </div>
   <div class='ocr_carea' id='block_1_100' title="bbox 2248 3935 3850 4009">
    <p class='ocr_par' dir='ltr' id='par_1_100' title="bbox 2248 3935 3850 4009">
     <span class='ocr_line' id='line_1_100' title="bbox 2248 3935 3850 4009; baseline 0.005 -23"><span class='ocrx_word' id='word_1_730' title='bbox 2248 3947 2424 4006; x_wconf 82' lang='lat' dir='ltr'><strong>gatur,</strong></span> <span class='ocrx_word' id='word_1_731' title='bbox 2452 3936 2573 4006; x_wconf 91' lang='lat' dir='ltr'><strong>quia</strong></span> <span class='ocrx_word' id='word_1_732' title='bbox 2601 3935 2713 4005; x_wconf 89' lang='lat' dir='ltr'><strong>jam</strong></span> <span class='ocrx_word' id='word_1_733' title='bbox 2762 3936 3051 3991; x_wconf 88' lang='lat' dir='ltr'><strong>formatum</strong></span> <span class='ocrx_word' id='word_1_734' title='bbox 3096 3953 3295 4007; x_wconf 86' lang='lat' dir='ltr'><strong>corpus</strong></span> <span class='ocrx_word' id='word_1_735' title='bbox 3330 3938 3539 4009; x_wconf 90' lang='lat' dir='ltr'><strong>accepit</strong></span> <span class='ocrx_word' id='word_1_736' title='bbox 3576 3939 3850 3996; x_wconf 88' lang='lat' dir='ltr'><strong>animam.</strong></span> 
     </span>
    </p>
   </div>
   <div class='ocr_carea' id='block_1_101' title="bbox 2249 4024 3855 4099">
    <p class='ocr_par' dir='ltr' id='par_1_101' title="bbox 2249 4024 3855 4099">
     <span class='ocr_line' id='line_1_101' title="bbox 2249 4024 3855 4099; baseline 0.004 -19"><span class='ocrx_word' id='word_1_737' title='bbox 2249 4024 2382 4080; x_wconf 77' lang='lat' dir='ltr'><strong>Nam</strong></span> <span class='ocrx_word' id='word_1_738' title='bbox 2413 4035 2627 4096; x_wconf 89' lang='lat' dir='ltr'><strong>poterat</strong></span> <span class='ocrx_word' id='word_1_739' title='bbox 2656 4028 2798 4083; x_wconf 90' lang='lat' dir='ltr'><strong>Deus</strong></span> <span class='ocrx_word' id='word_1_740' title='bbox 2823 4028 3060 4083; x_wconf 90' lang='lat' dir='ltr'><strong>animam</strong></span> <span class='ocrx_word' id='word_1_741' title='bbox 3092 4029 3222 4084; x_wconf 92' lang='lat' dir='ltr'><strong>limo</strong></span> <span class='ocrx_word' id='word_1_742' title='bbox 3249 4039 3406 4086; x_wconf 83' lang='lat' dir='ltr'><strong>terrae</strong></span> <span class='ocrx_word' id='word_1_743' title='bbox 3432 4030 3764 4099; x_wconf 87' lang='lat' dir='ltr'><strong>admiscere,</strong></span> <span class='ocrx_word' id='word_1_744' title='bbox 3796 4042 3855 4088; x_wconf 88' lang='lat' dir='ltr'><strong>et</strong></span> 
     </span>
    </p>
   </div>
   <div class='ocr_carea' id='block_1_102' title="bbox 2250 4117 3857 4193">
    <p class='ocr_par' dir='ltr' id='par_1_102' title="bbox 2250 4117 3857 4193">
     <span class='ocr_line' id='line_1_102' title="bbox 2250 4117 3857 4193; baseline 0.003 -19"><span class='ocrx_word' id='word_1_745' title='bbox 2250 4118 2328 4174; x_wconf 86' lang='lat' dir='ltr'><strong>sic</strong></span> <span class='ocrx_word' id='word_1_746' title='bbox 2360 4117 2597 4174; x_wconf 86' lang='lat' dir='ltr'><strong>formare</strong></span> <span class='ocrx_word' id='word_1_747' title='bbox 2625 4134 2842 4190; x_wconf 89' lang='lat' dir='ltr'><strong>corpus.</strong></span> <span class='ocrx_word' id='word_1_748' title='bbox 2890 4119 2997 4175; x_wconf 91' lang='lat' dir='ltr'><strong>Sed</strong></span> <span class='ocrx_word' id='word_1_749' title='bbox 3046 4121 3186 4175; x_wconf 90' lang='lat' dir='ltr'><strong>ratio</strong></span> <span class='ocrx_word' id='word_1_750' title='bbox 3218 4122 3538 4187; x_wconf 89' lang='lat' dir='ltr'><strong>inﬁrmatur,</strong></span> <span class='ocrx_word' id='word_1_751' title='bbox 3564 4123 3690 4193; x_wconf 85' lang='lat' dir='ltr'><strong>quia</strong></span> <span class='ocrx_word' id='word_1_752' title='bbox 3739 4125 3857 4193; x_wconf 87' lang='lat' dir='ltr'><strong>pri-</strong></span> 
     </span>
    </p>
   </div>
   <div class='ocr_carea' id='block_1_103' title="bbox 2250 4210 3854 4283">
    <p class='ocr_par' dir='ltr' id='par_1_103' title="bbox 2250 4210 3854 4283">
     <span class='ocr_line' id='line_1_103' title="bbox 2250 4210 3854 4283; baseline 0.003 -19"><span class='ocrx_word' id='word_1_753' title='bbox 2250 4224 2399 4264; x_wconf 87' lang='lat' dir='ltr'><strong>mum</strong></span> <span class='ocrx_word' id='word_1_754' title='bbox 2431 4210 2714 4279; x_wconf 89' lang='lat' dir='ltr'><strong>oportebat</strong></span> <span class='ocrx_word' id='word_1_755' title='bbox 2736 4210 2954 4265; x_wconf 93' lang='lat' dir='ltr'><strong>domum</strong></span> <span class='ocrx_word' id='word_1_756' title='bbox 2985 4212 3354 4283; x_wconf 89' lang='lat' dir='ltr'><strong>compaginari</strong></span> <span class='ocrx_word' id='word_1_757' title='bbox 3381 4254 3397 4280; x_wconf 91' lang='lat'><strong>,</strong></span> <span class='ocrx_word' id='word_1_758' title='bbox 3430 4223 3485 4268; x_wconf 92' lang='lat' dir='ltr'><strong>et</strong></span> <span class='ocrx_word' id='word_1_759' title='bbox 3522 4213 3601 4268; x_wconf 91' lang='lat' dir='ltr'><strong>sic</strong></span> <span class='ocrx_word' id='word_1_760' title='bbox 3631 4213 3854 4271; x_wconf 88' lang='lat' dir='ltr'><strong>habita-</strong></span> 
     </span>
    </p>
   </div>
   <div class='ocr_carea' id='block_1_104' title="bbox 2251 4300 3855 4374">
    <p class='ocr_par' dir='ltr' id='par_1_104' title="bbox 2251 4300 3855 4374">
     <span class='ocr_line' id='line_1_104' title="bbox 2251 4300 3855 4374; baseline 0.006 -20"><span class='ocrx_word' id='word_1_761' title='bbox 2251 4309 2426 4356; x_wconf 90' lang='lat' dir='ltr'><strong>torem</strong></span> <span class='ocrx_word' id='word_1_762' title='bbox 2452 4300 2657 4356; x_wconf 93' lang='lat' dir='ltr'><strong>induci.</strong></span> <span class='ocrx_word' id='word_1_763' title='bbox 2683 4302 2875 4356; x_wconf 81' lang='lat' dir='ltr'><strong>Anima</strong></span> <span class='ocrx_word' id='word_1_764' title='bbox 2895 4310 3063 4369; x_wconf 90' lang='lat' dir='ltr'><strong>certe,</strong></span> <span class='ocrx_word' id='word_1_765' title='bbox 3086 4301 3212 4372; x_wconf 90' lang='lat' dir='ltr'><strong>quia</strong></span> <span class='ocrx_word' id='word_1_766' title='bbox 3237 4304 3459 4373; x_wconf 81' lang='lat' dir='ltr'><strong>Spiritus</strong></span> <span class='ocrx_word' id='word_1_767' title='bbox 3485 4314 3588 4374; x_wconf 91' lang='lat' dir='ltr'><strong>est,</strong></span> <span class='ocrx_word' id='word_1_768' title='bbox 3618 4306 3672 4360; x_wconf 92' lang='lat' dir='ltr'><strong>in</strong></span> <span class='ocrx_word' id='word_1_769' title='bbox 3694 4306 3855 4362; x_wconf 91' lang='lat' dir='ltr'><strong>sicco</strong></span> 
     </span>
    </p>
   </div>
   <div class='ocr_carea' id='block_1_105' title="bbox 2251 4393 3852 4469">
    <p class='ocr_par' dir='ltr' id='par_1_105' title="bbox 2251 4393 3852 4469">
     <span class='ocr_line' id='line_1_105' title="bbox 2251 4393 3852 4469; baseline 0.004 -21"><span class='ocrx_word' id='word_1_770' title='bbox 2251 4393 2496 4450; x_wconf 89' lang='lat' dir='ltr'><strong>habitare</strong></span> <span class='ocrx_word' id='word_1_771' title='bbox 2526 4410 2632 4450; x_wconf 92' lang='lat' dir='ltr'><strong>non</strong></span> <span class='ocrx_word' id='word_1_772' title='bbox 2663 4403 2860 4464; x_wconf 87' lang='lat' dir='ltr'><strong>potest,</strong></span> <span class='ocrx_word' id='word_1_773' title='bbox 2910 4395 3050 4463; x_wconf 79' lang='lat' dir='ltr'><strong>ideo.</strong></span> <span class='ocrx_word' id='word_1_774' title='bbox 3076 4396 3129 4451; x_wconf 92' lang='lat' dir='ltr'><strong>in</strong></span> <span class='ocrx_word' id='word_1_775' title='bbox 3178 4398 3440 4469; x_wconf 89' lang='lat' dir='ltr'><strong>sanguine</strong></span> <span class='ocrx_word' id='word_1_776' title='bbox 3471 4398 3665 4455; x_wconf 89' lang='lat' dir='ltr'><strong>fertur.</strong></span> <span class='ocrx_word' id='word_1_777' title='bbox 3705 4399 3852 4455; x_wconf 84' lang='lat' dir='ltr'><strong>Cum</strong></span> 
     </span>
    </p>
   </div>
   <div class='ocr_carea' id='block_1_106' title="bbox 2255 4488 3853 4560">
    <p class='ocr_par' dir='ltr' id='par_1_106' title="bbox 2255 4488 3853 4560">
     <span class='ocr_line' id='line_1_106' title="bbox 2255 4488 3853 4560; baseline 0.004 -19"><span class='ocrx_word' id='word_1_778' title='bbox 2255 4502 2385 4558; x_wconf 87' lang='lat' dir='ltr'><strong>ergo</strong></span> <span class='ocrx_word' id='word_1_779' title='bbox 2413 4489 2655 4557; x_wconf 91' lang='lat' dir='ltr'><strong>corporis</strong></span> <span class='ocrx_word' id='word_1_780' title='bbox 2688 4488 2995 4542; x_wconf 89' lang='lat' dir='ltr'><strong>liniamenta</strong></span> <span class='ocrx_word' id='word_1_781' title='bbox 3025 4499 3303 4560; x_wconf 90' lang='lat' dir='ltr'><strong>compacta</strong></span> <span class='ocrx_word' id='word_1_782' title='bbox 3340 4506 3449 4545; x_wconf 90' lang='lat' dir='ltr'><strong>non</strong></span> <span class='ocrx_word' id='word_1_783' title='bbox 3485 4492 3721 4559; x_wconf 91' lang='lat' dir='ltr'><strong>fuerint,</strong></span> <span class='ocrx_word' id='word_1_784' title='bbox 3755 4493 3853 4549; x_wconf 87' lang='lat' dir='ltr'><strong>ubi</strong></span> 
     </span>
    </p>
   </div>
   <div class='ocr_carea' id='block_1_107' title="bbox 2250 4579 3849 4652">
    <p class='ocr_par' dir='ltr' id='par_1_107' title="bbox 2250 4579 3849 4652">
     <span class='ocr_line' id='line_1_107' title="bbox 2250 4579 3849 4652; baseline 0.003 -18"><span class='ocrx_word' id='word_1_785' title='bbox 2250 4579 2361 4635; x_wconf 85' lang='lat' dir='ltr'><strong>erit</strong></span> <span class='ocrx_word' id='word_1_786' title='bbox 2401 4579 2623 4633; x_wconf 90' lang='lat' dir='ltr'><strong>anima?</strong></span> <span class='ocrx_word' id='word_1_787' title='bbox 2651 4580 2733 4633; x_wconf 82' lang='lat' dir='ltr'><strong>An</strong></span> <span class='ocrx_word' id='word_1_788' title='bbox 2766 4579 2907 4635; x_wconf 87' lang='lat' dir='ltr'><strong>foras</strong></span> <span class='ocrx_word' id='word_1_789' title='bbox 2938 4589 3181 4652; x_wconf 84' lang='lat' dir='ltr'><strong>vagatur,</strong></span> <span class='ocrx_word' id='word_1_790' title='bbox 3214 4582 3467 4651; x_wconf 89' lang='lat' dir='ltr'><strong>quamdiu</strong></span> <span class='ocrx_word' id='word_1_791' title='bbox 3494 4582 3849 4650; x_wconf 87' lang='lat' dir='ltr'><strong>immittatur,</strong></span> 
     </span>
    </p>
   </div>
   <div class='ocr_carea' id='block_1_108' title="bbox 2251 4670 3857 4747">
    <p class='ocr_par' dir='ltr' id='par_1_108' title="bbox 2251 4670 3857 4747">
     <span class='ocr_line' id='line_1_108' title="bbox 2251 4670 3857 4747; baseline 0.005 -22"><span class='ocrx_word' id='word_1_792' title='bbox 2251 4685 2372 4725; x_wconf 91' lang='lat' dir='ltr'><strong>cum</strong></span> <span class='ocrx_word' id='word_1_793' title='bbox 2423 4672 2561 4725; x_wconf 88' lang='lat' dir='ltr'><strong>ratio</strong></span> <span class='ocrx_word' id='word_1_794' title='bbox 2594 4670 2768 4725; x_wconf 87' lang='lat' dir='ltr'><strong>tradat</strong></span> <span class='ocrx_word' id='word_1_795' title='bbox 2796 4673 2875 4726; x_wconf 90' lang='lat' dir='ltr'><strong>sic</strong></span> <span class='ocrx_word' id='word_1_796' title='bbox 2902 4673 3018 4727; x_wconf 87' lang='lat' dir='ltr'><strong>dari</strong></span> <span class='ocrx_word' id='word_1_797' title='bbox 3049 4688 3165 4728; x_wconf 91' lang='lat' dir='ltr'><strong>eam</strong></span> <span class='ocrx_word' id='word_1_798' title='bbox 3192 4714 3209 4739; x_wconf 93' lang='lat'><strong>,</strong></span> <span class='ocrx_word' id='word_1_799' title='bbox 3241 4683 3303 4728; x_wconf 92' lang='lat' dir='ltr'><strong>ut</strong></span> <span class='ocrx_word' id='word_1_800' title='bbox 3340 4675 3517 4730; x_wconf 90' lang='lat' dir='ltr'><strong>anima</strong></span> <span class='ocrx_word' id='word_1_801' title='bbox 3556 4676 3610 4731; x_wconf 90' lang='lat' dir='ltr'><strong>in</strong></span> <span class='ocrx_word' id='word_1_802' title='bbox 3641 4692 3857 4747; x_wconf 88' lang='lat' dir='ltr'><strong>corpus</strong></span> 
     </span>
    </p>
   </div>
   <div class='ocr_carea' id='block_1_109' title="bbox 2251 4762 3858 4840">
    <p class='ocr_par' dir='ltr' id='par_1_109' title="bbox 2251 4762 3858 4840">
     <span class='ocr_line' id='line_1_109' title="bbox 2251 4762 3858 4840; baseline 0.005 -22"><span class='ocrx_word' id='word_1_803' title='bbox 2251 4778 2360 4819; x_wconf 90' lang='lat' dir='ltr'><strong>non</strong></span> <span class='ocrx_word' id='word_1_804' title='bbox 2390 4765 2562 4818; x_wconf 89' lang='lat' dir='ltr'><strong>otiosa</strong></span> <span class='ocrx_word' id='word_1_805' title='bbox 2592 4772 2836 4834; x_wconf 87' lang='lat' dir='ltr'><strong>vagetur.</strong></span> <span class='ocrx_word' id='word_1_806' title='bbox 2890 4762 2998 4819; x_wconf 89' lang='lat' dir='ltr'><strong>Sed</strong></span> <span class='ocrx_word' id='word_1_807' title='bbox 3036 4781 3101 4821; x_wconf 80' lang='lat' dir='ltr'><strong>ex</strong></span> <span class='ocrx_word' id='word_1_808' title='bbox 3144 4781 3253 4836; x_wconf 92' lang='lat' dir='ltr'><strong>quo</strong></span> <span class='ocrx_word' id='word_1_809' title='bbox 3286 4766 3461 4834; x_wconf 90' lang='lat' dir='ltr'><strong>detur,</strong></span> <span class='ocrx_word' id='word_1_810' title='bbox 3494 4767 3678 4824; x_wconf 88' lang='lat' dir='ltr'><strong>dicant</strong></span> <span class='ocrx_word' id='word_1_811' title='bbox 3706 4815 3722 4839; x_wconf 91' lang='lat'><strong>,</strong></span> <span class='ocrx_word' id='word_1_812' title='bbox 3756 4770 3858 4840; x_wconf 90' lang='lat' dir='ltr'><strong>qui</strong></span> 
     </span>
    </p>
   </div>
   <div class='ocr_carea' id='block_1_110' title="bbox 2247 4856 3857 4932">
    <p class='ocr_par' dir='ltr' id='par_1_110' title="bbox 2247 4856 3857 4932">
     <span class='ocr_line' id='line_1_110' title="bbox 2247 4856 3857 4932; baseline 0.006 -21"><span class='ocrx_word' id='word_1_813' title='bbox 2247 4856 2390 4911; x_wconf 91' lang='lat' dir='ltr'><strong>aliud</strong></span> <span class='ocrx_word' id='word_1_814' title='bbox 2425 4865 2643 4926; x_wconf 87' lang='lat' dir='ltr'><strong>putant,</strong></span> <span class='ocrx_word' id='word_1_815' title='bbox 2689 4872 2756 4912; x_wconf 89' lang='lat' dir='ltr'><strong>ex</strong></span> <span class='ocrx_word' id='word_1_816' title='bbox 2796 4872 2977 4925; x_wconf 87' lang='lat' dir='ltr'><strong>mare,</strong></span> <span class='ocrx_word' id='word_1_817' title='bbox 3031 4874 3097 4913; x_wconf 91' lang='lat' dir='ltr'><strong>an</strong></span> <span class='ocrx_word' id='word_1_818' title='bbox 3141 4874 3209 4915; x_wconf 82' lang='lat' dir='ltr'><strong>ex</strong></span> <span class='ocrx_word' id='word_1_819' title='bbox 3248 4859 3443 4915; x_wconf 90' lang='lat' dir='ltr'><strong>femina</strong></span> <span class='ocrx_word' id='word_1_820' title='bbox 3495 4859 3712 4932; x_wconf 77' lang='lat' dir='ltr'><strong>[SuppL</strong></span> <span class='ocrx_word' id='word_1_821' title='bbox 3771 4864 3857 4920; x_wconf 82' lang='lat' dir='ltr'><strong>Ex</strong></span> 
     </span>
    </p>
   </div>
   <div class='ocr_carea' id='block_1_111' title="bbox 2246 4943 3855 5023">
    <p class='ocr_par' dir='ltr' id='par_1_111' title="bbox 2246 4943 3855 5023">
     <span class='ocr_line' id='line_1_111' title="bbox 2246 4943 3855 5023; baseline 0.008 -24"><span class='ocrx_word' id='word_1_822' title='bbox 2246 4943 2505 5015; x_wconf 78' lang='lat' dir='ltr'><strong>femina]?</strong></span> <span class='ocrx_word' id='word_1_823' title='bbox 2530 4946 2646 5002; x_wconf 88' lang='lat' dir='ltr'><strong>Non</strong></span> <span class='ocrx_word' id='word_1_824' title='bbox 2675 4948 2965 5014; x_wconf 89' lang='lat' dir='ltr'><strong>convenit,</strong></span> <span class='ocrx_word' id='word_1_825' title='bbox 2997 4949 3119 5021; x_wconf 89' lang='lat' dir='ltr'><strong>quia</strong></span> <span class='ocrx_word' id='word_1_826' title='bbox 3164 4950 3308 5006; x_wconf 89' lang='lat' dir='ltr'><strong>aliud</strong></span> <span class='ocrx_word' id='word_1_827' title='bbox 3340 4952 3392 5006; x_wconf 91' lang='lat' dir='ltr'><strong>in</strong></span> <span class='ocrx_word' id='word_1_828' title='bbox 3423 4954 3673 5023; x_wconf 79' lang='lat' dir='ltr'><strong>exemplo</strong></span> <span class='ocrx_word' id='word_1_829' title='bbox 3706 4965 3804 5011; x_wconf 85' lang='lat' dir='ltr'><strong>est</strong></span> <span class='ocrx_word' id='word_1_830' title='bbox 3840 4975 3855 5011; x_wconf 93' lang='lat'><strong>:</strong></span> 
     </span>
    </p>
   </div>
   <div class='ocr_carea' id='block_1_112' title="bbox 2250 5042 3862 5112">
    <p class='ocr_par' dir='ltr' id='par_1_112' title="bbox 2250 5042 3862 5112">
     <span class='ocr_line' id='line_1_112' title="bbox 2250 5042 3862 5112; baseline 0.007 -18"><span class='ocrx_word' id='word_1_831' title='bbox 2250 5051 2560 5112; x_wconf 90' lang='lat' dir='ltr'><strong>proponunt</strong></span> <span class='ocrx_word' id='word_1_832' title='bbox 2605 5043 2747 5095; x_wconf 93' lang='lat' dir='ltr'><strong>enim</strong></span> <span class='ocrx_word' id='word_1_833' title='bbox 2791 5056 2862 5097; x_wconf 85' lang='lat' dir='ltr'><strong>ex</strong></span> <span class='ocrx_word' id='word_1_834' title='bbox 2893 5042 3009 5097; x_wconf 90' lang='lat' dir='ltr'><strong>viro</strong></span> <span class='ocrx_word' id='word_1_835' title='bbox 3046 5056 3169 5099; x_wconf 91' lang='lat' dir='ltr'><strong>cum</strong></span> <span class='ocrx_word' id='word_1_836' title='bbox 3212 5054 3361 5099; x_wconf 91' lang='lat' dir='ltr'><strong>costa</strong></span> <span class='ocrx_word' id='word_1_837' title='bbox 3395 5044 3571 5099; x_wconf 89' lang='lat' dir='ltr'><strong>datam</strong></span> <span class='ocrx_word' id='word_1_838' title='bbox 3614 5054 3672 5099; x_wconf 86' lang='lat' dir='ltr'><strong>et</strong></span> <span class='ocrx_word' id='word_1_839' title='bbox 3722 5050 3862 5106; x_wconf 79' lang='lat' dir='ltr'><strong>ani-</strong></span> 
     </span>
    </p>
   </div>
   <div class='ocr_carea' id='block_1_113' title="bbox 2249 5132 3856 5201">
    <p class='ocr_par' dir='ltr' id='par_1_113' title="bbox 2249 5132 3856 5201">
     <span class='ocr_line' id='line_1_113' title="bbox 2249 5132 3856 5201; baseline 0.007 -14"><span class='ocrx_word' id='word_1_840' title='bbox 2249 5147 2394 5187; x_wconf 88' lang='lat' dir='ltr'><strong>mam</strong></span> <span class='ocrx_word' id='word_1_841' title='bbox 2420 5173 2437 5199; x_wconf 93' lang='lat'><strong>,</strong></span> <span class='ocrx_word' id='word_1_842' title='bbox 2478 5132 2619 5201; x_wconf 90' lang='lat' dir='ltr'><strong>quod</strong></span> <span class='ocrx_word' id='word_1_843' title='bbox 2668 5133 2852 5188; x_wconf 91' lang='lat' dir='ltr'><strong>multis</strong></span> <span class='ocrx_word' id='word_1_844' title='bbox 2896 5134 3194 5191; x_wconf 89' lang='lat' dir='ltr'><strong>rationibus</strong></span> <span class='ocrx_word' id='word_1_845' title='bbox 3238 5135 3496 5192; x_wconf 86' lang='lat' dir='ltr'><strong>inﬁrmari</strong></span> <span class='ocrx_word' id='word_1_846' title='bbox 3524 5135 3856 5197; x_wconf 81' lang='lat' dir='ltr'><strong>docuimus.</strong></span> 
     </span>
    </p>
   </div>
   <div class='ocr_carea' id='block_1_114' title="bbox 2252 5224 3863 5303">
    <p class='ocr_par' dir='ltr' id='par_1_114' title="bbox 2252 5224 3863 5303">
     <span class='ocr_line' id='line_1_114' title="bbox 2252 5224 3863 5303; baseline 0.002 -22"><span class='ocrx_word' id='word_1_847' title='bbox 2252 5226 2407 5281; x_wconf 86' lang='lat' dir='ltr'><strong>Unde</strong></span> <span class='ocrx_word' id='word_1_848' title='bbox 2436 5225 2573 5281; x_wconf 85' lang='lat' dir='ltr'><strong>forte</strong></span> <span class='ocrx_word' id='word_1_849' title='bbox 2601 5225 2847 5280; x_wconf 81' lang='lat' dir='ltr'><strong>videatur</strong></span> <span class='ocrx_word' id='word_1_850' title='bbox 2873 5224 2989 5281; x_wconf 89' lang='lat' dir='ltr'><strong>dari</strong></span> <span class='ocrx_word' id='word_1_851' title='bbox 3036 5241 3101 5281; x_wconf 80' lang='lat' dir='ltr'><strong>ex</strong></span> <span class='ocrx_word' id='word_1_852' title='bbox 3143 5227 3339 5284; x_wconf 90' lang='lat' dir='ltr'><strong>femina</strong></span> <span class='ocrx_word' id='word_1_853' title='bbox 3370 5272 3384 5295; x_wconf 91' lang='lat'><strong>,</strong></span> <span class='ocrx_word' id='word_1_854' title='bbox 3429 5228 3665 5285; x_wconf 81' lang='lat' dir='ltr'><strong>maxime</strong></span> <span class='ocrx_word' id='word_1_855' title='bbox 3718 5247 3863 5303; x_wconf 81' lang='lat' dir='ltr'><strong>pro.</strong></span> 
     </span>
    </p>
   </div>
   <div class='ocr_carea' id='block_1_115' title="bbox 2248 5318 3862 5391">
    <p class='ocr_par' dir='ltr' id='par_1_115' title="bbox 2248 5318 3862 5391">
     <span class='ocr_line' id='line_1_115' title="bbox 2248 5318 3862 5391; baseline 0.006 -19"><span class='ocrx_word' id='word_1_856' title='bbox 2248 5328 2369 5389; x_wconf 91' lang='lat' dir='ltr'><strong>pter</strong></span> <span class='ocrx_word' id='word_1_857' title='bbox 2400 5318 2735 5373; x_wconf 90' lang='lat' dir='ltr'><strong>Salvatorem</strong></span> <span class='ocrx_word' id='word_1_858' title='bbox 2766 5335 2779 5371; x_wconf 93' lang='lat'><strong>:</strong></span> <span class='ocrx_word' id='word_1_859' title='bbox 2809 5332 2964 5386; x_wconf 91' lang='lat' dir='ltr'><strong>quem</strong></span> <span class='ocrx_word' id='word_1_860' title='bbox 3007 5318 3207 5376; x_wconf 90' lang='lat' dir='ltr'><strong>scimus</strong></span> <span class='ocrx_word' id='word_1_861' title='bbox 3255 5320 3371 5375; x_wconf 89' lang='lat' dir='ltr'><strong>sine</strong></span> <span class='ocrx_word' id='word_1_862' title='bbox 3401 5320 3699 5391; x_wconf 83' lang='lat' dir='ltr'><strong>complexu</strong></span> <span class='ocrx_word' id='word_1_863' title='bbox 3730 5340 3862 5381; x_wconf 84' lang='lat' dir='ltr'><strong>car-</strong></span> 
     </span>
    </p>
   </div>
   <div class='ocr_carea' id='block_1_116' title="bbox 2250 5410 3864 5487">
    <p class='ocr_par' dir='ltr' id='par_1_116' title="bbox 2250 5410 3864 5487">
     <span class='ocr_line' id='line_1_116' title="bbox 2250 5410 3864 5487; baseline 0.006 -20"><span class='ocrx_word' id='word_1_864' title='bbox 2250 5412 2367 5479; x_wconf 89' lang='lat' dir='ltr'><strong>nis,</strong></span> <span class='ocrx_word' id='word_1_865' title='bbox 2417 5410 2485 5465; x_wconf 91' lang='lat' dir='ltr'><strong>de</strong></span> <span class='ocrx_word' id='word_1_866' title='bbox 2529 5410 2731 5479; x_wconf 89' lang='lat' dir='ltr'><strong>Spiritu</strong></span> <span class='ocrx_word' id='word_1_867' title='bbox 2780 5421 2970 5466; x_wconf 90' lang='lat' dir='ltr'><strong>sancto</strong></span> <span class='ocrx_word' id='word_1_868' title='bbox 3016 5422 3199 5469; x_wconf 91' lang='lat' dir='ltr'><strong>natum</strong></span> <span class='ocrx_word' id='word_1_869' title='bbox 3237 5430 3301 5471; x_wconf 88' lang='lat' dir='ltr'><strong>ex</strong></span> <span class='ocrx_word' id='word_1_870' title='bbox 3333 5414 3536 5470; x_wconf 84' lang='lat' dir='ltr'><strong>femina</strong></span> <span class='ocrx_word' id='word_1_871' title='bbox 3570 5432 3587 5473; x_wconf 88' lang='lat'><strong>:</strong></span> <span class='ocrx_word' id='word_1_872' title='bbox 3618 5420 3780 5487; x_wconf 87' lang='lat' dir='ltr'><strong>quod</strong></span> <span class='ocrx_word' id='word_1_873' title='bbox 3814 5421 3864 5477; x_wconf 88' lang='lat' dir='ltr'><strong>si</strong></span> 
     </span>
    </p>
   </div>
   <div class='ocr_carea' id='block_1_117' title="bbox 2254 5493 3865 5570">
    <p class='ocr_par' dir='ltr' id='par_1_117' title="bbox 2254 5493 3865 5570">
     <span class='ocr_line' id='line_1_117' title="bbox 2254 5493 3865 5570; baseline 0.007 -10"><span class='ocrx_word' id='word_1_874' title='bbox 2254 5503 2611 5568; x_wconf 83' lang='lat' dir='ltr'><strong>arbitrantur,</strong></span> <span class='ocrx_word' id='word_1_875' title='bbox 2641 5501 2761 5570; x_wconf 90' lang='lat' dir='ltr'><strong>plus</strong></span> <span class='ocrx_word' id='word_1_876' title='bbox 2790 5500 2920 5556; x_wconf 92' lang='lat' dir='ltr'><strong>dant</strong></span> <span class='ocrx_word' id='word_1_877' title='bbox 2947 5501 3165 5563; x_wconf 86' lang='lat' dir='ltr'><strong>feminis</strong></span> <span class='ocrx_word' id='word_1_878' title='bbox 3214 5524 3228 5562; x_wconf 91' lang='lat'><strong>:</strong></span> <span class='ocrx_word' id='word_1_879' title='bbox 3271 5493 3685 5565; x_wconf 40' lang='lat' dir='ltr'><strong>auctoritate&quot;?</strong></span> <span class='ocrx_word' id='word_1_880' title='bbox 3706 5496 3865 5570; x_wconf 68' lang='lat' dir='ltr'><strong>enim</strong></span> 
     </span>
    </p>
   </div>
   <div class='ocr_carea' id='block_1_118' title="bbox 620 5682 3023 5758">
    <p class='ocr_par' dir='ltr' id='par_1_118' title="bbox 620 5682 3023 5758">
     <span class='ocr_line' id='line_1_118' title="bbox 620 5682 3023 5758; baseline 0.001 -18"><span class='ocrx_word' id='word_1_881' title='bbox 620 5694 647 5722; x_wconf 77' lang='grc'><strong><em>⁸</em></strong></span> <span class='ocrx_word' id='word_1_882' title='bbox 679 5684 806 5740; x_wconf 67' lang='lat' dir='ltr'><strong>&quot;me</strong></span> <span class='ocrx_word' id='word_1_883' title='bbox 843 5684 1006 5741; x_wconf 79' lang='lat' dir='ltr'><strong>verba</strong></span> <span class='ocrx_word' id='word_1_884' title='bbox 1034 5692 1353 5752; x_wconf 80' lang='lat' dir='ltr'><strong>,‘generntur</strong></span> <span class='ocrx_word' id='word_1_885' title='bbox 1382 5701 1446 5739; x_wconf 77' lang='lat' dir='ltr'><strong>ea:</strong></span> <span class='ocrx_word' id='word_1_886' title='bbox 1472 5684 1646 5739; x_wconf 80' lang='lat' dir='ltr'><strong>animo</strong></span> <span class='ocrx_word' id='word_1_887' title='bbox 1666 5726 1680 5754; x_wconf 91' lang='lat'><strong>,</strong></span> <span class='ocrx_word' id='word_1_888' title='bbox 1723 5686 1784 5738; x_wconf 83' lang='lat' dir='ltr'><strong>de</strong></span> <span class='ocrx_word' id='word_1_889' title='bbox 1810 5684 1971 5739; x_wconf 72' lang='lat' dir='ltr'><strong>Adam</strong></span> <span class='ocrx_word' id='word_1_890' title='bbox 1991 5728 2004 5755; x_wconf 90' lang='lat'><strong>,</strong></span> <span class='ocrx_word' id='word_1_891' title='bbox 2060 5684 2111 5743; x_wconf 89' lang='lat' dir='ltr'><strong>in</strong></span> <span class='ocrx_word' id='word_1_892' title='bbox 2141 5700 2342 5758; x_wconf 88' lang='lat' dir='ltr'><strong>nupera</strong></span> <span class='ocrx_word' id='word_1_893' title='bbox 2371 5683 2606 5743; x_wconf 83' lang='lat' dir='ltr'><strong>editione</strong></span> <span class='ocrx_word' id='word_1_894' title='bbox 2634 5682 3023 5743; x_wconf 79' lang='lat' dir='ltr'><strong>desiderantur.</strong></span> 
     </span>
    </p>
   </div>
  </div>
