4012 6190
205 175 312 235 265

1078 172 1416 237 EPISTOLA
1453 173 1725 237 XXXVII.
1768 176 1857 237 DE
1906 175 2190 237 ORIGINE
2242 176 2627 238 ANIMARUM.

3397 184 3505 244 266

206 295 301 348 viri
344 302 563 351 mutant
604 293 658 352 in
708 295 988 353 feminam.
1036 294 1173 353 Cum
1218 298 1365 354 enim
1400 308 1510 355 tam
1560 299 1802 367 corporis
1831 303 1883 362 Α
1982 298 2353 371 Hieronymus.
2388 300 2540 357 Sicut
2572 300 2751 357 nescis
2778 299 2919 356 viam
2945 301 3176 373 spiritus
3218 309 3274 357 et
3310 304 3507 360 animus

206 404 367 460 quam
410 393 607 446 anima:
650 394 917 462 originem
952 406 1023 449 ex
1063 394 1182 450 viro
1223 395 1438 463 dicant,
1481 405 1803 451 convertunt

205 499 285 551 se,
317 494 371 539 ut
400 484 455 538 id
489 486 629 556 quod
665 488 847 557 potius
873 500 975 551 est,
1006 505 1072 544 ex
1103 489 1333 544 muliere
1362 490 1573 551 dicant,
1610 490 1661 545 id
1690 501 1800 559 est,

205 576 437 632 animam
465 595 477 630 :
505 579 650 649 quod
680 596 811 635 vero
842 581 1045 649 minus,
1076 598 1142 638 ex
1177 583 1440 651 masculo,
1468 583 1519 637 id
1550 593 1653 647 est,
1684 598 1806 638 cor-

204 685 339 739 pus;
386 685 511 727 cum
562 672 670 743 [AL
705 684 810 728 tac.
844 674 989 745 cum]
1038 676 1390 733 manifestum
1439 681 1508 732 sit
1555 677 1803 734 ordinem

204 763 440 833 exempli
470 780 499 819 a
528 764 643 820 Deo
692 766 952 822 traditum
1002 769 1279 823 immutari
1323 784 1429 823 non
1473 784 1654 840 posse.
1703 770 1804 837 Qui

202 870 331 926 ergo
358 858 572 913 animas
604 874 671 913 ex
714 875 821 915 una
852 864 1145 932 propagari
1189 872 1481 929 asserunt,
1516 874 1572 918 et
1613 878 1719 918 non
1749 864 1803 919 in

200 965 433 1022 corpora
460 954 613 1024 juxta
644 956 954 1025 exemplum
990 955 1150 1026 primi
1186 956 1428 1012 hominis
1466 972 1495 1012 a
1530 958 1641 1013 Deo
1665 972 1803 1028 quo-

199 1044 334 1100 tidie
368 1048 486 1101 ﬁeri
507 1089 523 1113 ,
551 1047 841 1103 anathema
871 1053 998 1103 sint.

274 1139 614 1208 Augustinus.
666 1142 866 1197 Sancte
904 1142 1071 1196 frater
1103 1142 1432 1214 Hieronyme
1458 1185 1471 1210 ,
1508 1143 1801 1199 consulens

199 1242 254 1288 te
281 1233 460 1289 dehis
488 1251 605 1303 quce
633 1236 837 1299 nescio,
871 1250 968 1290 oro
1003 1236 1194 1299 Deum.
1225 1245 1283 1290 ut
1314 1235 1647 1291 fructuosum
1678 1250 1799 1291 esse

199 1328 359 1382 nobis
404 1328 535 1383 velit
583 1328 691 1400 [Αἰ.
737 1327 916 1400 velis].
965 1329 1303 1399 Quamquam
1350 1339 1376 1366 ιι
1424 1334 1569 1386 enim
1619 1330 1695 1383 sis
1741 1338 1797 1383 tu

200 1421 389 1483 multo,
416 1435 574 1491 quam
606 1436 707 1491 ego
738 1423 861 1489 sim,
882 1430 1041 1477 aetate
1067 1422 1260 1493 major,
1284 1408 1462 1478 tamen
1487 1425 1649 1478 etiam
1681 1425 1797 1494 ipse

197 1512 306 1583 jam
351 1528 519 1568 senex
566 1513 835 1569 consulo:
879 1514 972 1569 sed
1014 1513 1080 1568 ad
1110 1515 1432 1571 discendum
1472 1516 1617 1585 quod
1662 1516 1798 1586 opus

200 1615 317 1670 est,
352 1605 495 1659 nulla
536 1605 670 1661 mihi
715 1615 851 1662 tetas
889 1622 1009 1663 sera
1043 1608 1215 1663 videri
1267 1618 1489 1679 potest:
1522 1609 1646 1679 quia
1694 1610 1795 1664 etsi

1907 394 2262 465 ingredientis
2289 396 2342 449 in
2372 398 2683 467 parvulum,
2707 405 2761 451 et
2787 396 3002 466 ignoras
3021 397 3229 451 ossium
3259 407 3314 452 et
3339 412 3503 454 vena-

1906 504 2026 543 rum
2071 490 2363 545 varietates
2397 492 2449 544 in
2478 499 2669 546 ventre
2700 491 3029 560 praegnantis
3052 535 3067 559 ,
3117 493 3393 562 quomodo
3436 508 3503 548 ex

1906 581 2000 637 vili
2027 582 2300 639 elemento
2324 598 2524 653 corpus
2555 584 2790 639 hominis
2822 582 2875 638 in
2907 584 3154 641 diversas
3180 586 3391 657 efﬁgies
3418 602 3507 643 ar-

1908 685 2103 747 tusque
2126 677 2396 740 varietur.
2422 690 2477 733 et
2497 679 2566 734 de
2594 678 2785 735 eodem
2810 680 3018 735 semine
3044 680 3191 735 aliud
3219 682 3501 739 mollescat

1910 768 1963 823 in
2002 769 2255 823 carnibus
2278 811 2292 834 ,
2329 769 2472 823 aliud
2516 770 2739 825 duretur
2780 771 2834 824 in
2876 772 3123 838 ossibus,
3159 772 3305 827 aliud
3336 771 3390 828 in
3418 790 3509 831 ve-

1907 862 1990 915 nis
2026 860 2290 931 palpitet,
2326 861 2475 916 aliud
2504 862 2730 917 duretur
2760 863 2815 917 in
2843 864 3024 919 nervis
3059 882 3073 919 :
3109 864 3185 919 ita
3214 864 3313 919 Dei
3341 881 3502 937 opera

1907 954 2052 1008 scire
2085 968 2191 1007 non
2228 954 2455 1023 poteris,
2488 956 2581 1025 qui
2608 954 2780 1010 factor
2807 964 2893 1011 est
2923 960 3187 1012 omnium.

1976 1044 2321 1114 Augustinus.
2358 1045 2433 1099 De
2462 1044 2659 1101 animae
2688 1046 3081 1105 incarnatione
3120 1057 3303 1104 utrum
3331 1064 3393 1105 ex
3426 1050 3515 1104 illa

1904 1149 2008 1188 una
2034 1150 2155 1202 qua:
2183 1135 2364 1205 primo
2396 1136 2601 1191 homini
2630 1138 2752 1191 data
2792 1149 2876 1194 est
2896 1181 2912 1207 ,
2952 1142 3030 1195 sic
3071 1152 3289 1198 czeterze
3320 1157 3514 1213 prepa—

1900 1225 2142 1294 gcntur?
2185 1240 2252 1279 an
2301 1224 2532 1296 singulis
2580 1228 2883 1300 quibusque
2932 1248 3088 1287 nova:
3138 1235 3303 1290 etiam
3356 1236 3516 1291 modo

1901 1318 2029 1373 fiant
2058 1337 2070 1373 :
2102 1304 2399 1375 an‘alicubi
2440 1325 2554 1390 jam
2597 1324 2895 1381 existentes
2933 1328 3023 1383 vel
3064 1330 3356 1385 mittantur
3381 1331 3519 1385 divi-

1902 1411 2047 1467 uitus
2072 1455 2085 1479 ,
2118 1414 2199 1468 vel
2233 1424 2428 1485 sponte
2460 1415 2711 1473 labantur
2740 1418 2792 1475 in
2823 1424 3102 1493 corpora?
3133 1423 3402 1490 Quaenam
3447 1424 3517 1481 sit

1901 1506 2154 1575 eligenda
2191 1509 2374 1578 Opinio
2414 1509 2557 1566 scire
2582 1510 2855 1569 desidero.

1974 1596 2344 1670 Hieronymus.
2380 1600 2559 1672 Super
2603 1604 2800 1659 animze
2854 1614 2997 1661 statu
3046 1608 3272 1663 memini
3314 1617 3511 1664 vestrae

198 1712 355 1754 senes
396 1700 566 1770 magis
591 1700 753 1755 decet
778 1699 980 1755 docere
1015 1716 1176 1769 quam
1209 1700 1421 1756 discere
1455 1720 1465 1753 :
1500 1701 1672 1772 magis
1712 1710 1793 1756 ta-
1821 1688 1870 1748 B
1897 1694 2325 1763 quzeSIiunculae,
2359 1696 2526 1751 immo
2554 1699 2806 1754 maximae
2833 1700 3223 1757 ecclesiasticae
3248 1703 3508 1772 quaestio-

198 1806 323 1847 meu
356 1792 596 1859 discere,
628 1808 791 1862 quam
823 1793 951 1862 quid
984 1793 1219 1847 doceant
1247 1794 1525 1863 ignorare.

267 1885 653 1959 Hieronymus.
687 1888 857 1943 Beate
882 1901 1019 1959 papa
1050 1886 1376 1957 Augustine,
1406 1888 1456 1941 in
1488 1886 1800 1957 Scriptura-

194 1995 317 2035 rum
340 2021 355 2045 ,
386 1981 432 2036 si
460 1982 671 2050 placet,
706 1995 921 2050 campo,
966 1980 1083 2033 sine
1125 1990 1314 2033 nostro
1344 1980 1578 2034 invicem
1611 1978 1801 2033 dolore

197 2071 476 2126 ludamus.
524 2071 645 2125 Noli
678 2071 845 2140 igitur
874 2086 1141 2125 annorum
1190 2072 1513 2125 existimare
1555 2085 1656 2126 nos
1704 2086 1802 2125 nu-

198 2178 353 2219 mero
384 2181 399 2218 :
436 2179 538 2218 nec
566 2163 888 2232 sapientiam
920 2180 1085 2219 canos
1115 2174 1360 2232 reputes,
1390 2165 1486 2219 sed
1518 2179 1685 2219 canos
1716 2179 1803 2218 sa-

199 2254 485 2325 pientiam,
516 2253 795 2323 Scriptura
825 2264 1061 2311 testante
1093 2272 1109 2309 '.
1141 2254 1271 2310 Cani
1300 2255 1545 2321 hominis,
1574 2255 1803 2327 pruden-

202 2348 273 2402 tia
301 2352 435 2421 ejus.
486 2347 626 2416 Noli,
667 2350 914 2418 inquam,
951 2349 1109 2406 fidem
1152 2366 1383 2421 pensare
1422 2351 1757 2421 temporibus
1790 2370 1799 2405 :

202 2459 303 2500 nec
353 2459 440 2499 me
487 2444 695 2499 idcirco
744 2445 1026 2499 meliorem
1097 2458 1254 2515 putes
1285 2488 1301 2515 ,
1347 2446 1491 2517 quod
1542 2446 1694 2517 prior
1748 2447 1802 2501 in

202 2533 403 2591 Christi
434 2536 681 2591 exercitu
712 2537 971 2605 cceperim
1005 2537 1263 2601 militare.

275 2631 618 2702 Augustinus.
650 2630 851 2698 Accipe
894 2629 1059 2699 igitur
1097 2645 1218 2699 qua:
1249 2629 1381 2684 mihi
1420 2639 1544 2701 peto
1572 2629 1801 2698 aperiri,

209 2740 270 2780 ac
292 2725 568 2781 disserere
606 2741 714 2781 non
742 2726 1008 2797 graveris.
1039 2725 1279 2792 Qumstio
1301 2726 1369 2781 de
1400 2727 1577 2780 anima
1606 2725 1805 2779 multos

206 2828 412 2888 movet,
441 2819 493 2873 in
523 2820 716 2890 quibus
747 2831 801 2875 et
831 2836 916 2874 me
949 2835 1069 2875 csse
1098 2820 1361 2875 conﬁteor
1387 2837 1401 2874 :
1427 2834 1549 2873 nam
1577 2818 1706 2889 quid
1736 2817 1806 2873 de

205 2914 389 2968 anima
420 2912 735 2969 ﬁrmissime
766 2924 978 2970 teneam
1003 2957 1018 2981 ,
1050 2930 1159 2969 non
1193 2915 1406 2970 tacebo.

277 3004 659 3078 Hieronymus.
703 3007 913 3063 Metiris
948 3025 1046 3063 nns
1078 3009 1374 3063 virtutibus
1404 3009 1513 3064 tuis
1542 3027 1555 3063 :
1594 3018 1650 3065 et
1680 3024 1803 3079 par-

1902 1786 2002 1840 nis.
2050 1785 2245 1841 Utrum
2289 1787 2439 1857 lapsa
2468 1788 2538 1844 de
2568 1791 2710 1845 coelo
2739 1792 2844 1859 sit,
2875 1802 2933 1848 ut
2959 1793 3296 1865 Pythagoras
3326 1794 3503 1863 philo-

1902 1880 2129 1949 sophus,
2158 1896 2456 1950 omnesque
2484 1883 2772 1953 Platonici,
2801 1896 2856 1942 et
2880 1888 3145 1959 Origenes
3170 1899 3362 1958 putant
3390 1907 3404 1943 :
3432 1904 3503 1943 an

1902 1988 1935 2029 a
1962 1974 2181 2043 propria
2217 1975 2313 2028 Dei
2344 1976 2683 2043 substantia,
2716 1988 2775 2033 ut
2816 1979 3015 2046 Stoici,
3047 1981 3375 2039 Manichaaus
3398 2028 3412 2052 ,
3447 1993 3503 2039 et

1907 2067 2096 2121 insana
2129 2068 2453 2123 Priscilliani
2494 2070 2719 2127 haeresis
2748 2072 3107 2142 suspicantur
3139 2093 3150 2128 :
3184 2090 3251 2129 an
3296 2077 3349 2129 in
3392 2076 3507 2132 the-

1907 2175 2069 2217 sauro
2102 2160 2196 2217 Dei
2224 2162 2526 2218 habeantur
2552 2164 2680 2218 olim
2709 2164 2969 2231 conditae,
2998 2176 3055 2221 ut
3078 2166 3296 2237 quidam
3326 2168 3512 2223 Eccle-

1906 2256 2116 2312 siastici
2149 2256 2315 2310 stulta
2366 2258 2721 2326 persuasione
2758 2257 3038 2314 confidunt
3071 2278 3085 2315 :
3115 2274 3182 2314 an
3211 2260 3455 2331 quotidie
3485 2278 3518 2315 a

1909 2348 2020 2403 Deo
2050 2348 2179 2402 fiant
2205 2391 2218 2415 ,
2248 2357 2304 2404 et
2332 2350 2619 2405 mittantur
2646 2351 2699 2404 in
2732 2365 2963 2421 corpora
2991 2393 3005 2417 ,
3039 2353 3341 2408 secundum
3378 2352 3513 2409 illud

1908 2440 2053 2513 quod
2088 2441 2139 2495 in
2176 2441 2478 2511 Evangelio
2523 2442 2786 2514 scriptum
2820 2452 2945 2499 est:
2978 2443 3137 2499 Pater
3174 2463 3313 2501 meus
3354 2463 3516 2519 usque

1908 2537 2062 2590 modo
2094 2543 2361 2605 operatur,
2395 2544 2443 2589 et
2475 2553 2567 2608 ego
2612 2552 2804 2606 aperor
2832 2553 2850 2591 :
2878 2552 2945 2593 an
2977 2547 3127 2594 certe
3157 2553 3227 2594 ex
3256 2539 3513 2607 traduce,

1907 2637 1967 2683 ut
1998 2627 2389 2693 Tertullianus,
2422 2628 2819 2698 Apollinarins,
2854 2638 2909 2685 et
2935 2630 3166 2685 maxima
3198 2647 3325 2702 pars
3355 2631 3516 2688 Occi-

1907 2722 2207 2779 dentalium
2234 2733 2541 2789 autumant,
2565 2733 2621 2778 ut
2645 2727 2921 2795 quomodo
2943 2740 3145 2796 corpus
3167 2742 3232 2781 ex
3257 2742 3515 2799 corpore,

1909 2816 1990 2870 sic
2033 2816 2211 2869 anima
2254 2827 2507 2871 nascatur
2534 2832 2600 2872 ex
2634 2818 2815 2873 anima
2852 2836 2862 2870 :
2894 2828 2951 2874 et
2976 2819 3141 2875 simili
3178 2834 3300 2875 cum
3334 2820 3516 2877 brutis

1911 2908 2276 2962 animantibus
2308 2909 2622 2965 conditione
2650 2910 2938 2967 subsistat.

1986 3002 2323 3075 Augustinus.
2360 3002 2475 3058 lloc
2506 3012 2658 3059 certe
2689 3006 2860 3060 sentis
2888 3047 2902 3072 ,
2930 3006 3076 3076 quod
3108 3007 3349 3077 singulas
3393 3008 3514 3063 ani-

204 3114 303 3155 vos
333 3115 563 3171 magnus
608 3101 829 3156 extollis
860 3144 874 3169 ,
911 3102 1269 3171 ultimamque
1319 3112 1528 3173 partem
1571 3088 1805 3157 convivii
1832 3081 1878 3144 Ο
1913 3108 2031 3149 mas
2075 3094 2305 3165 Sit‘EUliS
2353 3096 2706 3151 nascentibus
2738 3098 2902 3152 eliam
2947 3098 3111 3153 mOdO
3157 3100 3300 3155 Deus
3331 3100 3516 3157 faciat.

205 3208 445 3264 occupas
471 3235 486 3259 ,
520 3201 578 3247 ut
615 3193 1021 3263 patrisfamilias
1060 3194 1270 3264 judicio
1316 3197 1658 3266 proveharis.
1698 3196 1807 3252 Sed

204 3289 351 3345 velle
378 3292 569 3357 fateor,
603 3290 699 3345 sed
726 3291 857 3345 eniti
891 3290 1149 3361 prmfero,
1183 3294 1499 3362 magistrum
1531 3309 1768 3349 renuens
1789 3335 1805 3355 .

204 3383 470 3436 comitem
502 3381 751 3451 spondeo
780 3382 887 3456 [ΑΙ.
917 3384 1327 3457 respondendo]
1349 3428 1361 3449 ,
1394 3387 1598 3456 petenti
1623 3386 1805 3454 datur,

202 3473 448 3545 pulsanti
499 3476 763 3545 aperitur,
816 3492 1066 3545 quaerens
1120 3478 1329 3532 invenit
1370 3495 1383 3531 :
1428 3477 1702 3534 discamus
1750 3480 1807 3533 in

209 3576 379 3632 terra,
409 3582 644 3637 quorum
693 3567 852 3622 nobis
902 3568 1124 3624 scientia
1177 3581 1494 3640 perseveret
1542 3573 1594 3625 in
1640 3571 1805 3625 coelo.

277 3663 621 3734 Augustinus.
654 3660 850 3717 Certus
883 3664 1046 3718 etiam
1081 3680 1199 3719 sum
1230 3667 1463 3719 animam
1484 3712 1497 3735 ,
1529 3665 1675 3720 nulla
1714 3665 1807 3720 Dei

208 3757 399 3829 culpa,
430 3757 579 3812 nulla
611 3756 708 3812 Dei
747 3759 1112 3825 necessitate,
1146 3760 1230 3813 vel
1273 3774 1371 3814 sua
1396 3800 1412 3823 ,
1453 3759 1547 3814 sed
1588 3760 1807 3828 propria

205 3852 484 3906 voluntate
512 3850 566 3903 in
598 3856 880 3919 peccatum
908 3865 1031 3906 esse
1060 3852 1359 3923 collapsam
1394 3868 1407 3904 :
1444 3866 1545 3906 nec
1572 3850 1795 3905 liberari

209 3958 369 4014 posse
403 3941 472 3996 de
509 3955 741 4009 corpore
772 3942 961 3995 mortis
1007 3942 1165 4012 hujus
1188 3988 1203 4011 ,
1234 3942 1318 3998 vel
1357 3957 1469 3996 sua:
1508 3941 1809 3996 voluntatis

210 4033 436 4098 virtute,
472 4041 746 4102 tamquam
776 4032 880 4087 sibi
906 4033 971 4087 ad
1005 4032 1107 4088 hoc
1154 4032 1486 4099 sufﬁciente,
1520 4034 1603 4088 vel
1634 4035 1802 4104 ipsius

210 4129 461 4199 corporis
492 4134 663 4181 morte
695 4144 707 4178 :
736 4125 829 4181 sed
858 4127 1028 4197 gratia
1063 4128 1155 4183 Dei
1180 4143 1279 4198 per
1301 4126 1490 4183 Jesum
1523 4127 1807 4183 Dominum

212 4232 457 4278 nostrum
469 4260 480 4273 .

284 4314 667 4390 Hieronymus.
702 4318 898 4373 Anima
928 4315 1289 4380 immortalis,
1328 4313 1613 4369 invisibilis
1640 4323 1694 4371 et
1724 4319 1812 4370 ln-

212 4411 517 4479 corporalis
547 4419 631 4467 est
661 4431 672 4466 :
705 4410 1003 4467 secundum
1052 4408 1378 4464 crassiorem
1408 4408 1531 4463 dico
1561 4409 1809 4478 corporis

1915 3186 2017 3241 Cui
2051 3187 2335 3241 sententia}
2364 3203 2431 3241 ne
2461 3186 2771 3257 objiciatur,
2822 3187 2967 3259 quod
3009 3203 3203 3245 omnes
3242 3202 3520 3247 creaturas

1915 3288 2078 3333 sexto
2107 3278 2194 3333 die
2221 3281 2684 3335 consummaverit
2714 3281 2857 3336 Deus
2880 3323 2894 3347 ,
2930 3290 2987 3337 et
3026 3282 3263 3352 septimo
3304 3284 3518 3355 requie-

1914 3373 2095 3439 verit,
2144 3372 2371 3427 adhibes
2418 3373 2795 3428 teStimonium
2846 3389 2913 3429 ex
2964 3374 3266 3446 Evangelia
3305 3394 3319 3431 :
3359 3374 3517 3432 Pater

1913 3480 2057 3519 meus
2088 3481 2249 3533 usque
2277 3480 2414 3518 nunc
2443 3475 2713 3534 operatur.

1991 3555 2367 3625 Hieronymus.
2394 3553 2534 3621 Quid
2563 3556 2709 3611 enim
2740 3556 3112 3628 ambiguitatis
3138 3560 3191 3615 in
3220 3560 3369 3617 dicto
3394 3572 3474 3618 est
3502 3582 3517 3618 :

1915 3656 1977 3703 ut
2002 3648 2239 3703 diversae.
2270 3647 2647 3719 intelligentiae
2678 3650 2949 3708 tribuatur
2979 3653 3232 3711 occasio?
3261 3654 3510 3727 Constat,

1916 3750 1974 3797 et
2003 3756 2167 3811 super
2200 3744 2303 3797 hoc
2335 3743 2483 3797 nulla
2517 3746 2797 3800 contentio
2826 3754 2930 3802 est.

1988 3837 2493 3909 Augustinus.Doce
2522 3854 2672 3911 ergo,
2701 3855 2909 3911 quaso,
2934 3858 3054 3913 qua:
3086 3844 3311 3903 doceam
3341 3865 3354 3903 :
3381 3847 3516 3905 doce

1915 3931 2059 4001 quod
2093 3940 2330 3986 teneam.
2365 3930 2432 3985 Et
2459 3932 2547 3986 dic
2589 3933 2721 3988 mihi
2746 3979 2759 4003 ,
2795 3935 2842 3989 si
2872 3936 3070 3992 animm
3114 3940 3429 4011 singillatim
3460 3944 3517 3997 in

1916 4024 2144 4095 singulis
2174 4024 2443 4096 hodieque
2469 4027 2821 4085 nascentibus
2853 4029 3026 4100 ﬁunt,
3070 4032 3161 4089 ubi
3190 4036 3245 4089 in
3272 4037 3513 4105 parvulis

1917 4126 2183 4186 peccent,
2232 4126 2294 4173 ut
2343 4118 2622 4189 indigeant
2665 4134 3012 4179 sacramento
3039 4123 3277 4193 Christi,
3310 4127 3509 4181 remis-

1915 4211 2071 4267 sione
2102 4212 2341 4281 peccati,
2378 4222 2669 4282 peccantes
2697 4215 2748 4270 in
2788 4215 2958 4271 Adam
2986 4258 3000 4283 ,
3028 4231 3093 4273 ex
3122 4232 3233 4287 quo
3259 4232 3391 4272 caro
3426 4228 3511 4273 est

1916 4315 2209 4376 propagata
2253 4306 2457 4372 peccati
2494 4325 2506 4359 :
2542 4317 2635 4363 aut
2662 4309 2708 4362 si
2745 4323 2853 4363 non
2885 4319 3139 4379 peccant,
3165 4325 3270 4381 qua
3292 4310 3506 4379 justitia

1915 4398 2191 4455 Creatoris
2217 4399 2289 4455 ita
2317 4410 2543 4472 peccato
2571 4402 2881 4474 obligentur
2908 4403 3129 4461 alieno?
3152 4404 3284 4461 Cum
3310 4404 3510 4461 exinde

215 4475 387 4558 nosjri
420 4503 778 4560 substantiam
817 4522 831 4558 ε
861 4503 981 4558 dico
1011 4502 1097 4557 vel
1136 4516 1201 4558 eo
1242 4512 1391 4557 certe
1434 4512 1678 4571 tempore
1709 4517 1810 4572 ρυ-
1837 4475 1892 4538 Ῑ)
1920 4494 2233 4565 propagatis
2265 4495 2523 4550 membris
2562 4497 2887 4553 mortalibus
2917 4499 3236 4555 inseruntur
3264 4517 3278 4554 :
3310 4508 3370 4553 ut
3395 4513 3512 4570 eas,

213 4594 415 4665 nietur,
444 4604 501 4650 et
526 4596 853 4667 supplicium
897 4595 1118 4658 sentiet,
1148 4594 1364 4665 quando
1397 4595 1664 4664 pristinus
1691 4610 1813 4651 cor-

216 4699 313 4756 pus
340 4688 613 4758 receperit
644 4706 657 4741 :
693 4696 749 4743 ut
793 4703 913 4743 cum
943 4702 1049 4758 quo
1078 4684 1343 4757 peccavit,
1381 4700 1506 4741 cum
1551 4686 1667 4756 ipso
1708 4702 1811 4757 βυ,-

216 4781 411 4837 niatur.

286 4876 631 4948 Augustinus.
663 4875 871 4932 Dicitur
897 4878 1189 4947 conceptio
1216 4877 1452 4931 humana
1497 4874 1579 4930 sic
1623 4876 1833 4945 proce-‘

219 4965 374 5035 dere,
408 4978 468 5023 ut
493 4968 691 5039 primis
724 4984 819 5023 sex
851 4967 1045 5023 diebus
1071 4969 1223 5038 quasi
1253 4968 1409 5023 lactis
1434 4966 1632 5022 haheat
1662 4967 1811 5021 simi-

222 5059 524 5127 litudinem,
555 5061 913 5132 sequentibus
944 5075 1137 5116 novem
1163 5060 1355 5138 diebus
1383 5066 1731 5113 convertatur
1756 5058 1812 5112 in

224 5158 565 5229 sanguinem.
620 5156 828 5212 Deinde
853 5155 1139 5212 duodecim
1169 5154 1362 5210 diebus
1396 5152 1658 5209 solidetur
1687 5170 1699 5203 :
1730 5166 1815 5207 re-

222 5249 377 5321 liquis
405 5248 719 5322 quindecim
753 5250 1020 5304 formetur
1048 5255 1217 5319 usque
1259 5245 1327 5301 ad
1374 5244 1615 5316 perfecta
1646 5242 1817 5297 linea-

218 5355 395 5402 menta
426 5344 677 5401 omnium
708 5343 1077 5399 membrorum
1123 5361 1134 5395 :
1174 5350 1229 5397 et
1276 5341 1402 5395 hinc
1440 5340 1551 5410 jam
1602 5338 1814 5408 reliquo

218 5449 466 5512 tempore
500 5453 676 5511 usque
717 5437 786 5493 ad
820 5444 1032 5508 tempus
1062 5442 1280 5507 partus,
1314 5430 1685 5504 magnitudine
1715 5444 1815 5484 au-

215 5544 423 5610 zealur.

1919 4587 2019 4641 nisi
2054 4603 2149 4656 per
2177 4587 2474 4667 Ecclesiam
2507 4588 2834 4645 subventum
2864 4589 3045 4659 fuerit,
3079 4591 3356 4645 damnatio
3381 4606 3515 4646 con-
3598 4660 3603 4667 ‘

1917 4690 2176 4752 sequatur
2210 4698 2223 4735 :
2255 4697 2377 4737 cum
2408 4683 2461 4736 in
2494 4696 2680 4737 earum
2727 4689 2999 4751 potestate
3042 4697 3150 4736 non
3191 4683 3304 4751 sit,
3340 4691 3401 4739 ut
3429 4683 3512 4741 eis

1915 4776 2093 4844 possit
2121 4776 2291 4845 gratia
2322 4775 2669 4844 baptismatis
2698 4774 3008 4829 subvenire.

1989 4865 2365 4937 Hieronymus.
2392 4864 2615 4919 Alienati
2640 4874 2761 4920 sunt
2786 4866 3077 4935 peccatores
3101 4882 3133 4919 a
3152 4866 3301 4923 vulva
3326 4885 3344 4924 :
3370 4886 3516 4926 arra.

1917 4967 2098 5012 verum
2120 4957 2181 5010 ab
2204 4968 2349 5011 utero
2369 4971 2388 5010 :
2407 4956 2567 5010 locuti
2588 4966 2711 5011 sunt
2732 4956 2871 5027 falsa
2894 4972 2912 5010 :
2934 4957 3116 5013 statim
3142 4967 3203 5015 ut
3224 4962 3336 5018 nati
3363 4975 3514 5033 sunt,

1918 5050 2242 5117 snbjacuere
2267 5055 2491 5117 peccato
2519 5089 2534 5112 ,
2568 5048 2621 5100 in
2650 5048 3047 5103 similitudinem
3072 5056 3515 5123 prrtvaricationis

1920 5144 2068 5223 Atia),
2098 5144 2187 5213 qui
2212 5151 2286 5196 est
2313 5145 2482 5213 forma
2509 5141 2692 5211 futuri.
2736 5140 2872 5197 illud
2903 5158 3120 5216 quoque
3152 5150 3294 5218 quod
3330 5150 3383 5204 in
3417 5163 3518 5204 vo-

1922 5238 2126 5296 lumine
2152 5236 2253 5292 Job
2280 5235 2541 5304 scriptum
2571 5244 2657 5291 cst
2686 5253 2699 5289 :
2730 5233 3001 5307 Numquid
3030 5242 3250 5296 mundus
3288 5244 3386 5296 erit
3410 5240 3514 5295 Ito-

1925 5348 2009 5386 mo
2041 5346 2215 5384 coram
2256 5327 2363 5382 Deo
2384 5369 2397 5393 ,
2429 5336 2519 5380 aut
2560 5328 2615 5381 in
2649 5327 2890 5399 operibus
2919 5332 3025 5386 suis
3056 5331 3518 5402 irreprehsnsibilis

1923 5424 2043 5479 uir?
2082 5422 2144 5478 Si
2186 5420 2428 5477 adversus
2460 5416 2685 5487 famulos
2712 5436 2833 5474 suos
2874 5437 2977 5475 non
3010 5422 3171 5477 credit
3202 5438 3218 5474 :
3244 5430 3293 5474 et
3335 5432 3516 5477 contra

1926 5519 2136 5589 angelos
2182 5529 2299 5569 suos
2340 5527 2557 5583 pravum
2587 5512 2710 5581 quid
2753 5514 2943 5584 reperit
2984 5530 3001 5568 :
3039 5522 3233 5587 quanto
3263 5516 3425 5590 magis
3457 5520 3511 5573 in

289 5716 317 5751 ⁸
346 5716 557 5776 Eadem
579 5715 712 5771 edit.
745 5715 1071 5785 Quamquam
1100 5716 1235 5770 enim
1262 5724 1306 5771 te
1330 5711 1512 5783 multo,
1539 5724 1697 5783 quam
1724 5720 1815 5779 ego
1844 5701 1967 5774 sint,
1998 5709 2149 5759 wtate
2175 5701 2458 5779 majorem,
2502 5708 2702 5771 tamen,
2735 5710 2838 5761 etc.

503 5812 782 5876 Pu‘non.
830 5809 1046 5874 XXX.
