4012 6190
220 215 320 274 269

1092 211 1428 270 EPISTULA
1469 209 1734 268 XXXVII.
1775 206 1869 264 ιιι
1903 207 2191 267 ﬂRlGINE
2233 209 2619 268 ANIMARUM.

3410 213 3518 270 270

217 342 316 398 est,
353 332 499 386 Deus
529 332 874 402 omnipotens
899 337 1032 409 est:
1059 329 1164 384 hoc
1193 331 1442 385 dubitare
1466 330 1688 383 omnino
1717 329 1810 382 tic-
1841 329 1892 388 Δ
1921 329 2332 384 confirmatione
2361 329 2644 384 doctrinae.
2674 327 2786 383 Nec
2814 327 2942 384 illud
2972 327 3116 398 quod
3159 327 3215 386 in
3246 328 3517 386 Ecclesia-

220 424 414 479 tnentis
461 435 568 480 est.
601 423 902 480 Tantorum
933 438 1062 492 ergo
1113 425 1404 489 malorum,
1453 437 1572 492 quae
1603 423 1735 474 fiunt
1763 436 1816 474 tn

222 517 461 586 parvulis
483 532 646 572 causa
686 516 922 573 dicatur.
971 516 1108 571 Nam
1137 531 1268 572 cum
1307 518 1549 583 majores
1593 515 1692 570 ista
1722 529 1818 584 pa-

220 613 438 674 lianlur,
475 609 717 664 solemus
743 609 948 677 direre,
979 619 1069 664 aut
1099 609 1248 663 sicut
1269 609 1324 663 in
1349 607 1455 663 Job
1479 608 1669 662 merita
1694 621 1822 665 exa-

215 702 430 765 minari,
464 713 556 756 aut
591 704 733 758 sicut
766 700 821 756 in
852 700 1068 757 Herode
1114 708 1338 771 peccata
1388 698 1574 770 puniri
1606 715 1624 756 :
1655 707 1709 753 et
1753 698 1822 754 de

212 795 534 864 quibusdam
588 795 880 866 exemplis,
915 809 1037 866 qua:
1069 794 1212 849 Deus
1251 792 1544 849 manifesta
1577 806 1698 847 esse
1727 807 1823 846 vo-

211 887 334 952 luit,
371 889 479 944 alia
509 903 632 959 qua:
675 888 912 943 obscura
958 897 1109 952 sunt,
1165 887 1445 941 hominum
1492 883 1823 954 conjectum

211 981 614 1049 conceduntur,
644 980 741 1036 sed
774 980 878 1036 hoc
906 981 962 1034 in
1000 979 1318 1049 majoribus.
1353 979 1428 1033 De
1456 977 1694 1047 parvulis
1721 992 1820 1030 au-

210 1081 322 1128 tem
353 1071 486 1143 quid
539 1071 991 1141 reSpondt-amus,
1046 1071 1322 1134 edissere,
1374 1070 1420 1122 si
1454 1069 1615 1123 tantis
1647 1067 1820 1138 [uenis

211 1166 364 1220 nulla
388 1166 440 1219 in
471 1167 550 1219 eis
576 1175 698 1220 sunt
728 1162 999 1233 punienda
1031 1174 1270 1232 peccata.
1303 1159 1436 1215 Nam
1463 1160 1646 1229 utique
1668 1159 1818 1214 nulla

208 1269 292 1312 εει
327 1259 383 1311 in
407 1258 517 1312 illis
545 1258 806 1310 mtatibus
834 1253 1193 1312 examinanda
1220 1253 1452 1323 jllSlifla.

285 1350 657 1420 Hieronymus.
678 1348 826 1402 Dedit
847 1348 1200 1403 Ecclesiastes
1218 1344 1815 1416 primoomnium-men-

213 1453 320 1498 tem
349 1459 501 1498 suam
536 1442 602 1498 ad
629 1443 957 1512 sapientiam
989 1439 1394 1511 requirendam,
1427 1447 1482 1494 et
1520 1437 1660 1492 ultra
1689 1438 1813 1493 lici-

209 1546 319 1592 tum
351 1552 411 1592 sc
439 1536 770 1600 extendens,
803 1535 973 1592 voluit
1003 1549 1194 1589 causas
1227 1533 1576 1601 rationesque
1615 1545 1817 1601 cogno-

205 1645 358 1686 scere
387 1647 400 1684 :
431 1631 610 1696 Quare
635 1629 842 1700 parvuli
888 1628 1303 1698 corripereutur
1333 1642 1363 1684 a
1388 1627 1677 1684 daemone:
1708 1623 1820 1680 Cur

208 1723 487 1796 naufragia
513 1723 761 1795 etjustos
781 1724 978 1792 impios
997 1724 1203 1792 pariter
1220 1722 1575 1777 absorbet-ent
1594 1719 1813 1776 :Utrum
1845 1707 1896 1768 Ι

204 1827 258 1871 et
289 1817 405 1873 haec
437 1829 492 1872 et
520 1819 603 1870 his
637 1815 840 1871 similia
863 1831 992 1870 casu
1021 1815 1326 1877 evenirent,
1361 1829 1426 1867 an
1455 1812 1662 1881 judicio
1683 1811 1816 1869 Dei?

204 1909 271 1962 Et
302 1910 348 1964 si
377 1924 511 1966 casu
530 1950 546 1974 ,
575 1908 673 1964 ubi
702 1906 1080 1978 providentia?
1111 1907 1168 1962 Si
1205 1905 1448 1977 judicio,
1482 1904 1575 1960 ubi
1609 1903 1817 1974 justitia

202 2000 342 2056 Dei?

274 2091 630 2162 Augustinus.
664 2092 807 2148 Doce
835 2091 1024 2162 igitur,
1056 2089 1184 2160 quid
1209 2090 1418 2158 dicere,
1457 2087 1590 2160 quid
1614 2086 1822 2144 sentire

200 2185 524 2252 debeamus,
550 2196 606 2240 ut
630 2194 844 2242 constet
867 2186 1024 2240 nobis
1044 2183 1184 2238 ratio
1208 2199 1470 2239 novarum
1487 2184 1817 2247 animarum,

200 2279 434 2349 singulis
465 2278 790 2347 corporibus
819 2279 1247 2346 singillatimque
1272 2278 1561 2334 factarum.

281 2372 652 2444 Hieronymus.
681 2371 900 2428 Videris
928 2371 1064 2427 mihi
1091 2370 1392 2427 obliviosus
1412 2385 1558 2436 esse,
1589 2379 1643 2426 et
1663 2367 1818 2441 quasi

204 2467 343 2524 nihil
370 2481 539 2536 supra
568 2467 777 2523 dictum
805 2469 899 2532 sit,
947 2481 1043 2536 per
1077 2465 1299 2524 easdem
1324 2464 1705 2534 disputatioziis
1733 2479 1822 2518 re-

201 2563 343 2618 verti
379 2563 556 2622 lineas
587 2579 599 2616 :
636 2563 737 2617 hoc
769 2562 913 2617 enim
944 2560 1103 2632 longa
1145 2561 1475 2616 dissertione
1505 2557 1817 2615 discussum

204 2667 306 2710 est.

275 2747 620 2818 Augustinus.
661 2747 1040 2803 Damnationis
1081 2747 1137 2803 in
1178 2745 1437 2818 parvulos
1471 2760 1688 2801 causam
1732 2759 1820 2800 re-

204 2840 360 2909 quire
391 2859 410 2892 :
435 2842 559 2910 quia
593 2857 768 2912 neque
807 2843 1140 2909 animarum,
1173 2843 1218 2894 si
1249 2856 1404 2896 nova:
1430 2840 1565 2895 fiunt
1595 2839 1824 2909 singulis

204 2936 467 3005 singulm,
499 2935 659 2990 video
703 2950 828 2991 esse
855 2937 1024 2990 ullum
1059 2937 1112 2989 in
1161 2937 1262 2991 hac
1305 2945 1468 2990 aetate
1508 2945 1819 3005 peccatum,

205 3042 306 3082 nec
335 3043 366 3081 a
402 3027 518 3082 Deo
543 3027 790 3082 damnari
821 3030 1061 3099 aliquam
1101 3027 1292 3094 credo,
1329 3042 1490 3098 quam
1519 3025 1667 3081 videt
1699 3027 1817 3080 nul-

205 3119 316 3175 lum
345 3119 553 3175 habere
579 3131 880 3190 peccatum.
909 3121 990 3174 An
1027 3120 1164 3174 forte
1188 3119 1477 3174 dicendum
1495 3126 1598 3183 est,
1625 3117 1678 3172 in
1702 3133 1814 3186 par-

209 3215 342 3265 vulo
391 3227 618 3266 tarnem
661 3214 836 3266 solam
885 3227 1008 3266 esse
1056 3210 1309 3282 peccati:
1342 3224 1538 3264 novatn
1585 3223 1716 3263 vero
1747 3207 1824 3262 illi

199 3308 444 3361 animant
481 3307 624 3375 fieri,
653 3321 760 3376 qua
785 3305 1087 3362 secundum
1110 3304 1202 3360 Dei
1226 3313 1496 3376 prtecepta
1523 3303 1736 3357 vivente
1768 3301 1820 3355 in

198 3399 480 3470 adjutorio
523 3402 713 3470 gratiae
757 3397 981 3465 Christi,
1034 3409 1088 3454 et
1135 3397 1240 3469 ipsi
1286 3399 1435 3452 carni
1476 3395 1730 3450 edomita:
1757 3409 1821 3449 ac

197 3495 506 3566 subiugata:
542 3495 714 3564 possit
742 3492 1172 3564 incorruptionis
1200 3493 1453 3549 meritum
1475 3505 1818 3562 comparare.

271 3588 664 3660 Hieronymus.
723 3589 920 3645 Demus
970 3603 1191 3660 operam
1256 3599 1314 3642 ut
1362 3586 1816 3655 perniciosissima

199 3682 439 3740 btet-esis
467 3686 536 3740 de
580 3684 825 3740 Ecclesia
859 3682 1157 3746 auferatur,
1191 3697 1314 3752 qtm
1355 3697 1571 3750 semper
1601 3680 1820 3734 simulat

196 3779 608 3850 penitentiam,
636 3787 698 3834 ut
724 3777 958 3833 docendi
991 3777 1044 3831 in
1079 3774 1338 3833 Ecclesiis
1370 3774 1564 3830 habeat
1593 3773 1817 3827 faculta-

198 3880 324 3939 tem,
379 3888 460 3927 ne
487 3874 532 3926 si
563 3879 751 3941 aperta
804 3885 864 3926 se
906 3869 1027 3926 luce
1058 3867 1384 3940 prodiderit,
1419 3869 1564 3922 foras
1593 3865 1818 3936 expulsa

195 3967 492 4022 moriatur.

262 4060 628 4130 Augustinus.
667 4054 971 4126 Quaerenda
1003 4068 1165 4109 causa
1206 4062 1366 4122 atque
1412 4049 1688 4106 reddenda
1714 4057 1818 4114 est,

193 4169 366 4224 quare
398 4154 742 4208 damnentur
768 4153 984 4215 unione,
1014 4163 1136 4220 quae
1161 4163 1315 4204 nova:
1335 4155 1594 4202 creantur
1633 4145 1819 4214 singu-

192 4247 258 4303 lis
290 4250 614 4321 quibusque
664 4245 1040 4309 nascentibus,
1091 4244 1135 4299 si
1167 4257 1364 4313 praeter
1407 4238 1605 4296 Christi
1635 4252 1818 4294 sacra-

191 4355 443 4400 mentum
481 4341 694 4413 parvuli
718 4340 1043 4396 moriantur.
1079 4336 1330 4392 Datunari
1352 4335 1496 4390 enim
1528 4351 1641 4401 eas,
1677 4330 1821 4388 sisic

191 4437 256 4493 de
285 4453 546 4509 corpore
573 4436 849 4499 exierunt,
881 4445 936 4488 et
964 4443 1150 4488 sancta
1196 4431 1507 4500 Scriptura,
1550 4435 1607 4482 et
1633 4438 1816 4480 saneta

191 4541 271 4587 est
302 4536 470 4589 testis
506 4531 785 4586 Ecclesia.
818 4527 968 4585 Unde
998 4526 1086 4580 illa
1118 4524 1187 4580 de
1214 4525 1518 4579 animarum
1551 4535 1812 4576 novarum

191 4629 480 4683 creatione
505 4625 807 4689 sententia,
831 4624 874 4677 si
905 4622 1048 4676 hanc
1072 4620 1228 4674 fidem
1251 4617 1680 4674 fundauissimam
1708 4631 1812 4668 non

191 4730 512 4790 oppugnat,
556 4717 626 4773 sit
653 4727 708 4772 et
737 4731 857 4772 mea
889 4733 903 4770 :
937 4716 981 4770 si
1014 4723 1319 4785 cppttguat,
1356 4728 1462 4768 neu
1509 4712 1574 4766 sit
1619 4719 1676 4765 et
1701 4720 1812 4766 tua.

191 4810 317 4866 Nolo
368 4811 517 4866 mihi
576 4810 788 4864 dicatur
818 4823 920 4878 pro
971 4807 1072 4862 bac
1102 4804 1368 4860 sententia
1419 4802 1619 4858 debere
1645 4801 1816 4871 accipi

191 4906 327 4974 quod
383 4909 668 4975 scriptum
718 4913 800 4959 est
851 4921 865 4958 :
903 4905 1002 4973 Qui
1051 4905 1202 4973 ﬁnxit
1245 4902 1485 4975 spiritum
1516 4901 1734 4955 hominis
1764 4901 1816 4955 in

192 4997 318 5066 ipso,
339 5000 518 5067 θετιιεὶ
549 4999 700 5069 lingit
728 4998 1032 5069 singillatim
1058 4997 1216 5051 corda
1245 5011 1440 5050 earum.
1473 4993 1685 5063 Aliquid
1707 4994 1817 5050 for-

198 5094 465 5148 tissimum
496 5102 671 5162 atque
693 5091 1107 5147 invictissimum
1134 5089 1518 5158 requirendum
1541 5099 1643 5154 est,
1670 5089 1817 5160 quod

197 5199 286 5240 nns
315 5202 430 5240 non
469 5191 646 5255 cogat
668 5183 835 5237 Deum
857 5184 1086 5238 credere
1111 5183 1342 5236 ullarum
1368 5181 1668 5236 animarum
1700 5183 1817 5238 sine

198 5279 350 5350 enlpa
393 5281 596 5347 aliqua
629 5275 1024 5329 damnantem.
1057 5275 1188 5330 Nam
1220 5275 1307 5330 vel
1341 5275 1674 5331 tantumdem
1725 5291 1818 5330 va-

196 5371 283 5436 lct,
307 5374 392 5428 vel
439 5373 578 5441 plus
611 5380 693 5423 est
729 5368 955 5423 forsitan
982 5383 1171 5424 creare
1198 5383 1356 5438 quam
1388 5368 1589 5438 ﬁngere
1615 5384 1627 5421 :
1654 5377 1707 5422 et
1737 5376 1818 5421 ta-

199 5484 310 5525 men
339 5472 630 5540 scriptum
655 5476 738 5520 est
758 5483 768 5519 :
786 5463 888 5520 Cor
909 5464 1156 5518 mundum
1177 5479 1293 5519 στω
1320 5464 1372 5517 in
1402 5479 1500 5531 me,
1521 5460 1679 5516 Deus.
1710 5460 1822 5516 Nec

197 5559 310 5617 ideo
341 5563 536 5634 putari
579 5569 770 5629 potest
797 5558 976 5612 anima
1034 5559 1134 5613 hoc
1189 5558 1310 5612 loco
1359 5568 1550 5627 optare
1598 5571 1657 5609 se
1707 5554 1822 5607 fieri

201 5656 521 5727 priusquam
557 5649 774 5719 aliquid
825 5659 990 5704 esset.
1039 5649 1190 5706 Sicut
1239 5665 1369 5720 ergo
1416 5649 1528 5718 jam
1584 5647 1826 5701 existens

201 5758 416 5804 creatur
444 5740 1086 5809 innm'ationejustitize,
1117 5743 1194 5797 sic
1209 5742 1318 5812 jam
1343 5743 1583 5796 existens
1607 5738 1830 5808 ﬁngitur

1919 432 2002 477 ste
2034 422 2294 491 scriptum
2335 431 2420 477 est
2464 440 2476 474 :
2507 421 2654 476 Tum:
2689 429 3008 475 convertetur
3049 423 3100 478 in
3132 431 3320 476 terram
3350 423 3519 493 pulvis

1920 515 2052 568 sicut
2080 514 2200 585 fuit,
2225 523 2272 568 et
2303 521 2580 570 revertetur
2607 513 2820 582 spiritus
2846 511 2915 570 ad
2946 509 3222 570 Dominum
3246 515 3334 585 qui
3375 514 3518 572 dedit

1920 607 2096 672 illum,
2128 608 2289 662 istam
2319 587 2612 664 confirmat
2654 605 3021 670 sententiam,
3064 623 3223 675 quam
3269 609 3517 666 Volumus

1921 715 2045 756 esse
2080 712 2343 756 nostram.
2370 700 2495 754 Plus
2523 699 2664 756 enim
2697 699 2803 755 hoc
2832 697 3159 768 suffragatur
3189 700 3286 766 eis,
3315 701 3404 770 qui
3452 718 3515 758 ex

1923 813 2029 854 una
2057 808 2252 868 putant
2289 813 2486 854 omnes
2512 812 2635 862 esse
2661 798 2892 852 animas.
2924 796 3060 852 Nam
3089 797 3225 851 sicut
3256 798 3523 852 converti-

1925 899 2036 955 tur,
2079 891 2352 962 inquiunt,
2389 890 2564 961 pulvis
2595 890 2647 944 in
2681 900 2878 948 terram
2927 889 3063 944 sicut
3092 887 3213 954 fuit,
3255 896 3312 944 et
3342 897 3521 944 tamen

1922 998 2071 1050 caro,
2106 983 2174 1038 de
2217 1000 2320 1052 qua
2365 982 2468 1038 hoc
2498 982 2704 1039 dictum
2753 995 2859 1045 est,
2887 981 2955 1036 ad
2989 981 3264 1039 hominem
3297 997 3403 1036 non
3439 997 3525 1036 re-

1920 1079 2170 1144 vertitur,
2204 1093 2268 1132 ex
2301 1093 2409 1148 quo
2447 1085 2744 1149 propagata
2775 1087 2880 1142 est,
2905 1075 3001 1132 sed
3031 1076 3098 1130 ad
3130 1084 3333 1131 terram
3381 1075 3524 1130 unde

1918 1174 2129 1242 primus
2178 1171 2342 1227 homo
2384 1171 2563 1226 factus
2615 1181 2698 1226 est
2737 1171 2859 1226 :sic
2908 1179 2965 1227 et
3002 1169 3226 1239 Spiritus
3257 1183 3319 1226 ex
3354 1167 3528 1237 ipsius

1919 1267 2084 1322 unius
2115 1266 2310 1334 spiritu
2343 1251 2703 1335 propagatus,
2734 1280 2843 1320 non
2873 1275 3056 1322 tamen
3086 1265 3154 1321 ad
3181 1282 3304 1321 eum
3344 1279 3531 1323 rever-

1919 1363 2073 1424 titur,
2103 1361 2199 1415 sed
2231 1359 2298 1415 ad
2329 1359 2651 1424 Dominum,
2681 1375 2713 1413 a
2743 1374 2852 1429 quo
2884 1360 2960 1413 illi
2997 1359 3155 1415 datus
3183 1371 3284 1416 est.
3326 1359 3528 1416 Verum

1917 1456 2045 1527 quia
2079 1455 2180 1509 huc
2209 1455 2582 1510 testimonium
2615 1453 2685 1508 ita
2714 1468 2810 1522 pro
2835 1451 2953 1508 istis
2981 1464 3165 1519 sonat,
3199 1463 3386 1508 utnon
3408 1469 3528 1508 om-

1919 1551 2054 1605 nino
2085 1549 2212 1603 huic
2227 1547 2496 1618 opinioni,
2524 1561 2689 1616 quam
2714 1545 2929 1602 delendi
2958 1547 3108 1608 volo.
3138 1545 3382 1600 videatur
3403 1560 3528 1602 esse

1920 1642 2258 1697 contrarium
2289 1659 2302 1695 :
2333 1639 2736 1695 admonendum
2787 1647 2997 1695 tantum
3049 1637 3260 1694 credidi
3292 1638 3532 1706 pruden-

1921 1734 2048 1788 tiam
2083 1746 2227 1790 tuam
2252 1777 2266 1799 ,
2313 1748 2380 1788 ne
2425 1731 2628 1788 talibus
2673 1731 2998 1787 teatimouiis
3037 1745 3105 1787 es
3139 1729 3222 1785 his
3262 1731 3526 1799 angustiis

1919 1841 2006 1880 me
2037 1828 2254 1880 coneris
2283 1840 2500 1879 eruere.
2533 1825 2668 1878 Nam
2699 1824 2822 1880 licet
2865 1836 3026 1878 nemo
3072 1821 3236 1878 faciat
3262 1821 3523 1890 Optanda,

1919 1927 1979 1970 ut
2007 1931 2195 1971 verum
2219 1915 2287 1968 sit
2307 1914 2452 1984 quod
2480 1929 2666 1968 verum
2693 1931 2798 1967 non
2829 1923 2930 1978 est,
2962 1922 3144 1972 limen
3175 1915 3218 1968 si
3252 1913 3368 1970 ﬁeri
3401 1927 3526 1981 pos-

1920 2015 2023 2074 set,
2059 2017 2306 2076 optarem
2339 2014 2399 2061 ut
2427 2003 2543 2060 haec
2565 2005 2833 2060 sententia
2862 2021 2994 2060 vera
3011 2016 3188 2070 esset,
3211 2006 3352 2060 sicut
3372 2013 3525 2074 apto,

1923 2113 1982 2155 ut
2010 2102 2058 2156 si
2087 2116 2215 2156 vera
2251 2109 2360 2165 est,»
2386 2099 2482 2154 abs
2511 2108 2564 2155 te
2594 2097 2955 2169 liquidissime
2977 2107 3140 2167 atque
3171 2097 3528 2152 iuvictissiue

1921 2195 2270 2252 defendatur.

1995 2288 2370 2360 Hieronymus.
2403 2287 2745 2359 Proposuisti
2789 2286 3098 2343 testimonia
3119 2328 3134 2352 ,
3176 2302 3298 2358 quae
3329 2302 3434 2342 non
3464 2287 3534 2346 de

1923 2383 2149 2438 alterius
2181 2381 2483 2449 Scriptura:
2528 2381 2672 2447 loco,
2709 2380 2802 2436 sed
2835 2379 2901 2435 de
2931 2380 3166 2450 propriis
3198 2380 3351 2435 libris
3374 2380 3533 2436 abso-

1921 2475 2033 2531 luta
2085 2484 2255 2530 sunt:
2290 2475 2599 2530 Revertatur
2629 2475 2798 2546 pulvis
2843 2476 2897 2528 in
2929 2486 3121 2528 terram
3164 2491 3347 2540 suam,
3396 2476 3532 2530 unde

1920 2577 2157 2638 sumptus
2201 2577 2275 2622 est
2308 2584 2326 2622 :
2353 2576 2400 2623 et
2427 2568 2643 2634 spiritus
2667 2575 2955 2621 reuertatur
2993 2567 3063 2620 ad
3102 2564 3408 2634 Dominum,
3442 2568 3532 2638 qui

1922 2658 2064 2714 dedit
2091 2657 2266 2712 illum.
2304 2659 2381 2712 Et
2413 2673 2524 2728 quo
2549 2658 2684 2712 satis
2731 2666 2862 2713 sunt
2891 2656 3144 2723 ridendi,
3195 2659 3287 2728 qui
3341 2668 3532 2729 putant

1923 2755 2134 2808 animas
2178 2768 2302 2808 cum
2335 2754 2657 2823 corporibus
2682 2752 2836 2819 ﬁeri,
2869 2764 2925 2809 et
2967 2768 3078 2808 non
3104 2769 3136 2808 a
3166 2753 3302 2822 Deo,
3345 2754 3442 2810 sed
3491 2771 3524 2812 ιι

1925 2859 2214 2915 corporum
2246 2855 2490 2914 parente.
2520 2845 2655 2900 Cum
2681 2846 2826 2901 enim
2853 2861 2983 2900 caro
3010 2856 3320 2902 revertatur
3340 2847 3394 2901 in
3419 2855 3530 2902 ter-

1927 2950 2044 2991 ram
2068 2977 2082 3001 ,
2114 2945 2170 2991 et
2197 2936 2423 3006 spiritus
2460 2937 2648 2993 redeat
2675 2938 2745 2992 ad
2783 2940 2948 2995 Deum
2996 2939 3092 3010 qui
3133 2939 3284 2996 dedit
3332 2940 3486 2995 illum
3509 2983 3526 3007 ,

1929 3031 2276 3088 manifestum
2302 3041 2387 3088 est
2409 3033 2580 3090 Deum
2610 3044 2894 3104 parentem
2918 3048 3042 3090 esse
3064 3035 3390 3102 animarum,
3422 3052 3529 3092 non

1929 3125 2196 3183 homines.

1999 3217 2340 3288 Augustinus.
2368 3217 2522 3275 Illam
2555 3235 2692 3276 vero
2715 3217 3033 3287 opinionem
3056 3257 3074 3281 ,
3121 3215 3268 3286 quod
3311 3231 3380 3271 ex
3431 3232 3534 3273 una

1927 3309 2056 3366 fiant
2085 3328 2280 3368 omnes
2308 3312 2530 3375 animat,
2561 3328 2660 3367 nec
2688 3311 2966 3367 discutere
3007 3310 3132 3365 volo
3172 3309 3278 3366 nisi
3307 3325 3532 3367 necesse

1921 3407 2014 3462 sit.
2046 3404 2224 3474 Atque
2261 3405 2466 3459 utinam
2508 3405 2610 3460 ista
2653 3403 2724 3459 de
2752 3419 2862 3474 qua
2889 3419 3036 3460 nunc
3064 3404 3293 3475 agimus,
3329 3405 3374 3458 si
3405 3420 3530 3460 vera

1923 3505 2028 3562 est,
2065 3493 2143 3549 sic
2172 3494 2274 3548 abs
2303 3505 2354 3548 te
2397 3491 2745 3559 defendatur,
2777 3504 2834 3547 ut
2865 3495 2968 3548 hoc
2999 3509 3226 3549 necesse
3262 3493 3374 3564 ja
3423 3509 3530 3550 non

1922 3586 2014 3640 sit.
2045 3585 2306 3653 Quamvis
2327 3592 2512 3639 autem
2540 3583 2844 3641 desiderent
2866 3629 2881 3653 ,
2914 3599 3125 3655 rogem,
3155 3586 3294 3640 votis
3337 3585 3536 3641 arden-

1923 3677 2154 3732 tioribus
2179 3683 2432 3744 exoptem
2459 3685 2514 3732 et
2541 3686 2878 3746 exspectem,
2911 3687 2969 3732 ut
2994 3693 3091 3746 per
3115 3687 3166 3734 te
3187 3677 3316 3732 mihi
3349 3678 3539 3733 Domi-

1926 3786 2032 3825 nus
2061 3769 2223 3848 hujus
2249 3767 2330 3825 rei
2355 3767 2570 3824 auferat
2605 3769 2965 3840 ignorantiam
3001 3786 3014 3823 :
3049 3777 3249 3837 tamen,
3283 3770 3354 3837 si,
3387 3773 3530 3840 quod

1923 3861 2088 3927 absit,
2108 3862 2332 3917 minime
2358 3876 2632 3931 meruero,
2665 3862 2978 3933 patientiam
3006 3861 3141 3918 mihi
3167 3871 3352 3936 pcta
3371 3878 3403 3918 a
3423 3863 3530 3920 Do-

1925 3970 2073 4010 ιιίιιιο
2097 3967 2304 4010 ιιοειΐο.

1996 4047 2370 4119 Hieronymus.
2402 4048 2562 4105 Juxta
2593 4048 2812 4106 beatum
2843 4053 3202 4122 Apostolunt:
3233 4050 3522 4122 Unusquis-

1924 4161 2022 4214 que
2061 4143 2113 4197 in
2141 4161 2236 4197 suo
2261 4159 2411 4197 sensu
2441 4143 2704 4210 abundat;
2732 4144 2868 4198 alius
2893 4147 3098 4217 quidem
3128 4147 3223 4208 sic,
3255 4145 3389 4198 alius
3433 4161 3529 4198 au-

1927 4246 2026 4290 tem
2048 4236 2141 4290 sic.
2165 4235 2325 4292 Certe
2353 4236 2612 4308 quidquid
2636 4237 2738 4292 dici
2767 4241 2959 4307 potuit.
2986 4247 3042 4293 et
3066 4236 3286 4291 sublimi
3313 4235 3530 4305 ingenio

1926 4332 1994 4385 de
2025 4326 2423 4400 Setipturarum
2457 4340 2766 4386 sanctarum
2811 4328 3015 4384 hauriri
3067 4327 3342 4394 futilibus,
3391 4341 3421 4379 a
3480 4336 3531 4380 to

1928 4427 2160 4496 positum
2191 4435 2353 4496 atque
2368 4426 2658 4480 dissertum
2686 4434 2789 4480 est.
2825 4424 2934 4480 Sed
2961 4438 3146 4494 quaeso
3168 4419 3525 4476 reverentiam

1925 4518 2049 4593 [ΑΙ.
2107 4517 2526 4589 verecundiam]
2595 4531 2761 4581 tuam,
2828 4530 3119 4586 parumper
3167 4512 3384 4583 patiaris
3438 4526 3524 4566 me

1925 4622 2072 4667 tuum
2106 4613 2324 4668 laudare
2370 4613 2666 4682 ingenium.
2697 4610 2806 4664 Nos
2838 4610 2980 4664 enim
3028 4609 3168 4663 inter
3213 4622 3310 4660 nos
3340 4605 3525 4660 erudi-

1925 4705 2086 4762 tionis
2117 4721 2284 4760 cansa
2311 4706 2645 4760 disserimus.
2679 4703 2946 4758 (Steterunt
2976 4700 3180 4763 tumuli,
3213 4709 3271 4754 et
3293 4700 3526 4754 maxime

1926 4798 2191 4865 haeretici,
2226 4814 2348 4852 cum
2390 4797 2636 4850 diversas
2661 4795 2800 4847 inzer
2823 4807 2922 4847 nos
2947 4791 3243 4846 sententias
3267 4791 3523 4861 viderint,

1925 4893 1991 4948 de
2023 4893 2187 4946 animi
2240 4888 2711 4944 calttntttiabunlur
2758 4900 2984 4939 rancore
3011 4883 3366 4941 descendere.
3398 4887 3527 4942 Mihi

1925 4992 2104 5039 autem
2133 4984 2410 5037 decretum
2454 4989 2539 5034 est
2566 4989 2620 5034 te
2661 4994 2865 5045 amare,
2898 4977 3175 5047 suspicere
3213 4975 3320 5053 [ΑΙ.
3356 4983 3528 5037 susci-

1926 5073 2102 5146 pere],
2125 5073 2326 5138 colere,
2358 5072 2564 5137 mirari,
2595 5077 2796 5138 tuaque
2835 5067 2978 5124 dicta
3005 5071 3158 5140 quasi
3191 5088 3309 5129 mea
3339 5075 3525 5130 defen-

1925 5173 2074 5230 dere.

1997 5262 2334 5334 Augustinus.
2366 5257 2466 5327 Qui
2490 5256 2698 5311 animas
2719 5271 2784 5312 ex
2810 5273 2911 5312 una
2937 5259 3221 5330 propagari
3250 5270 3521 5326 asserunt,

1926 5376 2086 5432 quam
2118 5359 2258 5412 Deus
2281 5353 2484 5409 homini
2521 5350 2691 5420 primo
2721 5352 2888 5416 dedit,
2925 5365 3086 5425 atque
3115 5354 3188 5406 ita
3218 5367 3312 5408 cas
3335 5368 3401 5408 ex
3425 5369 3520 5424 pa-

1925 5453 2174 5511 rentibus
2205 5449 2341 5504 trahi
2391 5447 2596 5512 dicunt,
2637 5444 2682 5498 si
2720 5443 3041 5500 Tertulliani
3075 5444 3385 5516 opinionem
3431 5461 3521 5501 se-

1927 5553 2186 5616 quuntur,
2217 5542 2458 5610 profectu
2484 5552 2576 5590 eas
2606 5550 2713 5590 non
2745 5538 2988 5614 spiritus,
3022 5535 3117 5590 sed
3148 5549 3375 5603 corpora
3403 5553 3526 5593 esse

1928 5636 2292 5698 contendunt,
2341 5642 2394 5688 et
2424 5630 2754 5701 eorpulentis
2795 5631 3099 5686 seminibus
3125 5627 3331 5682 csoriri
3371 5647 3384 5685 :
3420 5647 3528 5704 quo

1930 5729 2246 5804 perversius
2268 5727 2397 5800 quid
2432 5733 2608 5796 potest
2638 5719 2782 5780 dici?
