4012 6190
459 206 565 264 271

1504 196 1562 255 S.
1604 184 1977 251 HIERONYMI
2022 180 2308 241 OPERUM
2348 180 2711 239 MANTISSA.

3654 174 3763 234 27!

530 323 907 397 Hieronymus.
932 320 1038 389 Qui
1066 319 1258 375 dicunt
1296 316 1446 387 prius
1471 314 1679 369 animas
1707 310 1871 364 fuisse
1900 316 2061 375 quam
2089 301 2145 363 Α
2169 299 2502 356 habebamus
2515 298 2660 355 unde
2681 297 3011 363 viveremus,
3034 293 3256 397 nec-iste
3268 294 3413 354 unde
3428 303 3753 353 moreretur.

457 425 607 474 natae
639 396 787 488 sunt,
805 428 860 473 et
878 430 985 471 non
1009 413 1222 482 corpori
1249 410 1547 467 secundum
1567 404 1873 474 exemplum
1896 396 2055 470 primi

459 510 706 568 hominis
735 528 765 566 a
795 511 905 565 Deo
936 503 1179 575 quotidie
1200 503 1338 572 ﬁeri,
1363 500 1645 557 anathema
1677 497 1808 551 sint.

537 606 877 678 Augustinus.
904 599 1036 667 Quis
1063 606 1221 669 negat
1247 610 1355 651 non
1379 596 1536 651 unius
1568 601 1795 655 tantum,
1818 585 1912 641 sed
1942 598 2060 640 om-

462 698 548 754 nis
593 699 787 752 animm
827 702 1127 750 creatorem
1175 692 1541 757 factoremque
1572 686 1773 750 Deum,
1817 680 1921 735 nisi
1967 679 2058 748 qui

462 790 582 859 ejus
602 786 831 859 eloquiis
852 784 1197 855 apertissime
1214 778 1548 852 refragatur?
1568 777 1703 834 Sine
1728 774 1837 830 ulla
1860 773 2059 843 quippe

462 879 816 951 ambiguitate
837 892 935 946 per
956 874 1273 947 prophetam
1300 873 1472 929 dixit:
1504 872 1719 925 Omnem
1754 870 1939 938 ﬂatum
1964 880 2059 936 ego

461 974 584 1045 feci,
611 973 818 1028 animas
841 970 1052 1026 scilicet
1078 968 1304 1040 intelligi
1328 967 1538 1023 volens.

535 1063 906 1135 Hieronymus.
956 1063 1218 1118 Dominus
1259 1060 1312 1115 in
1345 1058 1641 1129 Evangelio
1677 1078 1690 1113 :
1730 1054 1934 1122 Videte,
1980 1054 2062 1109 in-

458 1160 595 1230 quit,
623 1175 686 1212 ne
714 1157 1047 1212 contemnatis
1077 1172 1240 1209 unum
1279 1171 1341 1208 ea:
1369 1153 1450 1207 his
1492 1151 1721 1223 pusillis.
1764 1148 1896 1203 Dico
1925 1149 2059 1201 enim

460 1252 625 1320 vobis,
664 1252 787 1323 quia
815 1251 986 1321 angeli
1012 1265 1189 1305 eorum
1218 1264 1418 1318 semper
1446 1246 1618 1301 vident
1657 1244 1839 1314 faciem
1885 1241 2061 1296 Patris

459 1347 562 1399 mei
607 1347 694 1413 qui
737 1346 792 1400 in
831 1345 973 1399 (telis
1015 1353 1110 1398 est.
1141 1343 1329 1413 Magna
1359 1340 1589 1409 dignitas
1629 1338 1951 1403 animarum,
2006 1342 2063 1388 ut

462 1455 803 1510 unaquaeque
845 1438 1042 1493 habeat
1071 1437 1139 1491 ab
1174 1445 1301 1491 ortu
1333 1433 1625 1489 nativitatis
1658 1433 1712 1486 in
1759 1430 2059 1488 custodiam

461 1531 546 1586 sui
587 1531 839 1601 angelum
871 1530 1234 1600 designatum.
1266 1526 1513 1584 Sufﬁciat
1557 1525 1715 1581 nobis
1761 1532 2058 1579 memorata

460 1625 760 1681 credulitas
798 1634 897 1681 :et
928 1633 1109 1681 nostra
1141 1624 1355 1679 tandem
1399 1622 1617 1677 ﬁniatur
1658 1618 1854 1675 oratio.
1891 1615 2058 1683 Ecce,

2161 392 2439 447 Materiam
2467 407 2597 463 ergo
2627 391 2696 446 de
2718 398 2906 445 nostra
2936 388 3269 445 mortalitate
3297 390 3577 460 suscepit,
3601 399 3664 445 ut
3693 391 3760 447 de

2159 498 2253 538 sua
2284 484 2697 538 immortalitate
2726 481 2949 547 collata,
2976 481 3114 536 mori
3146 480 3317 552 possit
3344 482 3452 537 vita
3486 497 3585 553 pro
3616 497 3762 539 mor-

2160 577 2286 630 tuis.
2319 576 2385 630 Et
2410 576 2534 647 quia
2567 590 2770 645 corpus
2813 582 3155 643 assumptum
3202 572 3487 629 ablaturus
3523 582 3647 630 erat
3687 575 3758 630 ab

2160 668 2333 723 oculis
2376 669 2576 725 nostris
2601 710 2617 735 ,
2664 676 2721 724 et
2744 666 3020 723 sideribus
3048 665 3304 723 illaturus
3331 706 3348 734 ,
3384 670 3759 724 necessarium

2157 770 2307 829 erat,
2352 770 2411 816 ut
2440 762 2601 818 nobis
2630 763 2686 816 in
2716 760 2823 816 hac
2862 760 2950 816 die
2976 770 3384 816 sacramentum
3423 762 3677 832 corporis
3706 771 3761 818 et

2158 856 2442 927 sanguinis
2470 856 2554 911 sui
2584 864 2975 922 consecraret,
3015 864 3073 910 ut
3107 855 3389 912 coleretur
3414 857 3501 912 vel
3521 855 3757 929 jugiter,

2154 946 2278 1017 jure
2304 963 2401 1019 per
2430 948 2753 1021 mysterium
2784 947 2929 1019 quod
2958 948 3131 1004 semel
3156 946 3503 1005 offerebatur
3540 950 3593 1005 in
3635 965 3761 1021 pre-

2158 1042 2292 1097 tium
2320 1060 2334 1109 ;
2370 1053 2427 1099 ut
2458 1044 2584 1116 quia
2613 1042 2927 1115 quotidiana
2958 1052 3016 1100 et
3053 1042 3329 1100 indefessa
3371 1044 3633 1101 currebat
3664 1061 3761 1116 pro

2162 1135 2444 1191 hominum
2467 1137 2638 1192 salute
2665 1135 2987 1206 redemptio,
3024 1147 3282 1207 perpetua
3314 1146 3463 1193 esset
3484 1137 3648 1192 etiam
3674 1151 3762 1192 re-

2161 1231 2490 1302 demplionis
2521 1232 2761 1298 oblatio,
2787 1240 2844 1287 et
2874 1231 3132 1302 perennis
3159 1231 3250 1286 illa
3278 1230 3514 1298 victima,
3548 1231 3761 1287 viveret

2161 1325 2215 1381 in
2244 1328 2528 1392 memoria,
2561 1336 2617 1381 et
2645 1340 2882 1396 praesens
2912 1341 3132 1396 semper
3153 1335 3296 1382 esset
3317 1326 3369 1380 in
3392 1326 3587 1397 gratia.
3616 1324 3759 1382 Vera

2160 1424 2319 1479 unica
2348 1433 2403 1479 et
2428 1421 2669 1493 perfecta
2702 1423 2906 1489 hostia,
2938 1421 3048 1480 ﬁde
3072 1420 3455 1491 existimanda,
3490 1435 3601 1475 non
3627 1434 3756 1490 spe-

2164 1516 2247 1571 cie
2281 1533 2294 1569 :
2330 1531 2430 1572 nec
2459 1517 2749 1572 exterioris
2773 1515 3044 1571 censenda
3068 1515 3186 1571 visu
3216 1513 3466 1578 hominis,
3492 1513 3586 1568 sed
3613 1513 3757 1569 inte-

2161 1608 2326 1664 rioris
2354 1609 2573 1665 aﬁeetu.
2617 1608 2773 1665 Unde
2804 1612 3004 1664 merito
3040 1608 3285 1664 ctelestis
3311 1606 3598 1663 conﬁrmat
3632 1621 3760 1660 auc-

462 1718 579 1774 Ι)εο
606 1716 846 1785 favente,
875 1718 973 1773 feci
1002 1717 1145 1786 quod
1178 1715 1428 1787 ﬂagitasti
1447 1758 1461 1782 ,
1491 1716 1657 1769 immo
1686 1712 1829 1782 quod
1861 1710 2008 1781 potui
2044 1727 2056 1763 :
2088 1686 2138 1746 Β
2165 1701 2378 1767 toritas,
2411 1702 2537 1773 quia
2561 1700 2694 1757 Caro
2722 1718 2837 1757 mea
2865 1718 2981 1756 vere
3006 1711 3081 1756 est
3111 1700 3276 1769 cibus,
3309 1711 3358 1756 et
3387 1699 3599 1772 sanguis
3618 1715 3759 1756 meus

460 1812 730 1867 rationem
756 1810 951 1866 anima:
976 1810 1131 1880 juxta
1170 1809 1472 1879 exemplum
1518 1806 1674 1877 primi
1718 1804 1974 1871 hominis,
2006 1810 2061 1858 et

458 1904 685 1960 verbum
711 1903 1009 1961 Salvatoris
1039 1918 1069 1958 a
1100 1903 1325 1958 Domino
1356 1901 1470 1956 Deo
1491 1898 1733 1972 quotidie
1756 1897 1875 1953 ﬁeri
1912 1896 2056 1967 jam-

461 2014 571 2066 que
592 1998 826 2054 formato
852 1997 1069 2068 corpori
1086 1996 1227 2064 dari,
1254 2005 1533 2064 totumque
1547 2008 1767 2049 cursum
1793 1991 1909 2061 ejus
1930 1990 2059 2046 bre-

458 2090 602 2145 viter
631 2091 778 2157 licet,
812 2089 1041 2144 saltibus
1066 2089 1267 2159 potius,
1296 2088 1339 2142 si
1371 2085 1475 2141 dici
1507 2087 1588 2141 fas
1611 2094 1717 2151 est,
1746 2099 1906 2155 quam
1936 2096 2057 2153 pas-

457 2183 612 2238 sibus
642 2198 742 2252 pro
784 2182 1130 2238 festinatione
1175 2181 1238 2235 ad
1273 2182 1437 2237 finem
1465 2195 1635 2250 usque
1665 2177 1891 2249 perduxi
1922 2195 1935 2230 :
1970 2186 2055 2231 at-

460 2291 567 2345 que
596 2290 697 2346 pro
722 2275 984 2330 tenuitate
1014 2273 1274 2345 ingenioli
1298 2276 1401 2328 mei
1428 2289 1524 2344 per
1546 2283 1774 2327 cunctos
1798 2269 2056 2325 Ecclesia:

460 2368 771 2437 magistros,
820 2368 1126 2439 praesertim
1173 2382 1269 2437 per
1297 2367 1431 2422 duos
1465 2363 1809 2435 pinguedinis
1864 2363 2053 2429 libros,

468 2456 827 2528 Augustinum
875 2458 1125 2514 videlicet
1172 2467 1225 2513 et
1256 2458 1642 2528 Hieronymum
1694 2457 2051 2523 assistentes,

457 2563 625 2606 aureo
655 2550 882 2607 dextera
927 2552 1175 2621 laevaque
1225 2548 1552 2604 candelabro
1576 2592 1590 2616 ,
1622 2551 1795 2605 instar
1824 2550 2053 2604 duorum

460 2642 585 2698 cmli
610 2642 957 2698 luminarium
1000 2642 1292 2712 cognitioni
1322 2642 1389 2695 ad
1418 2641 1679 2711 liquidum
1714 2641 1907 2697 tradidi
1945 2661 1956 2696 :
1988 2643 2056 2698 de

458 2737 875 2805 quamplurimis
900 2752 1091 2791 eorum
1120 2736 1418 2805 cpusculis,
1463 2752 1560 2791 sua
1592 2736 1670 2790 eis
1696 2736 1883 2792 solerti
1918 2737 2055 2808 vigi-

462 2828 656 2893 lantia,
685 2838 741 2883 et
768 2829 949 2899 sagaci
986 2828 1375 2898 perquisitione
1414 2829 1733 2900 investigata
1764 2831 2055 2918 restituens

457 2919 626 2986 dicta,
672 2920 817 2991 loqui
857 2921 1025 2977 veluti
1068 2930 1364 2992 praesentes
1407 2922 1631 2977 alternis
1671 2921 1879 2977 vicibus
1923 2922 2050 2978 feci.

457 3013 597 3079 Quid
628 3022 735 3069 tam
765 3024 999 3084 rectum,
1031 3015 1157 3085 quid
1183 3023 1290 3069 tam
1322 3030 1532 3085 verum,
1563 3015 1689 3085 quid
1725 3025 1833 3071 tam
1864 3018 2054 3072 catho-

2160 1810 2275 1848 vere
2301 1805 2375 1850 est
2403 1805 2555 1865 potus
2581 1793 2760 1868 (Joan.
2789 1810 2863 1863 vt,
2895 1794 3009 1864 56).

2232 1888 2296 1942 ll.
2354 1886 2593 1943 Recedat
2626 1903 2757 1958 ergo
2798 1902 2962 1943 omne
3012 1886 3351 1942 inﬁdelitatis
3400 1885 3711 1959 ambiguum
3739 1927 3755 1955 ,

2160 1979 2601 2049 quandoquidem
2624 1980 2714 2052 qui
2735 1990 2927 2035 auctor
2949 1989 3034 2036 est
3056 1978 3318 2044 muneris,
3350 1978 3469 2048 ipse
3490 1987 3574 2034 est
3593 1977 3756 2034 etiam

2162 2074 2315 2127 testis
2331 2074 2602 2128 veritatis.
2626 2072 2760 2128 Nam
2781 2073 3018 2129 visibilis
3043 2073 3319 2141 sacerdos,
3343 2072 3587 2129 visibiles
3607 2087 3760 2128 crea-

2160 2173 2309 2221 turas
2334 2167 2387 2221 in
2416 2166 2777 2222 substantiam
2805 2169 3055 2238 corporis
3075 2180 3129 2223 et
3149 2167 3427 2239 sanguinis
3451 2168 3561 2232 sui,
3594 2167 3758 2221 verbo

2158 2271 2259 2312 suo
2286 2268 2495 2315 secreta
2528 2268 2795 2329 potestate
2819 2261 3124 2326 convertit,
3157 2265 3227 2315 tta
3260 2259 3449 2314 dicens
3480 2276 3495 2313 :
3529 2259 3755 2331 Accipite

2159 2360 2208 2403 et
2232 2350 2481 2405 comedite
2505 2394 2519 2418 ,
2564 2352 2660 2405 hoc
2683 2359 2759 2405 est
2781 2369 2966 2425 corpus
2988 2370 3157 2407 meum
3193 2352 3213 2423 (
3245 2350 3397 2405 Matt.
3421 2366 3549 2405 xxvi
3573 2393 3587 2415 ,
3619 2350 3693 2405 26

2158 2442 2227 2498 Et
2256 2444 2683 2501 sanctiﬁcatione
2707 2448 2938 2516 repetita
2970 2463 2983 2500 :
3017 2447 3271 2517 Accipite,
3308 2443 3527 2515 inquit,
3552 2452 3598 2499 et
3624 2443 3758 2498 bibi-

2160 2545 2242 2601 te,
2275 2536 2360 2591 hic
2396 2547 2469 2592 est
2508 2540 2721 2610 sanguis
2762 2556 2927 2595 meus.
2963 2541 3104 2610 Ergo
3133 2547 3194 2593 ut
3235 2539 3301 2593 ad
3330 2548 3522 2594 nutum
3552 2538 3755 2610 praeci-

2160 2632 2359 2702 pientis
2384 2632 2626 2699 Domini,
2652 2644 2877 2704 repente
2896 2650 2963 2689 ex
2990 2633 3163 2689 nihilo
3193 2634 3553 2690 substiterunt
3576 2632 3763 2688 excel-

2159 2737 2221 2777 sa
2245 2723 2534 2787 caelorum,
2559 2723 2827 2795 profunda
2854 2724 3141 2794 fluctuum,
3167 2733 3322 2781 vasta
3348 2736 3614 2781 terrarum
3640 2741 3655 2778 :
3684 2724 3762 2780 ita

2158 2830 2342 2884 parem
2374 2817 2675 2884 potentiam
2708 2816 2763 2871 in
2793 2816 3168 2886 spiritualibus
3195 2819 3553 2871 sacramentis
3571 2816 3760 2873 verbis

2158 2907 2363 2978 praebet
2386 2908 2560 2963 virtus
2586 2952 2599 2976 ,
2634 2918 2688 2964 et
2729 2909 2811 2964 rei
2841 2911 3012 2965 servit
3038 2909 3294 2966 effectus.
3325 2910 3537 2978 Quanta
3564 2910 3753 2981 itaque

2158 3009 2214 3056 et
2240 3017 2403 3071 quam
2435 3000 2762 3057 celebranda
2789 3002 2874 3057 vis
2900 3002 3098 3059 divinae
3120 3001 3524 3058 benedictionis
3550 3016 3757 3072 opere—

453 3106 640 3174 licum,
675 3107 805 3178 quid
847 3109 963 3164 sole
994 3108 1223 3175 clarius,
1255 3109 1321 3163 ad
1366 3109 1775 3165 instructionem
1807 3110 2048 3166 omnium
2079 3076 2126 3140 C
2158 3100 2286 3147 ῑυνε
2320 3105 2373 3148 el
2400 3094 2679 3165 QUOmOdO
2713 3094 2811 3149 tibi
2857 3110 3055 3150 ηονιιπι
3098 3104 3155 3151 ει
3200 3094 3538 3164 impos-ilbi“?
3580 3094 3762 3151 "Meri

455 3201 630 3271 magis
662 3200 826 3271 utile,
859 3202 940 3256 vel
970 3210 1160 3258 contra
1195 3202 1481 3259 haereticos
1510 3212 1679 3270 certe,
1715 3205 1803 3275 qui
1838 3205 2051 3260 inimica

456 3294 741 3351 adversum
772 3313 871 3351 nos
902 3306 1085 3354 mente
1127 3298 1457 3364 desaeviunt,
1504 3300 1631 3369 quid
1666 3308 1772 3353 tam
1822 3300 2056 3369 irrepre—

453 3389 756 3447 hensibile?
784 3391 894 3447 Vos
932 3408 1065 3462 ergo
1093 3393 1484 3448 catholicorum
1516 3393 1755 3447 virorum
1782 3400 2055 3463 prmcepta

451 3485 717 3540 tenaciter
743 3486 1105 3556 assequendo,
1135 3485 1271 3556 justi
1300 3484 1569 3552 heredes,
1603 3484 1697 3540 sed
1729 3493 1784 3541 et
1812 3499 2058 3541 necessa-

456 3575 525 3630 rii
549 3578 896 3631 inveniemini
923 3582 1041 3649 :qui
1068 3578 1258 3633 Latiali
1283 3579 1501 3649 eloquio
1525 3579 1812 3649 pollentes,
1842 3578 2056 3648 sapien—

456 3666 687 3721 tioribus
715 3668 1081 3736 przeferamini
1110 3688 1120 3723 :
1156 3680 1210 3725 et
1237 3688 1344 3725 non
1375 3671 1544 3742 magis
1577 3672 1834 3727 stillantis
1878 3672 2054 3744 liquo-

453 3759 565 3827 ris,
598 3761 741 3815 sicut
771 3761 1091 3829 praefatione
1122 3764 1541 3833 comprehendi,
1579 3782 1737 3835 quam
1784 3768 2057 3823 inundan-

456 3853 593 3907 tium
634 3851 920 3910 iluviorum
957 3856 1203 3913 ubertate
1247 3858 1445 3928 rigati,
1476 3860 1793 3919 redundetis
1835 3862 2054 3919 fluentis

460 3943 809 4001 Sanctorum.

584 4058 898 4117 MONITUM
937 4061 1005 4117 IN
1042 4062 1463 4131 SEQUENTEM
1503 4065 1917 4125 EPISTOLAM.

528 4171 734 4243 Saepius
766 4174 860 4229 hoc
890 4174 1041 4229 titulo
1069 4179 1212 4244 apud
1239 4180 1394 4235 medii
1425 4184 1519 4236 (cvi
1548 4193 1852 4239 tractatores
1883 4184 2050 4239 homi-

460 4245 544 4327 lite
570 4258 868 4327 occurrunt.
896 4246 1048 4327 Hauc
1060 4266 1091 4327 _e
1108 4253 1287 4327 primis
1310 4254 1484 4306 statim
1503 4256 1667 4321 uerbis
1690 4257 1925 4327 agnoscit
1952 4256 2053 4309 Ou-

457 4316 615 4393 tijtitts
636 4335 754 4393 esse.
770 4315 966 4393 Fausti
999 4315 1303 4393 Iihégiensis
1327 4315 1553 4393 episcopi
1569 4366 1584 4391 ,
1612 4332 1697 4391 qui
1719 4315 1814 4381 sub
1851 4328 2054 4383 nomine

455 4385 666 4442 Eusebii
709 4388 968 4443 Emisseui
998 4385 1242 4446 hactenus
1265 4385 1438 4451 latuit.
1475 4385 1708 4452 [labetur
1740 4399 1894 4453 etiam
1920 4404 2052 4453 inter

456 4456 615 4529 hujus
646 4461 888 4515 Itomt’lt'as
918 4462 1190 4532 impressa.

923 4599 1262 4657 EPISTOLA
1304 4604 1593 4662 XXXVIII.

543 4726 639 4767 8εο
680 4728 900 4769 HOMILIA
940 4729 1006 4769 DE
1045 4731 1284 4773 CORPORE
1324 4735 1393 4775 ET
1434 4736 1693 4778 SANGUINB
1731 4740 1965 4783 CHRISTI.

526 4825 567 4878 l.
620 4824 933 4897 Magnitudo
975 4831 1280 4886 etelestinm
1339 4833 1727 4893 beneﬁciorum
1774 4843 2051 4912 angustias

453 4915 705 4972 humanae
732 4919 926 4976 mentis
954 4924 1215 4980 eaeedit:
1249 4937 1301 4981 et
1336 4939 1623 4999 prepterea
1666 4934 1957 4992 ordinavit
1979 4940 2050 4993 ita

455 5012 642 5066 divina
676 5016 1011 5082 providentia
1038 5065 1052 5089 ,
1104 5030 1162 5076 ut
1201 5024 1339 5093 quod
1380 5040 1576 5096 capere
1626 5030 1675 5085 in
1717 5032 1873 5087 nobis
1914 5037 2055 5091 ratio

456 5120 641 5159 rerum
676 5107 817 5163 mole
845 5108 984 5164 vieta
1013 5128 1121 5168 non
1148 5124 1376 5184 poterat,
1410 5118 1542 5176 ﬁdes
1575 5121 1770 5179 devota
1801 5126 2052 5198 concipe-

454 5206 539 5253 ret
561 5243 573 5267 ,
609 5208 665 5255 et
687 5199 1022 5256 intellectum
1061 5207 1354 5264 credulitas
1384 5211 1603 5269 robusta
1629 5216 1884 5271 nutriret.
1916 5220 2052 5275 Cum

454 5307 589 5364 ergo
621 5304 845 5364 propter
872 5300 1360 5367 transgressionem
1390 5303 1543 5369 Adae,
1576 5307 1775 5378 origini
1805 5319 1861 5364 et
1888 5314 2053 5367 morti

457 5390 769 5441 teneremur
810 5385 1038 5441 obnoxii
1074 5406 1087 5441 :
1121 5391 1456 5460 prOSpiciens
1490 5411 1554 5449 ex
1602 5397 1713 5453 alto
1758 5400 1901 5456 Deus
1926 5444 1940 5467 ,
1984 5419 2052 5459 ex

458 5491 565 5568 quo
589 5494 836 5535 essemus
862 5483 1009 5551 gravi
1034 5482 1330 5551 debitores,
1357 5487 1510 5556 juxta
1544 5494 1855 5561 qualitatem
1879 5500 2055 5568 capti-

457 5566 667 5635 vitatis,
713 5576 993 5642 reparavit
1024 5591 1222 5630 ntunus
1261 5578 1683 5651 redemptionis,
1735 5587 1789 5643 id
1819 5600 1903 5644 est
1930 5566 1959 5659 ,ἡ
2000 5602 2057 5648 ut

460 5672 560 5730 pro
587 5660 763 5719 debita
799 5675 981 5723 morte
1022 5666 1249 5728 offerret
1290 5672 1587 5733 indebitam
1609 5721 1622 5748 ,
1664 5682 1786 5752 quia
1820 5698 1919 5741 nec
1955 5701 2054 5745 nos

2159 3199 2267 3240 non
2295 3185 2528 3253 debeat,
2559 3186 2701 3256 quod
2733 3187 2784 3241 in
2816 3184 3017 3243 Christi
3048 3188 3414 3243 substantiam
3446 3196 3662 3243 terrena
3694 3194 3756 3243 et

2157 3278 2401 3332 mortalia
2426 3287 2835 3335 commutantur
2868 3298 2881 3335 :
2916 3280 3173 3352 teipsum,
3196 3280 3288 3353 qui
3315 3282 3427 3352 jam
3452 3280 3507 3336 in
3533 3279 3761 3336 Christo

2157 3384 2216 3426 es
2240 3380 2618 3441 regeneratus,
2639 3371 2937 3443 interroga.

2228 3462 2317 3517 Ill.
2351 3461 2563 3517 Dudum
2596 3462 2806 3519 alienus
2851 3480 2883 3519 a
2918 3464 3028 3519 vita
3052 3507 3066 3530 ,
3098 3465 3417 3537 peregrinus
3456 3479 3486 3519 a
3536 3462 3763 3519 miseri-

2161 3556 2368 3622 c0rdia,
2396 3574 2423 3612 a
2453 3558 2643 3611 salutis
2665 3557 2775 3623 via,
2801 3559 3136 3615 intrinsecus
3170 3570 3413 3616 mortuus
3433 3559 3721 3615 exsulabas
3745 3578 3761 3613 :

2164 3650 2345 3704 subito
2378 3649 2622 3705 initiatus
2663 3648 2867 3707 Christi
2904 3652 3146 3723 legibus,
3187 3662 3244 3708 et
3279 3653 3615 3710 salutaribus
3640 3670 3769 3725 my-

2159 3740 2343 3794 steriis
2375 3738 2688 3808 innovatus,
2724 3741 2779 3796 in
2806 3757 3005 3813 corpus
3040 3744 3301 3799 Ecclesia:
3331 3761 3439 3799 non
3472 3744 3713 3801 videndo
3740 3787 3759 3812 ,

2159 3832 2257 3887 sed
2311 3832 2587 3888 credendo
2639 3834 2882 3889 transisti
2931 3853 2943 3888 :
2994 3846 3048 3890 et
3100 3837 3169 3890 de
3215 3836 3327 3891 ﬁlio
3379 3837 3706 3907 perditionis
3741 3882 3759 3906 ,

2158 3924 2447 3995 adoptivus
2504 3927 2599 3981 Dei
2651 3928 2768 3983 ﬁeri
2822 3927 3033 3983 occulta
3079 3929 3311 3999 puritate
3365 3930 3654 3997 meruisti,
3704 3930 3764 3985 in

2156 4032 2412 4073 mensura
2445 4019 2647 4074 visibili
2679 4036 3027 4091 permanens,
3061 4020 3237 4091 major
3264 4020 3435 4077 factus
3488 4038 3547 4077 es
3576 4022 3756 4093 teipso

2154 4111 2447 4167 visibilitcr
2503 4113 2622 4169 sine
2674 4113 2991 4183 quantitatis
3044 4121 3378 4183 augmento,
3433 4129 3555 4168 cum
3635 4116 3754 4183 ipse

2156 4215 2320 4277 atque
2359 4205 2503 4261 idem
2549 4221 2735 4273 esses,
2795 4206 2965 4261 multo
3022 4206 3183 4261 aliter
3226 4206 3349 4262 ﬁdei
3399 4208 3751 4278 processibus

2157 4301 2441 4356 exstitisti.
2488 4303 2541 4356 In
2572 4302 2847 4357 exteriore
2878 4300 3015 4356 nihil
3052 4301 3299 4356 additum
3341 4312 3423 4356 est
3455 4319 3469 4356 :
3502 4311 3554 4356 et
3585 4309 3760 4357 totum

2157 4394 2211 4448 in
2244 4393 2507 4449 interiore
2538 4401 2803 4448 mutatum
2848 4402 2972 4461 est,
3015 4409 3078 4448 ac
3106 4396 3188 4448 sic
3229 4395 3398 4449 homo
3426 4391 3630 4449 Christi
3664 4393 3760 4449 Fi-

2078 4467 2134 4528 D
2159 4490 2262 4545 lius
2298 4487 2549 4555 effectus,
2575 4499 2629 4543 et
2652 4489 2903 4544 Christus
2927 4490 2980 4543 in
3016 4489 3252 4544 hominis
3282 4496 3465 4545 mente
3496 4488 3767 4546 formatus

2159 4591 2265 4637 est.
2295 4580 2446 4635 Sicut
2476 4595 2608 4651 ergo
2636 4580 2755 4636 sine
2782 4580 3050 4650 corporali
3093 4595 3279 4645 sensu,
3322 4580 3602 4650 prmtcrita
3633 4578 3764 4634 vili-

2157 4681 2269 4728 tate
2309 4673 2554 4743 deposita
2579 4716 2594 4741 ,
2627 4674 2811 4729 subito
2841 4689 2977 4729 nova
3008 4674 3235 4729 indutus
3264 4688 3324 4730 es
3354 4674 3618 4745 dignitate
3644 4688 3666 4733 :
3700 4684 3761 4729 et

2158 4767 2301 4823 sicut
2323 4768 2439 4824 haec
2460 4783 2577 4839 qua:
2611 4769 2663 4824 in
2688 4776 2741 4823 te
2770 4768 2911 4823 Deus
2934 4768 3061 4822 laesa
3088 4770 3322 4835 curavit,
3356 4767 3551 4823 infecta
3574 4767 3761 4833 diluit,

2160 4862 2427 4916 maculata
2473 4860 2741 4929 detersit,
2790 4877 2898 4916 non
2940 4871 3067 4916 sunt
3105 4862 3285 4917 oculis
3313 4907 3327 4932 ,
3375 4877 3474 4918 nec
3503 4861 3765 4919 sensibus

2161 4955 2266 5008 tuis
2288 4953 2491 5008 credita
2527 4973 2539 5009 :
2572 4956 2640 5009 ita
2670 4970 2797 5010 cum
2827 4956 3132 5011 reverenda
3158 4956 3316 5011 altari
3347 4954 3663 5011 caelestibus
3684 4956 3764 5010 ci-

2163 5044 2247 5098 bis
2280 5045 2560 5100 satiandus
2586 5047 2825 5113 accedis,
2849 5062 3066 5102 sacrum
3100 5046 3195 5102 Dei
3221 5047 3297 5101 tui
3332 5061 3530 5118 corpus
3549 5053 3603 5101 et
3627 5059 3763 5102 san-

2161 5140 2378 5210 guinem
2406 5141 2618 5211 respice
2638 5184 2652 5209 ,
2688 5141 2896 5197 honora
2923 5184 2937 5207 ,
2972 5142 3176 5197 mirare
3203 5185 3221 5213 ,
3254 5151 3434 5197 mente
3456 5140 3713 5211 continge
3742 5181 3759 5208 ,

2161 5232 2345 5288 cordis
2387 5249 2549 5290 manu
2596 5235 2813 5305 suscipe
2847 5253 2859 5287 :
2892 5246 2946 5291 et
2986 5238 3223 5293 maxime
3268 5236 3461 5292 haustu
3502 5234 3762 5292 interiori

2163 5340 2401 5382 assume.

2235 5416 2323 5474 IV.
2348 5416 2499 5485 Quod
2531 5419 2575 5473 si
2601 5418 2745 5473 illius
2778 5420 2985 5474 veteris
3017 5419 3152 5492 legis
3184 5434 3380 5475 manna
3408 5462 3422 5487 ,
3448 5420 3515 5476 de
3545 5435 3657 5491 quo
3685 5421 3765 5476 le-

2159 5513 2339 5583 gitur:
2373 5508 2519 5563 Pluit
2566 5512 2636 5564 eis
2679 5527 2873 5563 manna
2915 5522 2967 5565 ut
3005 5514 3255 5581 ederent,
3301 5512 3406 5568 hoc
3461 5514 3767 5584 unicuique

2159 5604 2410 5673 sapiebat
2438 5600 2578 5670 quod
2611 5602 2894 5656 desideriis
2923 5608 3276 5675 concupierat
3304 5622 3319 5663 :
3354 5606 3610 5676 aliudque
3644 5620 3769 5666 erat

2160 5698 2300 5772 quod
2344 5694 2659 5753 sumebatur
2685 5740 2699 5769 ,
2734 5694 2879 5752 aliud
2916 5699 3059 5772 quod
3093 5698 3380 5757 videbatur
3409 5717 3423 5755 :
3460 5700 3767 5762 invisibili-
