4012 6190
249 347 356 406 273
891 350 1227 409 EPlSTOLA
1264 349 1559 408 XXXVI".
1606 350 1696 407 DE
1733 344 2053 405 CORPORE
2092 348 2181 405 ET
2221 350 2577 410 SANGUINE
2617 353 2915 413 CHRISTI.
3446 362 3554 420 επ

249 472 441 537 terque
464 478 630 538 sapor
649 466 739 524 ille
762 466 815 524 in
843 467 1183 541 singulorum
1206 472 1461 528 sensibus
1491 472 1849 527 formabatur:
1878 468 1933 529 Α
1957 477 2113 525 catur
2146 488 2159 525 :
2187 481 2241 527 et
2266 487 2553 546 synagoga:
2582 476 2794 531 inﬁdeli
2829 477 3063 546 populus
3084 495 3150 537 ex
3177 482 3431 553 gentibus
3462 500 3554 539 ac-

250 557 293 613 si
316 573 451 629 ergo
480 558 614 615 illud
640 562 849 617 veteris
892 562 1028 633 legis
1058 578 1257 619 manna
1284 607 1299 631 ,
1345 564 1569 621 caelitus
1608 565 1855 635 elapsum
1958 562 2194 634 quisitus
2226 568 2578 636 praeponitur.
2613 569 2785 639 llujus
2813 584 2945 640 ergo
2974 572 3331 631 Melchisedcc
3354 593 3553 647 genea-

250 665 347 720 per
370 650 727 707 multimodas
752 653 1051 709 suavitates
1079 695 1096 720 ,
1126 666 1336 711 naturae
1368 670 1481 711 sua:
1513 656 1773 711 meritum
1803 662 1858 710 et
1958 656 2099 729 logia
2154 660 2239 714 vel
2280 660 2435 731 origo
2480 662 2730 716 notitiam
2774 662 2922 717 illius
2962 666 3222 734 temporis
3271 668 3424 723 latuit
3452 686 3467 725 :
3494 677 3551 725 et

248 743 469 813 generis
520 745 603 799 sui
655 746 956 802 excedebat
1002 748 1303 803 intuitum:
1336 757 1395 804 et
1450 748 1496 803 si
1542 756 1853 803 creaturam

248 849 403 890 suam
460 836 795 907 diSpensatio
848 839 1125 910 largitoris
1179 840 1465 910 multiplici
1530 839 1855 896 diversitate

248 927 607 999 condiderat,
669 939 729 985 ut
781 929 1051 1000 praeberet
1092 941 1320 1002 gustus,
1368 932 1510 1002 quod
1571 930 1853 1000 ignorabat

246 1031 510 1091 aspectus
554 1041 565 1076 :
608 1023 731 1093 quia
781 1024 932 1094 juxta
986 1026 1302 1095 recipientis
1348 1024 1852 1091 desiderium,escaa

244 1112 397 1167 illius
446 1114 660 1169 novitas
701 1123 757 1170 et
797 1116 1032 1183 dignitas
1071 1117 1439 1173 nascebatur:
1474 1132 1838 1187 unumquem-

206 1214 213 1221 '
244 1221 354 1276 que
381 1207 524 1262 enim
556 1210 720 1263 variis
749 1218 803 1264 et
839 1210 1037 1266 alienis
1079 1210 1369 1281 saporibus
1398 1211 1681 1267 reﬁciebat
1703 1210 1837 1265 mel-

243 1298 451 1354 lilluum
484 1299 681 1368 pluvia:
704 1300 850 1356 illius
884 1302 1125 1369 donum,
1175 1312 1232 1359 et
1259 1304 1545 1373 multiplex
1571 1304 1706 1359 sicci
1737 1303 1838 1358 im-

242 1391 355 1446 bris
382 1391 700 1464 obsequium
726 1411 740 1448 :
766 1410 884 1465 qua:
912 1411 1033 1450 cum
1061 1397 1137 1452 ita
1163 1396 1274 1452 sint
1298 1438 1312 1463 ,
1352 1397 1499 1468 quod
1526 1397 1640 1452 illic
1664 1396 1839 1452 avidi-

243 1492 325 1538 tas
354 1483 622 1551 faciebat,
662 1486 749 1541 hic
771 1486 903 1543 ﬁdes
931 1488 1095 1543 faciat
1122 1508 1133 1543 ε
1168 1498 1223 1544 et
1246 1490 1392 1544 sicut
1420 1492 1474 1545 in
1498 1505 1733 1560 corpore
1763 1492 1839 1545 ci-

249 1574 349 1630 bus
377 1576 654 1644 sapiebat,
684 1578 736 1632 in
769 1588 991 1648 pectore
1021 1580 1161 1635 Deus
1191 1580 1519 1636 credulitate
1550 1579 1792 1652 proﬁciat
1820 1599 1834 1641 ;

244 1668 387 1722 sicut
416 1668 645 1740 legimus
677 1689 690 1723 :
724 1672 943 1727 Accedet
974 1673 1129 1728 homo
1160 1674 1227 1729 ad
1260 1693 1348 1729 cor
1374 1678 1539 1730 altum
1566 1717 1580 1741 ,
1611 1686 1659 1731 et
1682 1676 1832 1731 exal-

241 1759 429 1814 tabitur
451 1760 591 1816 Deus
621 1760 846 1833 (Psalm.
869 1780 1024 1832 um,
1065 1767 1142 1835 7).
1167 1765 1293 1821 Ideo
1321 1768 1462 1836 quod
1491 1767 1564 1823 ibi
1597 1767 1835 1824 deleCta-

1955 750 2231 807 oblatione
2260 753 2419 823 panis
2444 762 2499 809 et
2528 754 2661 818 vini,
2696 752 2799 808 hoc
2822 752 3030 809 Christi
3061 757 3389 813 sacriﬁcium
3414 776 3551 829 pra:-

1955 844 2229 916 ﬁguravit,
2254 846 2323 902 de
2344 863 2452 917 quo
2481 846 2749 918 Pmpheta
2773 849 3092 917 pronuntiat
3121 866 3137 902 :
3170 849 3249 904 Tn
3280 868 3333 905 es
3362 852 3548 907 Sacer-

1955 937 2052 991 dos
2106 941 2162 993 in
2233 949 2487 995 wternum
2548 940 2830 996 secundum
2906 943 3143 998 ordinem
3210 942 3551 1003 Melchisedec

1953 1024 2181 1095 (Psalm.
2211 1044 2322 1093 crx,
2357 1028 2436 1099 4).

2020 1116 2131 1171 Vll.
2191 1116 2327 1171 Nam
2357 1130 2410 1173 et
2441 1120 2657 1192 Moyses
2687 1122 2757 1178 de
2781 1137 2851 1179 eo
2894 1124 3161 1196 mysterio
3190 1124 3440 1198 loquens,
3470 1130 3549 1185 vi-

1943 1222 2075 1262 num
2112 1217 2169 1263 et
2205 1210 2529 1280 sanguinem
2564 1214 2668 1268 sub
2699 1228 2803 1268 una
2836 1216 3206 1286 appellatione
3234 1220 3542 1290 signiﬁcat:

1942 1310 1997 1356 et
2043 1303 2099 1356 in
2147 1302 2531 1361 benedictione
2572 1308 2908 1375 patriarchae
2948 1308 3289 1367 Dominicam
3341 1314 3551 1382 passio-

1940 1408 2063 1448 nem
2104 1395 2277 1449 multo
2303 1395 2540 1467 amplius
2577 1396 2957 1455 demonstrat:
2995 1400 3067 1455 ita
3100 1401 3351 1472 inquiens
3389 1421 3403 1456 :
3436 1403 3544 1459 La-

1938 1486 2075 1540 vabit
2102 1486 2159 1541 in
2179 1488 2298 1541 vino
2325 1490 2512 1543 stolam
2544 1506 2720 1556 suam,
2753 1500 2801 1543 et
2824 1490 2879 1544 in
2907 1493 3165 1563 sanguine
3191 1510 3304 1549 uete
3325 1497 3547 1566 pallium

1937 1593 2092 1630 suum
2124 1576 2283 1649 (Gen.
2309 1595 2467 1648 ηις,
2498 1580 2612 1653 Η).
2643 1580 2881 1637 Adverte
2903 1597 3064 1651 quam
3088 1583 3379 1641 evidenter
3406 1602 3543 1644 con-

1936 1679 2083 1737 stat,
2116 1671 2228 1725 vini
2260 1683 2569 1728 creaturam
2597 1714 2611 1738 ,
2640 1673 2846 1728 Christi
2890 1674 3211 1746 sanguinem
3260 1694 3541 1751 nuncupa-

1941 1772 2071 1819 tam.
2100 1765 2170 1820 Et
2198 1766 2329 1837 quid
2359 1767 2539 1823 adhuc
2578 1766 2647 1823 de
2676 1767 2777 1823 hac
2804 1768 3007 1838 duplici
3042 1770 3228 1841 specie
3259 1771 3543 1844 inquirere

240 1852 316 1908 tio
358 1853 644 1910 obtinebat
691 1856 746 1910 in
775 1856 1025 1912 faucibus
1050 1900 1063 1923 ,
1114 1858 1202 1913 hic
1238 1858 1547 1916 benedictio
1578 1871 1835 1931 operetur
1865 1851 1916 1913 B
1939 1856 2164 1923 debeas,
2194 1859 2313 1927 ipso
2340 1859 2571 1913 Domino
2598 1868 2915 1923 attestante,
2948 1863 3392 1931 cognoscezNisi
3412 1907 3427 1932 ,
3456 1868 3542 1922 in-

238 1944 296 1999 ln
328 1946 602 2002 sensibus.
631 1946 715 2003 Ad
739 1950 1181 2020 cognoscendum
1221 1960 1277 2007 et
1304 1952 1711 2022 percipiendum
1754 1969 1844 2009 sa-

232 2038 508 2093 crificium
530 2039 642 2095 veri
669 2040 935 2096 Dominici
957 2043 1223 2111 corporis,
1254 2042 1371 2113 ipsa
1407 2052 1459 2099 te
1482 2046 1708 2100 roboret
1742 2059 1833 2115 po-

232 2130 407 2186 tentia
439 2133 837 2188 consecratoris
862 2175 877 2199 ,
906 2144 959 2189 et
990 2136 1080 2205 qui
1110 2144 1238 2191 tunc
1264 2134 1421 2190 latuit
1454 2136 1842 2208 prmﬁguratus

230 2222 290 2278 in
312 2238 512 2279 manna
538 2266 554 2291 ,
584 2224 657 2279 sit
684 2224 779 2279 tibi
806 2242 949 2282 nunc
977 2227 1358 2285 manifestatus
1386 2228 1443 2284 in
1471 2230 1663 2299 gratia.

305 2313 369 2369 V.
409 2315 591 2383 Ipsum
644 2325 829 2372 autem
880 2317 1050 2375 fuisse
1099 2321 1151 2375 in
1202 2336 1418 2377 mannae
1464 2322 1614 2377 illius
1654 2323 1841 2393 specie

231 2409 646 2481 prmﬁguratum
674 2453 688 2477 ,
724 2412 887 2468 etiam
933 2413 1208 2484 Propheta
1234 2415 1518 2472 evidenter
1548 2417 1790 2472 ostendit
1820 2459 1836 2484 ,

232 2502 421 2559 dicens
465 2522 481 2561 :
522 2503 723 2561 Panem
766 2508 882 2562 cali
940 2509 1080 2563 dedit
1137 2509 1211 2565 eis
1241 2525 1262 2564 .'
1291 2527 1477 2581 panem
1533 2512 1840 2581 angelorum

232 2599 567 2655 manducavit
609 2602 763 2657 homo
783 2600 1019 2673 (Psalm.
1050 2620 1258 2675 Lxxvn,
1283 2605 1404 2675 25).
1437 2606 1505 2661 Et
1530 2607 1655 2678 quis
1686 2607 1838 2677 panis

231 2702 319 2748 est
342 2695 661 2765 angelorum
689 2698 796 2751 nisi
825 2696 1076 2754 Christus
1099 2740 1114 2765 ,
1146 2700 1236 2770 qui
1264 2700 1391 2755 cibo
1412 2715 1525 2756 sua:
1546 2702 1836 2758 charitatis

231 2794 286 2840 et
308 2786 512 2843 lumine
534 2789 799 2845 claritatis
829 2806 928 2846 nos
951 2791 1165 2847 satiat?
1213 2792 1283 2848 Et
1308 2793 1451 2849 hunc
1482 2794 1574 2849 dat
1605 2810 1826 2866 panem,

230 2875 451 2935 dicente
481 2879 749 2952 Propheta
779 2900 794 2937 :
822 2882 985 2939 Sexta
1030 2884 1117 2939 die
1160 2885 1379 2956 duplum
1418 2886 1648 2959 colliges.
1696 2888 1834 2943 Dum

230 2969 381 3024 enim
411 2972 589 3039 primo
615 2988 645 3027 a
675 2972 957 3030 Dominica
995 2975 1085 3032 die
1121 2977 1173 3031 in
1201 2976 1321 3048 lege
1352 2978 1613 3035 tribuitur
1634 3021 1649 3045 ,
1693 2990 1749 3034 et
1779 2982 1834 3035 in

230 3067 352 3122 solo
389 3067 624 3123 sabbato
653 3068 958 3139 denegatur
992 3070 1139 3139 :jam
1184 3083 1310 3127 tunc
1345 3069 1600 3129 Christus
1627 3074 1696 3129 ab
1726 3073 1832 3129 Ec-

229 3160 395 3217 clesia
424 3202 449 3227 ,t
492 3162 579 3217 cui
624 3162 971 3219 Dominicum
1015 3166 1442 3222 resurrectionis
1463 3166 1606 3222 diem
1634 3182 1828 3251 conse-

229 3254 405 3309 oravit
433 3294 450 3319 ,
493 3254 838 3325 recipiendus
880 3256 1188 3313 ostenditur
1218 3276 1231 3311 :
1272 3266 1329 3313 et
1365 3274 1656 3330 synagoga:
1732 3242 1827 3316 'ad
1857 3231 1906 3297 α

231 3359 391 3413 quam
413 3345 593 3400 cultus
617 3346 827 3401 sabbati
859 3347 1188 3418 pertinebat,
1226 3349 1508 3420 negandus
1540 3366 1663 3407 esse
1689 3368 1826 3423 prae-

233 3435 429 3506 cipitur
459 3455 471 3490 :
506 3438 635 3493 dum
667 3438 784 3495 dies
802 3439 897 3509 qui
918 3449 1001 3494 est
1029 3442 1295 3511 septimus
1321 3484 1335 3508 ,
1383 3442 1630 3499 caelestis
1664 3446 1822 3515 panis

232 3526 419 3585 fraude
441 3530 757 3593 mulctatur,
777 3531 845 3586 de
870 3546 978 3602 quo
1002 3547 1139 3601 pane
1163 3543 1322 3589 vetus
1345 3545 1534 3589 narrat
1560 3533 1788 3589 historia
1812 3552 1825 3588 :

233 3619 347 3675 Nec
388 3624 478 3692 qui
521 3623 640 3694 plus
670 3622 948 3695 collegerat
978 3624 1158 3678 habuit
1186 3626 1411 3697 amplius
1440 3642 1457 3678 :
1489 3642 1582 3681 nec
1608 3627 1695 3696 qui
1726 3628 1827 3679 mi-

230 3730 329 3769 nus
372 3726 685 3784 paraverat,
725 3719 913 3787 reperit
950 3717 1118 3772 minus
1149 3733 1167 3771 :
1201 3733 1267 3772 eo
1291 3718 1436 3788 quod
1471 3717 1829 3773 Eucharisﬁze

230 3807 515 3877 perceptio
540 3822 648 3862 non
673 3806 727 3863 in
751 3807 1074 3878 quantitate,
1097 3808 1194 3865 sed
1222 3810 1275 3863 in
1299 3810 1499 3865 virtute
1527 3811 1826 3866 consistat:

227 3900 372 3971 quod
400 3916 599 3972 corpus
622 3901 856 3969 Domini,
888 3901 1178 3958 sacerdote
1206 3901 1582 3972 dispensante,
1622 3913 1826 3958 tantum

229 4000 316 4048 est
344 3994 566 4064 exiguo,
594 4006 859 4063 quantum
889 4009 1011 4050 esse
1033 4003 1247 4050 constat
1274 3995 1329 4050 in
1360 4003 1494 4050 toto.
1525 3995 1677 4064 Quod
1704 4012 1828 4053 cum

227 4086 477 4142 Ecclesia
510 4086 749 4143 ﬁdelium
777 4088 943 4143 sumit
972 4106 986 4142 :
1015 4088 1157 4144 sicut
1187 4089 1406 4158 plenum
1436 4089 1491 4143 in
1523 4089 1825 4158 universis,

224 4177 297 4233 ita
322 4179 590 4251 integrum
622 4194 745 4236 esse
780 4181 1041 4251 probatur
1069 4180 1121 4235 in
1147 4180 1400 4245 singulis.
1432 4180 1509 4236 De
1536 4196 1643 4251 quo
1664 4195 1830 4237 sensu

226 4270 525 4339 apostolica
563 4272 832 4327 sententia
878 4271 1121 4328 derivata
1149 4282 1232 4328 est
1258 4273 1450 4328 dicens
1481 4290 1494 4329 :
1532 4272 1636 4341 Qui
1667 4275 1829 4329 multa

226 4366 381 4421 habet
409 4384 512 4422 non
533 4367 815 4422 abundabit
838 4409 855 4435 ,
888 4377 937 4423 et
960 4369 1049 4438 qui
1079 4368 1344 4423 modicum
1371 4367 1557 4433 habet,
1591 4384 1696 4423 non
1725 4370 1825 4423 mi-

225 4462 433 4516 norabit
456 4459 527 4528 (ll
557 4460 676 4515 Cor.
708 4477 823 4527 vut,
853 4461 965 4532 15).
986 4460 1103 4516 Non
1125 4461 1269 4517 enim
1292 4460 1362 4517 de
1384 4463 1660 4517 communi
1690 4478 1828 4533 pane

226 4555 404 4625 accipi
434 4552 639 4611 dictum
674 4564 882 4626 potest,
911 4571 1068 4625 quem
1098 4557 1142 4610 si
1173 4554 1313 4611 forte
1336 4556 1702 4613 esurientibus
1730 4572 1825 4625 ap-

1946 1952 2094 2020 quit,
2127 1950 2563 2005 manducaveritis
2586 1968 2794 2005 carnem
2818 1952 2917 2020 ﬁlii
2938 1952 3165 2008 hominis
3187 1999 3201 2022 ,
3234 1965 3281 2010 et
3308 1956 3539 2013 biberitis

1946 2048 2060 2117 ejus
2089 2045 2395 2115 sanguinem
2416 2090 2431 2113 ,
2465 2060 2569 2098 non
2600 2042 2847 2097 habebitis
2873 2044 3030 2097 vitam
3070 2046 3127 2099 in
3163 2047 3304 2103 vobis
3331 2050 3352 2120 (
3378 2048 3537 2105 Joan.

1946 2152 1997 2191 vt
2021 2180 2034 2203 ,
2067 2135 2136 2191 54
2161 2137 2205 2204 ).
2234 2136 2389 2205 Quod
2421 2136 2793 2193 testimonium
2825 2146 3013 2190 contra
3042 2134 3250 2209 Pelagii
3281 2139 3539 2211 blasphe-

1944 2228 2083 2284 mias
2127 2228 2599 2285 evidentissimum
2638 2238 2801 2300 atque
2846 2228 3241 2285 validissimum
3281 2240 3400 2296 est,
3447 2234 3540 2304 qui

1943 2336 2190 2377 asserere
2215 2333 2431 2393 arrepta
2450 2320 2727 2391 impietate
2751 2320 3053 2391 praesumit,
3078 2336 3185 2377 non
3213 2332 3434 2394 propter
3464 2327 3543 2379 vi-

1942 2424 2072 2482 tam,
2101 2414 2196 2470 sed
2230 2425 2457 2484 prepter
2485 2428 2715 2484 regnum
2742 2413 3039 2480 caelorum,
3068 2413 3391 2484 baptismum
3419 2431 3542 2487 par-

1941 2505 2081 2561 vulis
2106 2504 2522 2562 conferendum.
2554 2505 2666 2562 Sub
2692 2505 2780 2560 his
2809 2506 2955 2560 enim
2983 2505 3075 2560 Dei
3108 2506 3315 2575 verbis,
3343 2508 3542 2578 quibus

1939 2598 2294 2668 Evangelista
2321 2598 2640 2669 pronuntiat
2668 2615 2685 2657 ;
2716 2595 2843 2651 Non
2866 2596 3126 2652 habebitis
3166 2598 3325 2651 vitam
3364 2599 3418 2653 in
3447 2614 3537 2654 vo-

1940 2689 2056 2744 bis:
2087 2698 2276 2759 aperte
2325 2687 2739 2759 intelligendum
2786 2695 2872 2744 est
2900 2730 2914 2755 ,
2960 2687 3107 2758 quod
3145 2688 3323 2745 omnis
3361 2692 3540 2747 anima

1939 2795 2169 2836 munere
2197 2780 2461 2851 baptismi
2490 2794 2661 2835 vacua
2692 2822 2707 2847 ,
2768 2794 2875 2837 non
2906 2780 3090 2835 solum
3120 2780 3293 2852 gloria
3321 2794 3532 2850 careat,

1937 2875 2035 2932 sed
2064 2882 2120 2930 et
2145 2875 2274 2929 vita.

2010 2968 2146 3025 Vlll.
2196 2968 2309 3025 Hoc
2353 2969 2537 3041 itaque
2568 2968 2838 3025 Dominici
2877 2968 3155 3039 sanguinis
3182 2968 3367 3024 vinum
3396 2984 3533 3041 aqua

1935 3078 2057 3119 esse
2076 3062 2435 3129 miscendum,
2467 3077 2575 3118 non
2606 3062 2785 3118 solttm
2827 3059 3137 3127 traditione,
3168 3060 3264 3117 sed
3295 3062 3414 3131 ipso
3441 3077 3536 3132 ge-

1935 3172 2069 3212 nere
2089 3155 2356 3226 passionis
2381 3156 2625 3211 ostendit
2658 3173 2673 3210 :
2704 3170 2777 3210 ex
2808 3154 2962 3223 cujus
3001 3166 3159 3207 sacro
3206 3152 3377 3207 latere
3405 3168 3534 3208 san-

1933 3252 2052 3323 guis
2080 3260 2136 3307 et
2159 3266 2296 3321 aqua
2324 3251 2530 3307 lanceae
2561 3250 2799 3305 illisione
2827 3247 3084 3318 proﬂuxit
3111 3263 3126 3304 :
3152 3246 3297 3301 sicut
3323 3254 3380 3302 et
3400 3247 3536 3302 Pro-

1932 3346 2094 3420 pheta
2132 3349 2304 3403 multo
2336 3356 2465 3402 ante
2498 3346 2749 3417 prtecinit
2770 3345 2959 3398 dicens
2991 3341 3301 3397 :Percussit
3329 3352 3531 3412 petram

1933 3451 1980 3497 et
2001 3443 2317 3513 efﬂuxerunt
2345 3456 2512 3508 aqum.
2546 3438 2618 3493 Et
2649 3435 2941 3506 Apostolus
2974 3450 2989 3489 :
3019 3432 3269 3488 Bibebant
3290 3475 3306 3499 ,
3336 3435 3529 3505 inquit,

1932 3533 1996 3587 de
2041 3541 2378 3599 consequente
2427 3547 2509 3584 eos
2562 3538 2710 3600 petra
2753 3526 2811 3598 (l
2840 3524 2962 3581 Cor.
2987 3541 3041 3591 Χ,
3075 3526 3105 3579 4
3128 3523 3170 3596 ).
3206 3524 3369 3581 Vides
3388 3528 3531 3593 quod

1932 3626 2028 3695 qui
2072 3624 2273 3680 biberit
2313 3622 2381 3678 de
2410 3620 2608 3677 Christi
2644 3622 2819 3691 gratia
2842 3660 2859 3686 ,
2910 3620 3155 3689 sequitur
3184 3636 3308 3676 eum
3331 3620 3532 3677 Christi

1934 3714 2341 3773 misericordia.
2393 3715 2500 3772 Sed
2540 3716 2595 3770 in
2635 3714 2931 3771 Salomone
2958 3713 3026 3770 de
3048 3714 3168 3783 ipso
3193 3713 3307 3771 Deo
3335 3717 3533 3786 prmdi-

1933 3821 2079 3865 ctum
2109 3808 2340 3879 legimus
2371 3826 2387 3863 :
2418 3808 2693 3878 Sapientia
2712 3849 2728 3875 ,
2757 3805 2972 3876 inquit,
3015 3806 3290 3876 aediﬁcavit
3310 3810 3408 3864 sibi
3436 3809 3531 3864 da-

1932 3916 2075 3953 mum
2102 3898 2286 3970 (Prov.
2318 3914 2401 3965 ix,
2437 3898 2527 3969 1),
2553 3899 2608 3954 id
2636 3907 2719 3954 est
2746 3942 2761 3966 ,
2815 3911 3013 3968 corpus
3053 3898 3289 3956 hominis
3319 3916 3534 3957 assum-

1937 3995 2047 4063 psit
2075 4008 2090 4048 :
2116 3992 2171 4046 in
2215 4008 2326 4063 quo
2367 3991 2575 4046 habitat
2614 3989 2895 4062 plenitudo
2939 3990 3241 4047 divinitatis
3273 4009 3288 4047 :
3318 3992 3529 4048 Excidit

1933 4088 2203 4142 columnas
2230 4096 2422 4157 septem
2446 4102 2464 4141 :
2485 4086 2610 4157 quia
2634 4085 2788 4141 illum
2812 4085 3122 4141 benedictio
3147 4084 3334 4153 gratia:
3362 4088 3530 4155 septi~

1932 4179 2120 4235 formis
2164 4180 2447 4251 implevit,
2493 4180 2733 4234 mactavit
2794 4178 2994 4233 hostias
3034 4194 3155 4233 suas
3182 4193 3200 4230 :
3225 4178 3431 4232 miscuit
3471 4182 3527 4235 in

1931 4281 2127 4327 cratere
2179 4272 2355 4327 vinum
2398 4288 2550 4326 suum
2576 4289 2595 4325 ε
2624 4281 2671 4327 et
2719 4271 2939 4343 paravit,
2964 4285 3197 4323 mensam
3242 4285 3414 4322 suam.
3455 4269 3525 4327 Et

1931 4366 1988 4421 in
2015 4366 2262 4436 sequenti
2288 4382 2303 4421 :
2343 4363 2530 4421 Venite
2553 4406 2567 4431 ,
2599 4374 2644 4418 et
2674 4366 2810 4419 edite
2834 4365 2898 4418 de
2925 4364 3051 4418 meis
3080 4362 3301 4433 panibus
3326 4401 3343 4429 ,
3374 4371 3423 4416 et
3443 4362 3525 4416 bi-

1932 4460 2031 4515 bite
2057 4460 2233 4514 vinum
2271 4459 2411 4530 quod
2454 4459 2637 4514 miscui
2666 4458 2826 4513 vobis.
2870 4455 3192 4511 Admixtum
3225 4469 3357 4525 ergo
3384 4470 3522 4526 aqua

1930 4555 2115 4610 vinum
2146 4553 2394 4623 legimus.

228 4669 579 4723 poneremus,
609 4670 715 4709 non
747 4667 817 4707 ex
845 4658 960 4707 toto
984 4652 1291 4721 perveniret
1311 4651 1377 4706 ad
1401 4654 1641 4724 singulos
1664 4675 1679 4719 ;
1702 4656 1826 4725 quia
1851 4626 1908 4690 D
2004 4647 2095 4703 1X.
2127 4646 2281 4701 Nunc
2305 4659 2523 4700 causam
2546 4684 2559 4706 ,
2592 4656 2762 4713 quare
2794 4648 3090 4709 utramque
3121 4637 3383 4693 Dominus
3423 4640 3525 4695 nii-

228 4747 597 4817 particulatim
645 4754 701 4801 et
736 4744 1043 4801 minutatim
1082 4759 1181 4814 pro
1221 4746 1475 4815 portione
1513 4760 1610 4800 sua
1656 4762 1825 4801 unus-

226 4840 460 4910 quisque
494 4844 865 4908 praesumeret.
917 4837 993 4891 De
1035 4837 1137 4891 hoc
1178 4852 1310 4892 vero
1359 4852 1492 4907 pane
1518 4853 1641 4892 cum
1674 4854 1828 4894 assu-

228 4934 395 4989 mitur
424 4979 439 5002 ,
493 4933 625 4989 nihil
670 4934 849 4987 minus
889 4932 1087 4986 habent
1121 4932 1315 5002 singuli
1348 4946 1507 5001 quam
1538 4932 1777 4987 universi
1809 4949 1824 4992 :

231 5033 403 5082 totum
445 5041 619 5091 unus,
664 5034 831 5079 totum
859 5024 963 5079 duo
983 5066 998 5091 ,
1036 5033 1203 5078 tctum
1231 5026 1411 5093 plures
1440 5026 1561 5079 sine
1592 5024 1827 5079 diminu-

230 5119 379 5175 tione
428 5119 699 5189 accipiunt
731 5135 745 5176 :
774 5118 901 5189 quia
938 5117 1249 5172 benedictio
1294 5115 1454 5185 hujus
1496 5117 1827 5172 sacramenti

231 5212 334 5267 scit
363 5211 634 5281 distribui,
671 5225 771 5267 nec
801 5211 903 5267 scit
930 5208 1315 5265 distributione
1344 5208 1614 5262 consumi.

305 5305 396 5360 Ἣ.
443 5306 784 5361 Sacramenti
831 5306 1014 5374 itaque
1061 5304 1222 5373 hujus
1268 5301 1539 5368 formam,
1579 5302 1824 5358 etiamin

232 5398 546 5456 Judzeorum
588 5400 802 5470 paginis
849 5391 1097 5454 videmus
1150 5413 1460 5468 expressam
1509 5415 1524 5456 :
1577 5397 1712 5453 Nam
1765 5400 1833 5454 de

235 5494 602 5550 Melchisedec
631 5495 684 5548 in
718 5492 918 5549 Genesi
951 5494 1177 5563 legimus
1208 5508 1222 5548 :
1253 5491 1321 5546 Et
1358 5491 1702 5547 Melchisedec
1740 5507 1835 5545 rex

237 5586 420 5642 Solem
448 5588 636 5642 obtulit
676 5603 862 5659 panem
904 5595 950 5641 et
992 5587 1166 5640 vinum
1199 5597 1248 5640 et
1284 5584 1545 5639 benedixit
1586 5583 1830 5637 Abrahw.

240 5677 369 5734 Fuit
418 5688 588 5736 autem
643 5680 897 5735 Sacerdos
949 5680 1042 5735 Dei
1097 5681 1334 5735 altissimi
1385 5679 1560 5751 (Cen.
1592 5695 1677 5731 xiv
1715 5717 1729 5741 ,
1772 5676 1837 5730 18

241 5791 379 5845 seqq.
418 5778 437 5846 )
473 5793 486 5836 ;
518 5774 757 5846 dumque
796 5790 825 5829 a
849 5776 1117 5847 praeputio
1144 5816 1157 5840 ,
1204 5776 1254 5830 id
1287 5784 1389 5841 est,
1425 5791 1453 5829 a
1486 5773 1700 5845 gentili,
1735 5771 1842 5825 cir-

245 5870 506 5930 cumcisio
542 5869 726 5930 futura
754 5870 1126 5939 henedicitur,
1158 5869 1417 5927 Ecclesiae
1444 5868 1617 5941 gloria
1644 5865 1843 5936 pracdi-

1929 4742 2069 4798 sceri
2115 4738 2386 4802 voluerit,
2433 4735 2797 4805 inquiramus.
2843 4732 3077 4798 Quando
3120 4730 3174 4786 in
3212 4730 3523 4789 Judazorum

1932 4833 2190 4892 convivio
2231 4828 2462 4899 nuptiali
2514 4827 2697 4881 vinum
2724 4866 2740 4891 ,
2774 4824 2829 4879 id
2867 4834 2984 4889 est,
3018 4822 3152 4878 ﬁdes
3186 4823 3244 4878 in
3278 4824 3359 4880 eis
3387 4825 3525 4882 deﬁ-

1932 4928 2111 4983 ciebat
2136 4943 2149 4979 :
2180 4924 2391 4986 Vinum,
2416 4920 2608 4990 inquit,
2634 4918 2900 4987 deﬁciebat
2921 4918 3077 4987 :quia
3104 4920 3259 4975 vinea
3289 4920 3523 4978 fructum

1934 5020 2164 5089 negabat
2191 5034 2204 5071 :
2236 5016 2304 5071 de
2324 5030 2430 5085 qua
2460 5013 2656 5067 dicitur
2683 5009 2815 5081 (Isa.
2841 5027 2895 5077 ν,
2923 5010 2979 5081 4)
3016 5028 3031 5064 :
3063 5009 3442 5084 Exspectabam
3470 5028 3525 5070 ut

1938 5113 2127 5183 faceret
2149 5124 2273 5161 uvas
2302 5147 2316 5172 ,
2343 5105 2459 5177 fecit
2488 5111 2660 5157 autem
2684 5103 2862 5172 spinas
2887 5100 2907 5174 (
2932 5102 3074 5160 unde
3095 5115 3151 5161 et
3180 5119 3384 5163 sertum
3417 5109 3527 5178 Spl-

1936 5218 2097 5260 neum
2138 5200 2300 5268 capiti
2331 5194 2715 5263 Redemptoris
2743 5194 3065 5268 imposuit),
3100 5201 3315 5269 quando
3343 5200 3523 5255 Domi-

1936 5312 2038 5352 nus
2065 5292 2292 5363 nuptiali
2320 5301 2587 5357 tempore,
2621 5285 2673 5340 id
2703 5296 2808 5353 est,
2839 5290 3055 5357 quando
3082 5305 3315 5361 sponsus
3343 5306 3401 5345 se
3432 5291 3529 5347 Ec-

1938 5389 2120 5445 clesia:
2147 5399 2259 5440 suae
2302 5379 2541 5452 paschali
2568 5378 2929 5435 exsultatione
2952 5382 3252 5452 jungendo,
3280 5398 3447 5452 aquas
3475 5384 3532 5440 in

1942 5485 2127 5539 vinum
2168 5475 2431 5532 convertit
2465 5488 2479 5529 :
2512 5470 2796 5528 manifeste
2841 5474 3200 5544 praeﬁguians
3227 5474 3532 5533 multitudi-

1950 5601 2049 5640 nes
2076 5583 2316 5654 gentium
2348 5579 2415 5636 de
2460 5578 2740 5648 sanguinis
2770 5580 2855 5637 sui
2885 5585 3055 5651 gratia
3092 5599 3215 5640 esse
3252 5597 3529 5649 venturas.

1952 5679 2057 5734 Per
2085 5690 2251 5747 aquas
2282 5675 2430 5729 enim
2468 5671 2697 5741 populos
2736 5673 3026 5743 significari
3053 5721 3066 5745 ,
3099 5678 3269 5733 sacris
3295 5686 3537 5751 aperitur

1955 5766 2184 5839 eloquiis
2217 5782 2231 5823 :
2264 5766 2402 5821 sicut
2430 5763 2624 5833 legitur
2654 5778 2668 5819 :
2700 5762 2861 5833 Aqua:
2888 5767 2999 5821 isne
3041 5786 3170 5839 quas
3197 5772 3402 5840 vidisti,
3445 5795 3541 5845 ρος

1962 5863 2071 5934 puli
2101 5868 2218 5917 sunt
2254 5868 2300 5913 et
2326 5865 2499 5932 gentes
2539 5865 2583 5912 et
2615 5856 2809 5928 lingua:
2833 5859 3019 5931 (Apoc.
3051 5877 3193 5931 xvn,
3232 5863 3347 5921 15).
3389 5866 3545 5928 Unde
