4012 6190
458 337 568 391 275

1497 319 1556 375 5.
1602 311 1989 372 lilEliONYMl
2028 309 2307 367 OPERUM
2352 304 2719 363 MANTISSA.

3666 303 3771 361 2'16

460 463 517 509 et
559 447 890 506 advertimus
949 442 1003 497 in
1055 436 1214 509 aquis
1265 435 1492 507 figuram
1539 432 1776 503 gentium
1828 428 2054 485 demon-
2085 429 2136 490 Α
2166 426 2459 480 humanum
2490 422 2774 478 conformo
2802 418 3021 491 corpori
3052 432 3167 475 sum
3204 417 3474 475 claritatis
3519 417 3772 486 reddere,

464 543 646 608 strari,
692 541 742 594 in
772 538 896 591 vino
916 539 1095 588 autem
1119 528 1437 599 sanguinem
1470 523 1765 580 Dominicte
1795 517 2062 590 passionis

465 634 702 692 ostendi.
748 630 826 684 Ac
853 629 934 681 sic
971 640 1094 678 cum
1130 623 1186 678 in
1227 617 1588 676 sacramentis
1616 617 1741 669 vino
1775 628 1911 683 aqua
1935 613 2066 668 niis-

462 737 638 790 cetur,
666 721 883 777 Christo
910 715 1087 773 ﬁdelis
1118 711 1354 785 populus
1386 712 1775 778 incorporatur
1800 715 1856 760 et
1877 703 2060 774 jungi-

467 829 576 887 tur,
610 825 665 872 et
695 811 929 882 quadam
957 809 1010 865 ei
1036 806 1229 878 copula
1257 802 1512 875 perfectus:
1542 799 1826 855 charitatis
1855 795 2059 860 unitur,

367 965 375 974 .
461 923 521 969 ιιι
544 908 711 981 possit
735 906 924 962 dicere
946 915 1070 960 cum
1112 899 1418 970 Apostolo:
1452 895 1582 962 Quis
1621 909 1714 948 nos
1743 891 2002 964 separabit
2029 905 2063 942 a

463 1005 714 1061 charitate
743 998 935 1054 Christi
961 997 985 1052 7
1015 993 1305 1059 tribulatio,
1332 1007 1401 1045 an
1426 987 1671 1059 angustia
1689 1025 1706 1052 ,
1738 1001 1806 1044 an
1829 997 2065 1054 persecu-

463 1098 534 1151 tio
563 1095 743 1169 (Rom.
773 1105 895 1154 vin,
930 1088 1023 1158 55)
1046 1088 1070 1142 ἲ
1097 1095 1154 1141 et
1195 1085 1426 1153 reliqua.
1460 1081 1606 1136 Dens
1646 1085 1827 1132 autem
1859 1072 2064 1130 homini

464 1165 717 1256 suscepta
738 1179 1177 1238 sanctificatione
1203 1174 1490 1235 miscetur,
1518 1185 1678 1242 quam
1703 1166 1838 1222 fides
1860 1165 1913 1222 in
1944 1165 2066 1235 ipso

474 1289 758 1351 peccatore
804 1275 1035 1331 allectus
1079 1269 1308 1343 iustitia:
1340 1307 1357 1336 ,
1417 1260 1798 1323 misericordia
1847 1258 2068 1330 pietatis

466 1371 722 1428 infundit.

537 1465 608 1522 Χ.
651 1465 827 1522 Etiam
870 1462 924 1516 in
967 1459 1070 1514 hoc
1115 1457 1254 1526 ipso,
1285 1452 1429 1525 quod
1471 1452 1526 1507 in
1567 1446 1872 1505 numerosis
1903 1443 2068 1501 tritici

468 1558 654 1627 granis
681 1567 878 1627 panem
909 1549 1102 1608 confici
1134 1549 1409 1614 novimus,
1442 1541 1704 1600 unitatem
1740 1544 1954 1596 constat
1978 1550 2069 1591 as-

469 1653 690 1722 signare
719 1646 1067 1719 populorum.
1091 1641 1244 1698 Sicut
1265 1639 1411 1695 enim
1435 1638 1767 1692 frumentum
1789 1631 1932 1702 quod
1955 1630 2072 1685 sola

471 1743 750 1816 purgantis
785 1736 1157 1796 sollicitudine
1196 1734 1264 1788 ad
1293 1730 1577 1789 candidam
1617 1726 1857 1798 speciem
1899 1723 2073 1816 mola-

471 1813 598 1895 rum
635 1835 825 1893 labore
868 1831 1180 1905 perﬁcitur,
1221 1840 1286 1882 ac
1327 1840 1425 1896 per
1465 1835 1659 1893 aquam
1698 1828 1756 1874 et
1792 1817 1974 1888 ignem
2017 1813 2074 1870 in
2105 1820 2150 1883 Β

473 1935 632 1990 unius
663 1933 816 2002 panis
860 1923 1160 1986 substantia
1189 1929 1552 1992 congregatur
1587 1935 1599 1971 :
1639 1917 1719 1970 sie
1745 1913 1909 1967 varia:
1937 1925 2073 1981 gen-

474 2037 577 2089 tes,
608 2026 954 2091 diverteque
984 2018 1262 2078 nationes.
1295 2013 1348 2068 in
1375 2027 1534 2065 unam
1562 2009 1722 2066 fidem
1744 2003 2074 2061 convenien-

473 2135 573 2186 tes,
606 2131 770 2172 unum
791 2116 860 2170 de
884 2128 944 2168 se
969 2110 1170 2166 Christi
1198 2122 1398 2178 corpus
1419 2103 1666 2161 efficiunt
1694 2119 1707 2155 :
1738 2110 1792 2155 et
1813 2096 2075 2154 Christia-

469 2225 570 2267 nus
622 2209 884 2281 populus,
928 2203 1084 2276 quasi
1132 2199 1300 2256 tritici
1342 2214 1508 2268 grana
1560 2189 1980 2250 innumerabilia
2022 2187 2075 2242 in

471 2306 751 2375 sacrilegis
779 2303 1090 2357 nationibus
1113 2298 1219 2354 fide
1246 2302 1470 2367 purgata
1492 2303 1656 2362 atque
1677 2290 1935 2354 cribratn,
1964 2284 2077 2340 dis—

473 2397 735 2454 cernitur.
757 2395 822 2450 Et
855 2395 908 2448 in
940 2405 1128 2456 unum,
1151 2390 1303 2461 quasi
1330 2385 1626 2442 inlldelium
1652 2383 1778 2436 Iulio
1799 2387 2076 2450 pertrans-

474 2499 640 2544 cunte
660 2531 674 2555 ,
705 2487 981 2556 colligitur
1001 2501 1015 2538 :
1035 2490 1092 2538 et
1112 2482 1341 2536 duorum
1369 2477 1844 2533 Testantentorum
1873 2471 2074 2526 instru-

471 2585 675 2650 ctione,
701 2581 846 2635 velut
876 2578 1202 2632 frumentum
1234 2575 1451 2646 gemino
1484 2570 1747 2625 molarum
1781 2579 1947 2636 opere
1976 2575 2073 2618 ctt-

472 2685 648 2732 ratum
681 2676 920 2739 nitescit,
951 2679 1008 2728 et
1034 2673 1086 2727 in
1114 2671 1259 2726 illam
1292 2668 1480 2741 prima:
1503 2665 1730 2736 originis
1756 2663 2072 2733 dignitatem

474 2769 660 2824 nativo
684 2768 922 2823 candore
947 2774 1202 2832 mutatur,
1226 2777 1292 2818 ac
1323 2775 1422 2831 per
1452 2775 1647 2832 aquam
1678 2756 1954 2828 baptistni,
1989 2752 2076 2808 vel

476 2879 574 2932 per
605 2863 784 2932 ignent
815 2858 1051 2924 Spiritus
1077 2855 1274 2920 sancti,
1306 2854 1496 2910 a'terni
1531 2853 1674 2908 illius
1698 2850 1850 2920 panis
1875 2859 2075 2918 corpus

474 2953 731 3008 efficitur.

553 3043 644 3099 Xl.
673 3043 826 3100 Sicut
853 3054 984 3112 ergo
1009 3043 1249 3112 separari
1275 3053 1443 3110 grana
1472 3038 1541 3093 ab
1566 3039 1710 3092 illius
1732 3035 2075 3093 confectione

481 3135 633 3207 panis
661 3133 991 3190 adunatione
1014 3149 1120 3187 non
1147 3138 1376 3200 possunt
1399 3147 1411 3182 :
1437 3139 1492 3184 et
1519 3129 1664 3183 sicut
1682 3143 1838 3198 aqua:
1859 3129 1926 3182 ad
1952 3143 2073 3198 pro—

2166 523 2478 590 ligmentum
2512 530 2669 574 suum
2701 518 2753 572 in
2785 515 2939 587 regni
2969 516 3052 572 sui
3100 515 3383 570 consortio
3423 514 3771 570 sublimare:

2165 622 2220 666 ut
2242 611 2336 682 qui
2361 625 2560 680 corpus
2590 618 2790 664 nostra:
2821 608 3131 676 fragilitatis
3156 614 3553 676 assumpserat.
3588 623 3690 664 nos
3720 609 3772 664 in

2163 719 2366 775 corpus
2394 718 2506 758 sum
2539 703 2961 760 inmortalitatis
2987 709 3233 758 assumat
3261 717 3276 754 :
3301 702 3367 755 ad
3392 716 3554 770 quam
3574 702 3778 772 glorioo

2163 813 2279 853 sam
2337 796 2798 854 resurrectionem
2848 795 2950 863 piis
3007 807 3108 848 nos
3152 793 3416 862 operibus
3469 808 3777 862 praeparare

2167 888 2448 958 dignetur,
2480 887 2574 959 qui
2609 885 2741 942 vivit
2773 896 2828 942 et
2857 892 3049 957 regnat
3091 885 3145 942 in
3191 885 3393 942 sa'cula
3425 884 3771 975 sutculprum.

2167 981 2365 1039 Amen.

2304 1097 2618 1156 MONITUM
2649 1096 2716 1152 IN
2759 1093 3152 1154 Εριετοωιι
3182 1093 3638 1162 SEQUENTEM.

2241 1214 2408 1278 Atque
2439 1213 2570 1265 hanc
2596 1210 2836 1265 Oudiitus
2862 1208 3122 1264 contendit
3152 1223 3262 1278 esse
3291 1203 3479 1260 Fausti
3514 1203 3763 1278 Rhegion-

2241 1231 2305 1268 Αι
2345 1231 2408 1266 ue
2439 1231 2570 1265 nant:
2596 1231 2836 1265 uuamus
2862 1231 3122 1264 εοηιρηιιη
3152 1231 3262 1260 esse
3291 1231 3477 1260 rarts"
3514 1231 3763 1278 nuegtcu-

2170 1285 2263 1347 sis,
2309 1231 2528 1338 immittis
2559 1281 2843 1336 laborantis
2871 1275 3376 1350 semipelagianlsmo
3399 1320 3412 1341 ,
3444 1293 3596 1348 quem
3628 1277 3776 1350 cistis

2170 1366 2244 1415 est
2268 1355 2372 1418 illi,
2403 1353 2612 1422 callide,
2644 1361 2700 1407 ut
2725 1352 2882 1417 alias,
2914 1347 3203 1407 insinuare.
3238 1347 3487 1422 Caeterum
3518 1356 3567 1422 et
3600 1348 3778 1422 debita

2172 1417 2504 1483 conclusione
2541 1417 2793 1480 tractatus
2829 1423 2912 1478 hic
2957 1431 3096 1477 caret
3121 1463 3136 1488 ,
3178 1433 3222 1476 et
3262 1419 3559 1493 prolixiori:
3600 1417 3776 1488 operis

2173 1503 2524 1571 fragmentum
2552 1496 2777 1551 ridetur.

2663 1605 3002 1664 EPISTOLA
3035 1602 3281 1660 XXXIX.
3335 1654 3347 1670 ,

2364 1735 2461 1777 SEU
2488 1735 2708 1777 HOIILIA
2737 1733 2903 1774 ευρειι
2934 1731 3273 1774 EVANGELIUII
3303 1729 3586 1771 ΙΑττΙΙΒΙ-

2249 1837 2290 1893 l.
2319 1837 2550 1892 Sanctus
2581 1833 2918 1904 evangelista
2948 1831 3107 1886 docet
3129 1845 3229 1885 nos
3262 1828 3644 1884 necessitatem
3672 1824 3786 1880 iuo-

2177 1933 2279 2004 piae
2308 1931 2628 1994 tolerantes,
2675 1926 2905 1984 subsidii
2952 1939 3112 1980 causa
3153 1924 3388 1980 amicum
3419 1920 3624 1977 debere
3660 1933 3785 1990 per-

2178 2027 2431 2095 quirere,
2464 2033 2519 2078 et
2548 2021 2600 2076 id
2638 2020 2780 2091 quod
2825 2018 2978 2074 deest
3020 2017 3086 2071 ad
3131 2015 3492 2072 refectionem
3534 2010 3776 2075 alterius,

2175 2127 2431 2187 oportere
2475 2115 2649 2170 altero
2680 2112 2938 2167 mutuari.
2976 2108 3250 2164 intentum
3284 2116 3466 2163 autem
3502 2105 3568 2159 ad
3602 2111 3784 2175 postu-

2177 2209 2395 2262 landum
2430 2205 2770 2277 pervicacem
2799 2217 2923 2258 esse
2950 2202 3123 2257 voluit
3145 2199 3456 2270 Petitorem,
3481 2206 3543 2252 ut
3567 2210 3635 2251 ne
3655 2209 3788 2250 noc-

2182 2301 2357 2357 turnis
2387 2299 2539 2356 horis
2563 2299 2785 2369 pulsare
2813 2296 2971 2352 amici
2999 2295 3217 2365 ianuam
3249 2293 3486 2358 desinat,
3517 2305 3618 2346 nec
3643 2288 3795 2345 exci-

2181 2402 2296 2448 tare
2317 2407 2441 2448 eum
2464 2391 2677 2446 dubitet
2702 2390 3076 2461 quiescentem
3107 2405 3121 2442 :
3156 2387 3226 2440 ita
3259 2384 3448 2446 etiam.
3481 2393 3539 2438 ut
3566 2380 3790 2438 taedium

2179 2485 2440 2550 inferens,
2487 2482 2826 2552 impudentia
2869 2488 3168 2541 mercatur,
3213 2477 3356 2547 qttod
3398 2475 3635 2530 amicitia
3680 2489 3791 2528 non

2177 2585 2440 2647 meretur,
2470 2581 2525 2632 et
2553 2576 3106 2630 communicationem
3140 2571 3296 2641 panis
3328 2576 3654 2638 extorqueat
3689 2568 3796 2621 itu—

2179 2673 2502 2742 portunitas,
2527 2685 2687 2741 quam
2708 2684 2814 2724 non
2840 2669 3093 2738 impetret
3117 2665 3448 2720 humanitas.
3481 2664 3566 2718 Ait
3592 2663 3744 2717 enim
3778 2679 3791 2714 :

2182 2766 2309 2834 Quis
2338 2774 2564 2818 oestrum
2589 2761 2799 2818 habebit
2835 2763 3060 2816 amicam
3081 2802 3096 2827 ,
3135 2769 3180 2815 et
3207 2758 3301 2813 ibit
3329 2758 3397 2812 ad
3435 2757 3584 2811 illunt
3617 2756 3796 2810 media

2177 2867 2322 2912 nocte
2352 2856 2508 2926 (Luc.
2541 2871 2620 2922 χι,
2656 2854 2753 2926 ε)ι
2781 2867 2890 2910 etc.

2251 2950 2312 3005 ll.
2347 2949 2576 3004 Videtur
2619 2963 2748 3018 ergo
2778 2947 3077 3002 secundum
3131 2946 3365 3000 litteram
3412 2942 3616 3011 aliquid
3659 2957 3797 3013 per-

2179 3043 2431 3108 suadere,
2481 3053 2537 3097 ut
2571 3042 2746 3098 media
2783 3050 2940 3097 nocte
2972 3040 3270 3111 quiescenti
3300 3039 3476 3094 amico
3505 3047 3561 3094 et
3598 3039 3800 3092 clauso

2178 3136 2452 3203 cubiculo,
2486 3133 2780 3189 dormienti
2805 3133 3020 3188 molesti
3047 3147 3169 3186 esse
3195 3130 3421 3185 minime
3451 3130 3793 3185 desinamus.

477 3228 649 3297 υνίειιιι
683 3226 862 3280 τειιιτο
899 3225 1262 3279 ιιιυδῑδιιιίεηη
1307 3222 1359 3275 ίιι
1391 3221 1577 3275 νίιιυῐη
1608 3219 1922 3287 vermina,
1965 3204 2149 3289 ,ἱῖιηιῖ
2183 3231 2287 3285 Sed
2321 3231 2363 3283 si
2394 3229 2460 3282 ad
2495 3228 2832 3298 spiritualem
2866 3242 2968 3282 nos
2999 3225 3411 3296 intelligentiam
3441 3238 3794 3293 revt-cemus,

480 3335 585 3372 non
617 3328 838 3387 possunt
873 3333 886 3369 :
918 3315 998 3370 sic
1024 3324 1080 3370 et
1112 3315 1297 3370 fideles
1330 3313 1529 3384 quique
1567 3322 1730 3382 atque
1765 3314 2039 3382 sapientes
2060 3354 2075 3379 ,

477 3412 568 3479 qui
599 3411 910 3478 redemptos
928 3422 989 3463 se
1009 3407 1212 3461 Christi
1239 3407 1504 3476 sanguine
1525 3414 1581 3460 et
1605 3405 1857 3474 passione
1878 3413 2079 3478 adgno—

481 3513 663 3569 scunt,
707 3504 778 3556 ita
810 3500 1012 3558 debent
1043 3497 1194 3566 quasi
1229 3499 1611 3569 inseparabilis
1644 3498 1886 3553 membra
1917 3498 2079 3568 capiti

483 3613 604 3664 suo,
637 3597 760 3650 fidei
797 3598 1178 3649 observatione
1203 3602 1259 3648 et
1287 3594 1668 3648 ardentissima
1699 3593 1959 3663 religione
1989 3610 2079 3648 so-

481 3689 641 3754 ciavi,
668 3700 725 3742 ut
744 3688 812 3740 ab
831 3705 898 3742 eo
921 3703 1027 3743 non
1047 3691 1348 3754 voluntate,
1374 3703 1480 3742 non
1503 3689 1824 3743 necessitate
1845 3688 2074 3759 sejungi,

484 3798 592 3834 non
624 3781 730 3834 ulla
783 3792 1014 3835 terrena:
1047 3781 1160 3847 spei
1195 3780 1510 3844 ambitione,
1545 3795 1650 3834 non
1683 3780 1917 3849 denique
1965 3783 2077 3849 ipsa

484 3873 690 3943 possint
722 3883 897 3926 morte
924 3871 1126 3926 divelli.
1164 3871 1272 3926 Nec
1299 3872 1511 3926 dnhitct
1539 3873 1847 3945 quisquam,
1881 3874 2080 3940 prima-

486 3966 594 4019 rias
612 3975 912 4030 creaturas,
945 3971 1074 4018 nutu
1101 3964 1298 4018 divinae
1322 3966 1596 4033 potentia»,
1625 3965 1907 4032 przrsentia
1935 3981 2080 4020 sunt-

485 4077 588 4114 tua:
631 4060 931 4129 maiestatis
966 4062 1020 4114 in
1058 4061 1320 4115 Dominici
1351 4063 1598 4130 corporis
1648 4064 1880 4118 transire
1917 4077 2080 4132 posse

483 4165 758 4217 naturam,
793 4169 916 4206 cum
941 4155 1114 4222 ipsum
1144 4154 1415 4208 hominem
1445 4153 1623 4212 videat
1650 4156 1881 4210 artilicio
1907 4156 2078 4211 cmic-

481 4248 580 4301 stis
611 4247 1000 4303 misericordiae
1029 4248 1230 4303 Christi
1261 4263 1461 4316 corpus
1488 4249 1763 4305 eil'ectttm.

555 4344 670 4399 Xli.
703 4346 854 4397 Sicut
889 4355 1067 4398 autem
1103 4345 1434 4414 quicumque
1465 4345 1529 4395 ad
1559 4343 1718 4397 fidem
1751 4343 1956 4398 Christi
1985 4357 2078 4398 ve-

482 4439 637 4495 niens
666 4447 793 4492 ante
821 4438 987 4492 verba
1019 4438 1268 4504 baptismi
1293 4439 1473 4492 adhuc
1495 4437 1547 4491 in
1576 4438 1794 4492 vinculo
1814 4448 1898 4492 est
1924 4446 2077 4492 vete-

481 4531 557 4585 ris
579 4532 765 4595 debiti,
787 4530 868 4584 his
887 4544 1017 4584 vero
1035 4530 1372 4593 memoratis,
1394 4545 1514 4584 mox
1543 4531 1757 4584 exuitur
1775 4530 1920 4583 omni
1944 4529 2078 4584 faree

481 4623 724 4691 peccati:
760 4621 831 4676 ita
876 4622 1092 4691 quando
1122 4619 1507 4677 benetlit-ettdte
1546 4621 1726 4674 verbis
1763 4619 2078 4674 cte3estibus

479 4726 751 4768 creaturae
783 4716 950 4766 sacris
980 4711 1244 4767 altaribus
1273 4714 1647 4781 imponuntur,
1677 4724 1964 4780 antequam
1995 4711 2079 4766 in-

480 4809 766 4862 vocatione
796 4811 878 4860 sui
907 4806 1143 4860 nominis
1168 4817 1580 4870 consecrantur,
1616 4804 1917 4858 substantia
1962 4803 2076 4859 illic

478 4913 561 4954 θςι
607 4900 762 4968 panis
805 4913 855 4954 et
899 4899 1030 4965 vini,
1062 4910 1181 4970 post
1209 4899 1371 4954 verba
1411 4905 1590 4952 autem
1620 4911 1820 4967 corpus
1848 4905 1904 4952 et
1942 4912 2070 4953 san-

480 4993 602 5059 guis
631 5001 716 5047 est
742 4994 965 5048 Christi.
995 4995 1136 5062 Quid
1174 5003 1353 5050 autem
1387 4995 1584 5048 mirum
1614 5003 1698 5051 e-t
1721 5035 1735 5058 ,
1781 4995 1825 5049 si
1855 5008 1916 5047 ea
1955 5009 2074 5063 quae

482 5091 649 5140 verba
677 5089 846 5154 potuit
871 5101 1083 5149 creare.
1117 5090 1284 5144 verbo
1310 5089 1480 5158 possit
1507 5097 1686 5144 creata
1717 5089 2072 5144 convertere?

483 5178 651 5233 Immo
676 5179 787 5248 jam
827 5181 1052 5234 minoris
1078 5181 1292 5236 videtur
1321 5195 1443 5236 esse
1473 5182 1742 5248 miraculi,
1773 5182 1818 5236 si
1850 5183 1900 5234 id
1926 5182 2070 5252 quod

478 5275 545 5327 de
593 5271 762 5326 ttihilo
806 5271 1120 5338 agnoscitur
1157 5273 1486 5342 condidisse,
1536 5275 1644 5341 jant
1694 5274 1972 5328 conditum
2018 5275 2069 5328 itt

478 5365 670 5418 melius
693 5364 870 5418 valeat
892 5372 1248 5420 eotnmutare.
1285 5365 1516 5432 lleqttire
1538 5365 1666 5433 quid
1691 5369 1738 5419 ei
1765 5365 1931 5434 possit
1950 5379 2073 5420 esse

479 5457 719 5520 difiicde,
753 5455 839 5510 cui
871 5453 1026 5509 facile
1057 5455 1156 5508 fuit
1189 5456 1460 5509 humi-tein
1492 5457 1559 5510 de
1597 5458 1711 5511 limi
1745 5456 1969 5511 materia
2012 5456 2072 5510 ll-

477 5562 672 5614 gurare
699 5565 712 5599 :
737 5548 1028 5616 imaginem
1057 5548 1220 5602 etiam
1251 5561 1363 5602 διιυ
1387 5547 1686 5602 divinitatis
1714 5550 1956 5611 induere,
1985 5548 2071 5604 cui

479 5648 786 5706 promptum
817 5646 901 5692 cst
930 5655 1050 5694 eum
1094 5655 1308 5694 rursum
1345 5655 1602 5695 revocare
1631 5642 1698 5695 tie
1724 5641 1908 5697 inferis
1935 5683 1950 5705 ,
1980 5657 2070 5697 re-

475 5743 704 5787 stituere
732 5732 800 5784 de
831 5733 1160 5798 perditione,
1191 5733 1530 5801 repararede
1553 5736 1796 5801 pulvere.
1833 5736 1900 5791 de
1925 5747 2069 5792 terra

469 5825 523 5881 in
555 5821 754 5878 ctelutn
779 5821 984 5890 levare,
1011 5823 1082 5880 de
1115 5825 1329 5879 homine
1355 5824 1608 5892 angelum
1635 5825 1834 5893 facere,
1867 5841 2066 5900 corpus

2181 3321 2522 3376 inveniemus
2565 3335 2670 3374 non
2707 3319 2846 3374 dure
2876 3318 3186 3380 Dominum,
3216 3316 3312 3371 scd
3344 3316 3550 3371 utiliter
3577 3330 3798 3386 praste-

2179 3414 2346 3483 pisse.
2395 3413 2528 3467 Nam
2580 3413 2768 3477 ntiqtte
2813 3424 3095 3481 postquam
3143 3409 3441 3480 discipulos
3482 3408 3798 3463 orationem

2184 3507 2517 3561 Dominicam
2550 3506 2758 3568 docuit,
2787 3506 2928 3559 hanc
2958 3504 3188 3574 subjecit
3228 3501 3560 3572 parabolam,
3595 3512 3654 3554 ut
3693 3501 3800 3554 iu—

2183 3602 2552 3670 telligeremus
2601 3602 2942 3670 importttnos
2986 3607 3084 3653 nos
3132 3598 3340 3653 atnict's
3377 3611 3501 3652 esse
3547 3595 3794 3660 debere,

2183 3711 2291 3750 non
2320 3695 2749 3764 exspostnlamlo
2779 3694 3008 3764 aliquid.
3047 3692 3142 3748 sed
3177 3691 3356 3762 potius
3387 3691 3660 3760 precando
3690 3709 3702 3743 ε
3737 3693 3794 3746 id

2182 3799 2284 3850 est,
2330 3786 2605 3841 Chrismtn
2643 3803 2749 3840 non
2803 3787 3009 3840 carnali
3059 3801 3219 3841 manu
3257 3784 3634 3856 percuticmio,
3689 3787 3793 3838 sed

2181 3878 2450 3948 Spirituali
2482 3879 2729 3933 oratione
2759 3877 3046 3946 ptri-ando.
3096 3877 3214 3945 Ipse
3240 3877 3382 3932 enim
3409 3917 3424 3944 ,
3458 3878 3501 3929 si
3532 3885 3680 3932 recte
3707 3878 3794 3930 vi-

2182 3972 2380 4039 vimus,
2424 3971 2630 4026 anticns
2672 3981 2859 4027 noster
2901 3980 3002 4025 est.
3050 3971 3179 4025 Nam
3209 3971 3328 4040 quis
3363 3970 3589 4024 amicior
3627 3971 3794 4025 nobis

2181 4076 2284 4130 est,
2316 4081 2477 4135 quam
2517 4066 2606 4118 ille
2631 4065 2720 4134 qui
2751 4066 2924 4135 pri-tio
2955 4066 3034 4119 sui
3079 4065 3360 4133 sanguinis
3391 4081 3488 4118 nos
3521 4065 3795 4119 redi-init?

2184 4157 2323 4227 Ipse,
2354 4160 2592 4230 inquam,
2629 4162 2858 4214 atnicim
2885 4160 3138 4212 omnibus
3170 4169 3253 4212 est
3281 4177 3294 4211 :
3319 4160 3406 4228 qtti
3431 4175 3553 4213 cum
3587 4162 3658 4214 sit
3685 4160 3794 4213 Dn.

2181 4251 2384 4315 minus,
2417 4252 2622 4306 ainicus
2650 4268 2774 4306 esse
2799 4253 3087 4321 dignatur,
3133 4253 3320 4305 dit-ens
3349 4251 3416 4306 ad
3447 4253 3744 4322 Apostolos
3775 4272 3787 4306 :

2180 4344 2300 4400 Jan
2331 4363 2434 4399 non
2463 4347 2635 4400 diram
2663 4361 2748 4400 vos
2774 4354 2964 4414 servos,
2990 4346 3080 4399 sed
3104 4347 3301 4401 amicos
3331 4345 3511 4414 (Ionii.
3544 4363 3636 4409 xv,
3672 4348 3787 4417 ⁴15).

2252 4438 2339 4493 ΙΙΙ.
2376 4439 2546 4509 llnjus
2572 4455 2702 4510 ergo
2728 4439 2884 4493 amici
2906 4440 3102 4493 ostium
3133 4439 3538 4494 int-essahiHor
3569 4442 3792 4508 pulsare

2184 4531 2480 4596 debemus,
2510 4540 2566 4586 ct
2603 4531 2752 4587 horis
2773 4549 2894 4587 cum
2925 4533 3223 4602 inquietare
3269 4533 3574 4594 nocturnis,
3605 4543 3656 4586 et
3693 4549 3790 4587 us-

2105 4593 2154 4656 θ
2181 4637 2286 4690 que
2315 4621 2450 4676 adeo
2495 4622 2711 4676 molesti
2754 4637 2897 4687 esse,
2927 4634 2984 4675 ut
3034 4621 3326 4688 importuni
3377 4623 3541 4675 etiam
3570 4623 3792 4692 judice-

2181 4729 2323 4767 mttr.
2352 4713 2458 4768 Sed
2490 4728 2596 4768 non
2624 4713 2785 4781 hujus
2833 4715 3258 4783 importunitatis
3289 4729 3578 4769 vereamur
3607 4715 3787 4769 oit‘cn-

2176 4821 2294 4860 sam
2329 4824 2339 4858 :
2373 4808 2499 4876 quia
2532 4807 2647 4861 inec
2674 4805 2813 4875 apud
2845 4807 3132 4861 Dominum
3166 4806 3554 4876 importunitas
3582 4823 3790 4876 t=ppor~

2179 4910 2304 4954 tuna
2327 4911 2429 4954 est.
2455 4899 2746 4969 Acceptior
2765 4901 2908 4955 enim
2931 4910 3010 4954 est
3035 4899 3111 4953 illi
3134 4899 3418 4967 impudens
3440 4898 3782 4970 deprecatio,

2177 5008 2338 5062 quam
2369 5007 2558 5047 secura
2584 4993 2936 5063 praesumptio
2964 5009 2977 5045 :
3010 4992 3115 5047 hoc
3135 5001 3239 5058 est,
3269 4992 3390 5063 plus
3419 5003 3658 5046 tueretur
3686 4993 3779 5061 qtti

2175 5086 2442 5142 sollicizus
2483 5095 2607 5141 orat
2653 5086 2952 5148 instanter,
2983 5100 3143 5155 quam
3173 5086 3262 5152 qui
3311 5085 3588 5140 Confidens
3615 5084 3782 5138 dissi-

2179 5182 2347 5235 mulat
2379 5181 2730 5252 negligenter.
2759 5180 2851 5235 Ait
2877 5180 3019 5234 enim
3059 5189 3115 5232 et
3144 5177 3239 5232 ille
3264 5196 3277 5232 :
3307 5180 3351 5232 si
3381 5178 3782 5250 perseverat-erit

2176 5279 2406 5346 pulsans.
2453 5274 2813 5329 Perseverans
2849 5274 3013 5343 igitur
3059 5281 3301 5327 meretur
3329 5274 3594 5340 accipere,
3629 5270 3779 5340 quod

2176 5367 2306 5420 alibi
2345 5366 2650 5419 evidentius
2692 5366 2816 5419 dit-it
2863 5383 2874 5416 :
2922 5365 3023 5430 Qui
3070 5366 3467 5435 perscpcrattcrit
3511 5381 3677 5435 usque
3726 5367 3781 5419 in

2177 5461 2350 5528 ﬁth,
2380 5456 2464 5509 Itic
2487 5456 2658 5508 salvus
2682 5458 2776 5508 erit
2804 5456 3020 5526 (.llnttlt.
3065 5473 3208 5520 ntv,
3251 5458 3352 5526 ιδ).
3392 5456 3507 5511 Non
3544 5455 3777 5510 multum

2174 5550 2467 5620 crgojuvat
2500 5544 2812 5614 frequenter
2833 5562 3015 5612 orare,
3047 5563 3135 5604 eui
3159 5551 3452 5619 contigerit
3477 5548 3778 5618 aliquando

2174 5659 2410 5700 CCSSM‘C.

2246 5733 2334 5790 ιν.
2372 5734 2596 5800 Semper
2623 5726 2784 5798 igitur
2815 5740 2867 5785 ct
2893 5733 3012 5786 sine
3043 5731 3448 5786 inlcrmiss‘unc
3479 5731 3776 5800 potentium

2174 5840 2256 5892 est
2285 5839 2337 5887 et
2367 5825 2712 5900 pulsandum,
2741 5839 2808 5884 ne
2835 5827 3078 5898 precatio
3109 5834 3232 5883 ante
3263 5834 3379 5884 acti
3412 5843 3443 5880 ιι
3471 5826 3546 5880 hit
3575 5828 3774 5896 prosit,
