4012 6190
267 268 369 325 977

903 264 1235 331 EPISTOLA
1272 263 1387 321 XL.
1428 262 1521 320 AD
1550 259 1938 327 TYBASIUI‘.
1985 258 2214 318 SUPER
2250 259 2488 320 MORTE
2526 262 2726 320 FILLE
2764 262 2940 321 SU/E.

3466 272 3575 329 278

268 385 311 439 si
339 394 449 439 non
478 384 547 439 ad
573 382 735 440 tinem
761 382 953 441 eodem
987 394 1095 453 quo
1120 379 1349 452 eruperit
1380 384 1568 435 tenore
1603 386 1862 449 per'vene-
1885 376 1937 438 Α
1966 374 2177 445 pulsate
2197 379 2471 447 operibus.
2501 380 2649 449 Sive,
2681 382 2847 452 petite
2873 382 3002 449 ﬁde,
3030 386 3262 455 qumrite
3288 400 3469 458 opere,
3503 400 3560 445 et

269 478 355 531 rit.
394 474 545 544 Dico,
578 477 773 547 inquit,
805 476 965 542 vobis,
993 486 1042 529 et
1067 476 1111 528 si
1140 490 1242 528 non
1262 473 1402 528 dabit
1430 471 1510 527 illi
1536 487 1776 542 surgens,
1804 484 1861 524 eo

265 571 403 641 quod
433 572 630 625 amicus
652 574 767 643 ejus
797 571 882 635 sit,
907 579 1117 641 propter
1138 566 1584 641 importunitatem
1612 568 1727 637 ejus
1750 578 1861 617 sur-

263 672 367 734 get,
408 674 455 719 et
484 666 643 720 dabit.
679 666 866 735 Magna
894 664 1305 734 perseverantia
1332 671 1437 727 est,
1465 673 1591 730 qure
1618 658 1862 729 quamvis

262 756 569 827 importuna
609 766 717 826 est,
748 773 1072 829 quamquam
1119 757 1347 812 molesta
1387 753 1453 810 si:
1487 754 1644 809 Deo:
1682 762 1858 805 tamen

261 848 385 916 plus
407 849 581 905 amica
609 859 712 917 est,
744 864 905 920 quam
928 849 1158 903 amicus.
1188 847 1326 903 Ecce
1345 846 1491 902 enim
1521 843 1666 913 quod
1689 843 1861 897 amico

260 952 517 1014 negatur,
560 945 965 1014 perseverantia
1010 951 1370 1013 promeretur.
1419 939 1498 994 Illi
1548 947 1761 992 recusat
1791 935 1859 990 de

259 1034 483 1103 ﬁducia,
512 1035 636 1091 huic
664 1036 732 1091 de
754 1035 1103 1091 contentione
1133 1032 1477 1101 eompatitur.
1510 1028 1591 1081 illi
1625 1044 1731 1081 non
1758 1027 1858 1081 lar-

257 1124 406 1196 gitur
431 1126 773 1183 familiariter
795 1127 1028 1196 pulsanti
1053 1150 1068 1191 ,
1105 1125 1231 1179 huic
1258 1122 1607 1194 pertinaciter
1632 1120 1855 1175 misere-

256 1230 348 1273 tur
371 1219 569 1273 oranti.

329 1310 391 1364 V.
422 1309 705 1365 Pulsemus
732 1310 890 1381 igitur
919 1309 1115 1364 ostium
1146 1305 1381 1370 Domini,
1416 1319 1520 1359 non
1549 1301 1724 1358 solum
1754 1317 1850 1371 per

257 1401 438 1467 ﬁdem,
471 1402 567 1458 sed
602 1403 762 1457 etiam
794 1403 1224 1473 perseverantia,
1255 1410 1311 1453 ut
1339 1398 1613 1468 aperiatur
1646 1395 1803 1451 nobis
1830 1412 1843 1448 :

253 1502 309 1549 et
338 1494 509 1550 media
544 1503 700 1551 nocte
728 1494 1027 1565 pulsemus,
1068 1508 1135 1548 ne
1159 1491 1339 1562 gravis
1378 1504 1476 1544 nos
1504 1488 1570 1543 ad
1614 1486 1842 1557 vigilan-

248 1588 375 1643 dum
397 1595 744 1659 peccatorum
772 1574 995 1643 somnus
1019 1586 1270 1651 invadat;
1301 1583 1554 1655 quoniam
1583 1581 1839 1651 scriptum

244 1691 372 1739 est:
415 1680 563 1739 Beati
605 1683 737 1737 servi
764 1694 895 1752 quos
930 1694 1047 1735 cum
1077 1679 1266 1735 venerit
1305 1676 1557 1731 Dominus
1595 1676 1841 1731 invenerit

1969 468 2180 538 pulsate
2230 470 2451 527 scientia
2488 492 2499 526 :
2541 486 2597 530 et
2631 488 2761 531 ecce
2806 476 2988 531 omnia
3028 478 3344 547 aperientur
3383 482 3556 537 vobis.

1968 564 2097 632 Quis
2118 576 2291 621 autem
2311 582 2374 622 ea:
2394 569 2529 622 vobis
2550 578 2746 640 patrem
2766 572 2891 639 pclit
2910 586 3119 639 panem,
3144 574 3396 640 numquid
3419 575 3557 647 lapi-

1965 653 2083 709 dem
2112 655 2255 710 dabit
2284 656 2363 710 illi
2389 656 2607 730 (llattls.
2642 672 2739 723 vn,
2766 660 2865 729 9)?
2893 663 2972 716 Ac
3001 660 3049 716 si
3077 660 3223 715 dicat
3257 680 3269 715 :
3303 664 3390 732 qui
3427 668 3559 733 petit

1961 760 1994 799 a
2027 745 2256 801 Domino
2275 750 2591 804 eltaritatem
2621 758 2676 805 et
2698 750 3070 823 dilectionem,
3095 768 3201 808 non
3234 753 3313 809 illi
3342 756 3428 810 dat
3456 757 3560 812 du-

1963 840 2138 896 ritiem
2171 844 2373 898 cordis.
2405 844 2506 897 Aut
2533 845 2721 915 piscem
2744 889 2758 913 ,
2796 849 3047 918 numquid
3071 864 3166 917 pro
3189 849 3331 918 pisce
3353 866 3559 922 serpen-

1960 940 2062 987 tem
2088 934 2232 987 dabit
2253 934 2332 989 illi
2352 934 2537 1007 (lbid.,
2567 938 2697 1009 10)?
2722 938 2827 995 Per
2844 938 3044 1010 piSccm
3071 940 3206 995 ﬁdes
3229 942 3558 1013 intelligitur,

1970 1036 2071 1090 per
2098 1034 2410 1093 serpentem
2437 1028 2726 1084 inlidelitas
2753 1048 2766 1085 :
2795 1046 2859 1086 ac
2881 1032 2923 1086 si
2946 1031 3093 1088 dicat
3122 1051 3134 1088 :
3158 1032 3213 1087 Si
3238 1033 3373 1103 petis
3401 1048 3426 1087 a
3458 1035 3562 1089 Do-

1954 1117 2103 1171 mino
2131 1118 2317 1185 ﬁdem,
2347 1137 2454 1176 non
2479 1123 2668 1179 tribuit
2691 1125 2784 1180 tibi
2808 1127 3206 1183 inﬁdelitatem.
3242 1130 3342 1184 Aut
3372 1131 3415 1183 si
3435 1132 3561 1201 petit

1951 1226 2123 1282 orum,
2148 1215 2399 1283 numquid
2417 1218 2646 1288 porriget
2665 1220 2746 1274 illi
2771 1222 3134 1293 scorpionem?
3153 1238 3216 1277 ac
3237 1224 3281 1277 si
3305 1224 3480 1279 dicat:
3501 1224 3558 1278 Si

1949 1301 2120 1359 habes
2147 1304 2200 1359 io
2228 1305 2399 1362 Deum
2427 1322 2577 1378 spem
2608 1326 2788 1366 veram
2811 1355 2825 1379 ,
2858 1314 2973 1369 sive
3006 1316 3398 1386 cogitationem
3432 1333 3564 1373 san-

1947 1402 2087 1452 etam
2114 1398 2164 1454 in
2188 1401 2351 1457 corde
2374 1411 2465 1457 tuo
2482 1404 2822 1474 cogitaveris,
2842 1421 2949 1462 non
2968 1410 3433 1477 contrarietatem,
3457 1426 3557 1467 nec

1945 1489 2269 1549 insidiarum
2292 1495 2616 1553 calumniam
2640 1513 2670 1553 a
2692 1498 2924 1556 Domino
2945 1504 3321 1573 pertimescas.
3350 1504 3412 1558 Si
3431 1521 3555 1577 ergo

1944 1599 2033 1641 vos
2062 1602 2179 1642 cum
2205 1589 2317 1644 sitis
2346 1592 2491 1661 mali,
2523 1594 2688 1649 nostis
2713 1596 2845 1650 bona
2866 1596 2992 1651 dare
3012 1598 3139 1667 filiis
3162 1599 3360 1664 vestris,
3388 1615 3553 1669 quau-

1945 1683 1996 1730 to
2016 1680 2179 1751 magis
2195 1680 2355 1738 Pater
2369 1693 2531 1739 vester
2552 1685 2617 1740 de
2632 1688 2755 1743 creto
2781 1688 2919 1743 dabit
2942 1689 3083 1745 vobis
3102 1690 3344 1760 spiritum
3360 1694 3550 1747 bonum

242 1773 513 1847 vigilantes
547 1773 702 1845 (Luc.
737 1788 831 1842 stt,
874 1772 991 1844 ὅτ).
1033 1772 1148 1827 Hoc
1188 1780 1365 1825 autem
1399 1771 1596 1824 ostium
1640 1770 1836 1839 aperiri
1871 1756 1917 1817 Β
1944 1768 2233 1828 timentibus
2252 1790 2306 1829 se
2328 1773 2753 1849 (lbid.,ll)!Ac
2774 1756 3143 1839 sidiceret:Si
3169 1782 3548 1840 hominescar-

238 1866 346 1922 sibi
376 1868 673 1938 Aposwlus
700 1865 985 1937 exposcit,
1020 1880 1126 1920 non
1159 1864 1336 1919 solum
1373 1862 1478 1916 tuis
1502 1899 1519 1926 ,
1562 1858 1657 1915 sed
1684 1858 1847 1915 etiam

234 1958 480 2029 propriis
502 1955 837 2015 orationibus
869 1957 1168 2013 obsecrans
1190 1971 1251 2010 se
1271 1955 1470 2027 juvari,
1501 1953 1689 2009 dicens
1722 1970 1733 2008 :
1780 1950 1848 2010 Ut

232 2052 510 2118 aperiatur
538 2052 666 2107 mihi
687 2050 877 2106 ostium
896 2050 966 2104 ad
987 2049 1302 2119 loquendum
1326 2048 1626 2118 mysterium
1651 2044 1848 2100 Christi

234 2143 378 2211 (Col.
424 2159 500 2210 tv,
550 2144 607 2217 5)
640 2161 653 2198 :
691 2142 901 2200 scilicet
934 2152 1122 2215 aperto
1161 2144 1303 2198 ostio
1353 2141 1473 2197 illos
1510 2138 1839 2195 sacramenti

231 2251 406 2305 panes
435 2238 687 2307 accipere
716 2238 1055 2306 desiderans,
1084 2235 1150 2293 de
1172 2236 1367 2307 quibus
1387 2236 1680 2293 esurientis
1710 2253 1841 2305 gen-

235 2328 345 2381 tilis
371 2328 554 2397 pepuli
587 2328 653 2383 ad
686 2328 1126 2399 cognoscendum
1162 2326 1447 2382 Dominum
1480 2328 1655 2382 inedia
1688 2336 1836 2381 satu~

234 2426 409 2473 retur.
442 2418 504 2472 Et
540 2426 637 2475 nos
665 2434 795 2490 ergo
821 2421 1096 2489 pulsemns
1124 2420 1227 2474 hoc
1257 2419 1455 2475 ostium
1488 2429 1542 2473 et
1573 2434 1833 2489 perseve-

232 2522 419 2567 ranter
465 2516 683 2568 oremus
712 2555 725 2579 ,
776 2524 832 2569 ut
865 2528 929 2569 es
979 2514 1098 2583 ipso
1150 2513 1434 2583 sapientia:
1490 2522 1545 2567 et
1592 2514 1834 2568 scicntia:

236 2620 429 2675 panem
469 2607 720 2677 accipere
765 2622 1093 2662 mereamur.
1148 2605 1279 2660 Nam
1322 2606 1423 2661 nisi
1472 2604 1831 2661 substantiam

232 2698 433 2755 exinde
461 2699 878 2768 sumpserimus,
912 2698 1269 2754 fraternitatis
1314 2698 1471 2753 istius
1497 2698 1829 2754 desiderium

233 2794 457 2863 proprio
484 2806 737 2849 sermone
768 2794 991 2849 reﬁcere
1027 2809 1134 2847 non
1163 2792 1428 2848 valemus.

308 2886 397 2941 Vi.
430 2886 525 2941 Vel
553 2887 713 2942 homo
737 2887 841 2943 iste
861 2886 1089 2955 quilibet
1109 2885 1454 2941 Christianus
1486 2885 1825 2956 intelligitur,

229 2982 323 3047 qui
357 2979 515 3036 (idem
544 2980 824 3037 Trinitatis
853 2981 1223 3037 tantummodo
1254 2981 1510 3051 intelligit
1539 2999 1551 3033 :
1595 2990 1650 3035 et
1683 2981 1827 3051 quod

231 3075 601 3127 necessarium
654 3082 757 3138 est,
809 3075 909 3128 nisi
960 3074 1099 3130 alter
1148 3089 1271 3129 eum
1316 3073 1549 3141 dot-eat,
1594 3076 1819 3145 ignorat.

228 3164 454 3219 Amicus
485 3180 615 3220 vero
656 3168 796 3235 ejus,
841 3176 899 3220 ut
930 3166 1167 3221 diximus
1192 3208 1206 3231 ,
1248 3166 1496 3221 Christus
1539 3176 1642 3221 est.
1670 3166 1824 3233 Quod

229 3259 383 3325 dicit,
409 3259 549 3312 vadit
579 3259 649 3311 ad
668 3260 819 3313 illum
846 3261 1013 3314 media
1042 3268 1205 3328 nocte,
1234 3260 1282 3313 id
1310 3270 1412 3325 est,
1438 3259 1490 3313 in
1526 3259 1828 3315 novissimo

235 3360 497 3418 tempore,
525 3362 577 3406 et
600 3351 733 3406 dicit
758 3352 1156 3415 illi,Commoda
1186 3354 1313 3407 mihi
1341 3364 1442 3407 tres
1464 3370 1620 3424 panes
1646 3370 1664 3407 :
1686 3368 1750 3409 ac
1780 3355 1825 3408 si

230 3444 375 3497 dicat
400 3447 581 3499 anima
617 3446 703 3500 illa
736 3447 803 3501 ad
832 3447 1133 3516 Christum,
1169 3448 1460 3503 Commoda
1490 3450 1619 3505 mihi
1663 3450 1824 3509 ﬁdem

231 3536 289 3589 Τι
309 3536 533 3603 initatis,
563 3547 618 3594 et
639 3540 719 3594 iac
742 3556 827 3595 me
855 3541 1178 3611 intelligere,
1205 3542 1663 3612 quemadmodum
1695 3560 1825 3616 ope-

230 3630 338 3683 rari
364 3646 451 3683 me
474 3641 708 3699 oportet.
742 3629 951 3686 Amicus
980 3649 1120 3688 meus
1151 3636 1286 3688 venit
1325 3635 1387 3689 dc
1416 3637 1497 3689 ria
1522 3653 1540 3690 :
1571 3652 1636 3693 ac
1672 3640 1714 3691 si
1744 3639 1827 3692 di-

228 3730 335 3788 cat,
364 3734 555 3778 sensus
581 3740 734 3779 meus
759 3726 1051 3781 ambulavit
1074 3741 1169 3797 per
1189 3727 1437 3783 diversas
1466 3731 1740 3802 regiones,
1771 3740 1823 3787 et

230 3814 443 3870 rediens
470 3816 538 3869 ad
570 3832 656 3872 me
678 3832 877 3873 vacuus
907 3828 1010 3881 est,
1042 3836 1146 3874 non
1177 3820 1350 3875 habeo
1379 3821 1633 3878 alimenta
1662 3826 1824 3894 spiri-

229 3908 376 3974 talia,
402 3923 524 3978 quze
542 3917 669 3964 ante
693 3910 839 3965 illum
868 3926 1089 3983 ponam,
1117 3914 1221 3968 nisi
1247 3924 1300 3967 tu
1326 3929 1410 3969 me
1432 3916 1629 3971 doceas
1660 3917 1819 3973 ﬁdem

228 3997 538 4070 Trinitatis,
578 4015 765 4072 spem,
798 4002 1137 4070 charitatem,
1175 4015 1230 4061 et
1273 4022 1435 4062 omne
1464 4009 1605 4077 quod
1645 4009 1695 4063 ei
1730 4010 1823 4064 tri-

231 4092 388 4146 buam
421 4110 432 4145 :
468 4108 567 4148 nec
601 4095 743 4150 unde
770 4112 890 4151 eum
918 4097 1138 4153 doceam
1174 4098 1367 4154 habeo.
1400 4099 1531 4153 Noli
1557 4102 1683 4155 mihi
1712 4119 1821 4157 mo-

228 4186 387 4240 lestus
423 4204 555 4253 esse,
596 4198 649 4243 et
681 4201 897 4245 cmtera.
950 4192 1171 4247 Distulit
1209 4193 1427 4264 quidem
1469 4193 1816 4263 desiderium,

227 4282 322 4333 Sed
356 4296 463 4334 non
488 4282 732 4345 abstulit,
770 4292 827 4338 ut
846 4284 970 4353 plus
995 4298 1094 4339 nos
1121 4300 1453 4356 quaeramus,
1484 4296 1541 4342 et
1570 4288 1819 4343 inventus

226 4372 466 4429 strictius
496 4386 761 4432 teneatur.
787 4378 939 4446 Quod
966 4393 1096 4434 vero
1122 4381 1251 4436 dicit
1277 4399 1289 4435 :
1316 4380 1475 4435 Pueri
1498 4382 1594 4435 mei
1623 4390 1821 4437 mecum

225 4478 391 4522 sunt:
448 4484 510 4523 ac
558 4472 603 4525 si
645 4471 791 4526 dicat
834 4472 1088 4528 Dominus
1133 4474 1381 4529 Christus
1431 4475 1815 4545 omnipotens,

226 4562 397 4616 sancti
426 4563 533 4617 ηιιοί
556 4578 694 4633 quos
716 4565 859 4618 volui
875 4566 986 4633 jam
1021 4581 1228 4621 tnecum
1253 4578 1376 4621 sunt
1404 4586 1415 4620 :
1444 4567 1563 4623 Non
1596 4582 1814 4640 possunt

226 4669 467 4725 surgere,
500 4667 555 4711 et
579 4656 713 4712 dare
736 4657 850 4711 tibi.
882 4658 1006 4711 ideo
1030 4672 1184 4730 negat
1217 4663 1572 4730 petitionem,
1603 4676 1661 4717 ιιι
1695 4679 1819 4733 pro-

229 4748 314 4801 bet
335 4749 625 4818 cujuslibet
651 4752 1129 4818 perseverantiam.
1154 4754 1219 4809 Et
1251 4756 1394 4825 quod
1420 4756 1547 4811 dicit
1579 4774 1591 4813 :
1627 4757 1687 4813 Si
1716 4774 1818 4813 non

226 4841 364 4895 dabit
390 4840 468 4896 illi
492 4858 707 4914 surgens
742 4860 802 4897 eo
826 4845 965 4914 quod
989 4847 1187 4900 amicus
1215 4851 1329 4918 ejus
1356 4857 1462 4914 est,
1489 4858 1695 4922 propter
1724 4851 1819 4903 im-

228 4932 533 4998 probitatem
554 4944 721 4990 tamen
746 4939 862 5008 ejus
889 4948 1087 5010 surget,
1115 4947 1161 4993 el
1189 4939 1330 4993 dabit
1358 4940 1436 4994 illi
1456 4954 1698 5013 quotquot
1721 4945 1819 4998 Ita-

228 5025 301 5078 bet
330 5028 649 5081 necessarios
669 5044 686 5082 :
706 5029 784 5085 sic
806 5042 859 5084 et
882 5029 1139 5087 Dominus
1162 5031 1319 5089 Iesus
1343 5035 1545 5090 amicus
1572 5046 1628 5090 et
1651 5035 1821 5093 frater

230 5124 410 5172 uoster
434 5112 543 5201 [AL
573 5128 681 5174 tac.
711 5120 916 5193 noster]
946 5119 1399 5188 Christianorum,
1433 5128 1581 5181 omni
1614 5128 1817 5201 impor-

229 5215 352 5265 tune
378 5198 720 5281 ﬁdeliterque
749 5214 974 5282 petenti,
1005 5216 1233 5287 projugi
1266 5218 1526 5287 petitione
1558 5198 1821 5292 quidquid

230 5304 278 5356 in
309 5306 531 5361 nomine
552 5304 671 5377 ejus
693 5296 927 5379 petierit,
952 5309 1068 5367 sine
1085 5310 1400 5368 difﬁcultate
1428 5314 1642 5370 tribuet.
1671 5315 1823 5372 Sicut

226 5406 278 5449 et
301 5397 567 5468 sequitur.

299 5491 409 5549 Vll.
442 5492 561 5564 Ego
596 5494 735 5549 vobis
765 5496 881 5551 dico
911 5513 929 5553 :
960 5495 1128 5554 Petito
1154 5510 1201 5556 et
1231 5500 1442 5556 dabitur
1469 5503 1608 5557 vobis
1634 5520 1651 5556 :
1681 5512 1835 5573 quce-_

224 5585 338 5653 rite,
372 5596 416 5639 et
450 5589 722 5645 invenietis
752 5605 770 5643 .'
802 5590 1026 5662 pulsate,
1058 5604 1106 5647 el
1132 5597 1391 5667 apzrietur
1414 5596 1553 5651 vobis
1584 5614 1603 5651 :
1636 5595 1686 5651 id
1721 5603 1825 5657 est,

227 5679 391 5746 petite
440 5680 681 5751 Patrem,
739 5686 963 5752 quaerite
1010 5685 1241 5752 Filium,
1301 5688 1517 5757 pulsate
1562 5687 1827 5758 Spiritum

231 5782 501 5832 sanctum.
542 5775 629 5832 Vel
673 5777 840 5855 petite
880 5779 1319 5851 cogitationibus,
1354 5779 1581 5853 quaerite
1625 5779 1830 5847 verbis,

1958 1861 2109 1917 nales
2134 1862 2278 1921 inter
2306 1868 2505 1923 bonum
2537 1879 2591 1923 et
2615 1871 2817 1926 malum
2850 1872 3179 1944 discernitis,
3205 1883 3263 1931 et
3293 1888 3399 1931 non
3422 1876 3544 1931 vul-

1953 1952 2021 2008 tis
2054 1962 2113 2010 ut
2155 1957 2386 2029 quisque
2424 1970 2664 2017 vestrum
2698 1962 2765 2019 de
2802 1978 2965 2019 manu
2995 1975 3173 2021 vestra
3208 1968 3407 2022 malum
3441 1984 3540 2038 pro

1948 2046 2094 2105 bono
2123 2052 2350 2123 recipiat
2380 2070 2392 2107 :
2418 2064 2617 2125 quanto
2640 2056 2811 2126 magis
2833 2057 2976 2112 Deus
2998 2059 3087 2129 qui
3118 2068 3315 2115 cuncta
3344 2060 3541 2115 condi-

1946 2141 2025 2196 dit
2058 2144 2281 2212 homini,
2316 2162 2477 2217 quem
2510 2149 2574 2205 ad
2609 2149 2898 2221 imaginem
2930 2166 3082 2207 suam
3116 2152 3261 2217 iecit,
3306 2153 3533 2211 ﬁdeliter

1943 2235 2045 2290 sibi
2081 2238 2280 2307 petenti
2315 2239 2513 2296 tribuet
2544 2242 2714 2298 bona!
2754 2241 2937 2316 Ignem
2970 2245 3085 2299 ι·εηὶ
3116 2246 3315 2300 mittere
3349 2246 3403 2299 in
3437 2255 3540 2299 ter-

1942 2338 2073 2394 ram,
2119 2339 2169 2383 et
2202 2330 2328 2400 quid
2369 2333 2483 2386 volo
2524 2332 2621 2388 nisi
2664 2343 2721 2389 ut
2748 2336 3239 2409 accendatur-(an.
3282 2352 3374 2403 su,
3410 2336 3542 2405 49)?

1940 2418 2076 2487 Quid
2102 2420 2204 2477 hoc
2227 2423 2345 2479 loco
2370 2425 2545 2495 ignem
2579 2427 2680 2483 nisi
2710 2427 2980 2498 Spiritum
3008 2438 3253 2484 sanctum
3287 2430 3541 2499 intelligi—

1940 2527 2057 2568 mus
2088 2530 2103 2568 :
2132 2529 2291 2585 quem
2317 2515 2577 2573 Dominus
2614 2519 2665 2573 in
2697 2529 2898 2576 terram
2934 2521 3119 2586 misit,
3170 2529 3231 2576 ut
3260 2532 3378 2577 urat
3412 2522 3538 2578 vitia

1935 2616 1990 2661 et
2018 2617 2260 2677 peccata,
2289 2617 2341 2665 et
2372 2610 2631 2668 accendat
2657 2612 2868 2668 animas
2896 2628 2995 2684 per
3015 2612 3338 2669 cbaritatem
3368 2621 3533 2684 atque

1933 2698 2249 2755 illuminet?

2058 2809 2371 2867 MONITUM
2416 2812 2481 2870 IN
2520 2814 2941 2886 SEQUENTE“
2991 2810 3404 2873 EPISTULA“.

2008 2902 2331 2983 Quamquam
2348 2922 2509 2983 nemo
2540 2908 2631 2962 ibit
2669 2910 2895 2977 inﬁcias,
2935 2913 3090 2983 hujus
3121 2918 3381 2966 auctorem
3417 2915 3529 2979 epi-

1933 2976 2101 3055 stolar,
2130 2977 2176 3055 si
2198 2993 2317 3055 cum
2339 2976 3048 3055 Hicrongmocomponatur.
3078 2986 3233 3055 longo
3254 2976 3528 3038 intervallo

1932 3045 2071 3113 infra
2102 3048 2213 3125 ejlts
2242 3050 2507 3125 ing-"nium
2534 3045 2595 3103 ac
2624 3045 2923 3125 dignitatem
2967 3072 3075 3108 esse
3108 3071 3125 3106 .'
3157 3045 3257 3106 non
3290 3056 3525 3125 probarit

1936 3125 2103 3171 tamen
2136 3118 2339 3193 Erasini
2365 3139 2656 3185 censuram,
2680 3118 2731 3177 si
2769 3126 2892 3192 quid
2928 3128 3078 3179 alias.
3112 3126 3261 3193 plane
3290 3118 3529 3193 'injnt‘io-

1934 3202 2066 3264 sam,
2101 3189 2188 3241 ubi
2234 3206 2347 3243 eum
2386 3202 2531 3264 vocat
2574 3189 3073 3264 impudentissimam
3101 3189 3364 3257 rabulam,
3392 3196 3528 3261 effu-

1934 3259 2156 3335 tientem,
2177 3277 2283 3335 non
2316 3259 2725 3335 pt'oloqtttjntcm,
2760 3277 2803 3318 et
2834 3266 3089 3335 quidquid
3122 3266 3175 3316 in
3203 3259 3530 3319 buccamwve-

1930 3332 2083 3406 nerit,
2107 3332 2764 3406 cblaterantcm':Yet-satus
2796 3332 2856 3390 in
2872 3337 2968 3389 hoc
2993 3339 3103 3401 ipso
3126 3347 3428 3406 argumento
3450 3347 3525 3389 est

1942 3400 2112 3475 Victor
2143 3401 2436 3477 Carlcnntc.
2471 3402 2810 3477 Maurilaniw
2836 3400 3054 3477 civitatis
3086 3400 3369 3477 cpiscopus
3389 3409 3525 3477 ,rqui

1928 3468 2155 3538 scripsit,
2190 3483 2312 3525 teste
2335 3473 2572 3546 (ienadio
2591 3491 2707 3541 cap.
2734 3477 2821 3537 77,
2848 3476 2911 3529 ad
2935 3468 3190 3531 ilasiliutn
3226 3468 3517 3546 quemdam

1928 3557 2094 3617 super
2124 3553 2300 3617 morte
2339 3544 2429 3617 lilii
2475 3548 2895 3601 consolatoriam
2946 3548 3165 3614 librum,
3200 3544 3297 3617 spe
3328 3562 3513 3603 resur-

1928 3614 2207 3680 rectionis,
2234 3616 2467 3684 perlecta
2498 3617 2852 3673 inStructinne
2883 3619 3175 3675 munitum.

2479 3742 2806 3812 cristata
2850 3754 2962 3811 XL.

1962 3888 2029 3927 AD
2052 3886 2312 3927 TYRASIU!
2339 3886 2505 3928 SUPER
2532 3889 2711 3930 MORTB
2737 3890 2894 3930 FIUE
2917 3889 3031 3931 SUE
3058 3890 3482 3934 ροΝέΟιΑτοῐιιΑ.
3509 3956 3514 3962 Ι

2006 3984 2300 4039 Benedicto
2326 3992 2381 4039 et
2408 3986 2765 4043 dilectissimo
2790 3988 3019 4061 Tyrasio
3044 3989 3431 4062 Hieronymus.

1996 4115 2032 4172 l.
2054 4117 2344 4173 Charitatis
2370 4130 2473 4174 tuzc
2492 4121 2687 4191 scripta
2715 4125 2951 4193 percepi,
2978 4122 3249 4192 inquibus
3272 4122 3513 4178 animum

1919 4216 2069 4262 ttuttn
2104 4211 2293 4266 dolore
2321 4223 2654 4267 commotum
2707 4214 2773 4269 de
2809 4216 2931 4269 lillzc
2956 4214 3287 4269 dormitione
3314 4230 3513 4283 cogno-

1924 4304 1997 4358 vi.
2048 4303 2163 4357 Nou
2210 4304 2350 4359 aliud
2411 4308 2779 4376 principaliter
2809 4308 3111 4365 admiratus
3164 4316 3309 4376 sum,
3343 4318 3507 4379 quam

1922 4394 2219 4451 Christiani
2254 4394 2486 4465 pectoris
2521 4398 2576 4455 in
2610 4404 2659 4455 t'e
2682 4400 2915 4457 ablatam
2950 4400 3201 4458 virtutem
3239 4400 3428 4466 ittISSe,
3454 4412 3514 4457 ut

1926 4487 2161 4543 animum
2196 4488 2443 4546 liertcres
2485 4492 2549 4546 ad
2599 4492 2865 4548 dolorem.
2905 4493 3110 4560 Stupco
3141 4509 3353 4548 murum
3386 4495 3511 4550 ﬁdei

1927 4591 2262 4649 penetratum
2286 4584 2597 4639 vulneribus
2630 4580 2897 4646 orbitatis,
2925 4600 3079 4652 quem
3104 4587 3284 4654 sepire
3309 4584 3511 4640 debuc«

1926 4682 2008 4729 rat
2036 4690 2162 4745 siros
2197 4678 2620 4732 resurrectionis
2650 4688 2703 4733 et
2731 4680 2882 4751 regni
2913 4677 3154 4734 caelestis
3205 4677 3510 4750 Numquam

1922 4766 2048 4835 spes
2070 4774 2190 4822 cum
2219 4770 2405 4824 dolore
2436 4769 2748 4835 Concordat,
2780 4786 2881 4826 nec
2910 4771 3039 4824 lides
3071 4771 3361 4840 aliquando
3390 4787 3519 4826 scn-

1923 4858 1988 4912 tit
2032 4867 2527 4930 quantamcumque
2554 4862 2844 4929 jacturam.
2889 4852 3195 4933 Resurgere
3235 4864 3515 4920 Credimus

1930 4960 2193 5010 morinos,
2226 4962 2277 5003 ιτι
2309 4952 2648 5020 plangimus?
2671 4952 2807 5018 Quid
2836 4952 3141 5008 iaceremus
3168 4955 3211 5008 si
3240 4956 3373 5010 mori
3400 4963 3519 5009 tan-

1930 5041 2206 5095 tummodo
2237 5043 2353 5098 sine
2395 5044 2799 5098 resnrrcbtio‘nc
2837 5046 3160 5116 prmciperet
3196 5048 3378 5104 Deus?
3416 5048 3518 5102 Vo-

1930 5137 2111 5192 luntas
2141 5135 2261 5206 ejus
2305 5138 2489 5207 utique
2536 5138 2648 5192 sola
2697 5137 2981 5197 sufﬁceret
3009 5141 3074 5197 ad
3105 5143 3387 5210 solatium,
3432 5139 3520 5195 cui

1932 5229 2134 5283 nullum
2164 5237 2482 5299 prmpotiere
2504 5228 2759 5300 juhemur
2785 5230 3056 5288 all‘ectum.
3085 5233 3241 5301 Quod
3269 5231 3497 5286 dederat

1934 5320 2155 5377 abstulit
2186 5322 2274 5393 qui
2301 5332 2607 5377 creaverat.
2634 5320 2766 5391 Quis
2794 5326 2876 5378 est
2907 5327 2997 5395 qui
3038 5325 3255 5395 plangat
3283 5322 3427 5385 quod
3458 5323 3524 5378 ad

1937 5426 2146 5484 tempus
2174 5417 2494 5483 acceperat?
2514 5416 2988 5483 Commodaverat,
3016 5427 3075 5471 ttt
3098 5418 3330 5471 haberes
3354 5418 3526 5487 qua-t-

1934 5519 2221 5579 tocumque
2250 5517 2499 5578 tempore
2521 5509 2822 5564 voluisset:
2857 5519 2913 5564 ut
2936 5526 3059 5564 cum
3091 5511 3277 5573 vellet,
3310 5516 3523 5567 rursum

1936 5601 2192 5654 auferret.
2226 5600 2369 5655 Nihil
2402 5602 2624 5655 abstulit
2653 5609 2823 5666 tuum,
2859 5602 2948 5672 qui
2982 5602 3240 5671 dignatus
3271 5614 3353 5658 est
3386 5607 3526 5659 reci-

1938 5707 2063 5762 pere
2087 5694 2384 5762 proprium.
2411 5693 2687 5750 Creditum
2717 5706 2873 5750 scum
2912 5696 3161 5767 recipere
3185 5696 3370 5753 decuit
3397 5712 3520 5752 cre—

1940 5784 2185 5851 ditatem,
2231 5795 2286 5841 ct
2323 5785 2455 5841 nihil
2500 5786 2645 5841 aliud
2693 5786 2869 5854 dcem,
2919 5804 3079 5861 quam
3124 5789 3382 5849 creditori
3429 5799 3528 5843 suo
