4012 6190
480 294 592 355 279

1526 296 1584 354 S.
1628 297 2015 356 HIERONYMI
2053 297 2335 357 OPERUM
2371 297 2737 359 MANTlSSA.

3688 308 3794 372 280

486 413 695 483 gratias
743 426 903 487 agere
951 418 1313 475 mutuantem.
1365 412 1455 472 Sic
1479 414 1582 470 Job
1613 415 1869 485 legimus,
1918 432 2082 487 quam
2112 418 2167 481 Α
2192 416 2410 473 demite.
2445 416 2504 473 Si
2533 418 2678 473 enim
2701 416 3069 476 desolationes
3100 418 3353 480 homines
3383 424 3533 483 ferre
3559 440 3669 484 non
3696 444 3791 485 va-

485 518 782 575 seqttamur
833 504 1241 560 devotissimam
1285 521 1475 561 vocem
1510 524 1521 559 :
1557 505 1839 573 Dominus,
1886 509 2080 579 inquit,

492 596 655 661 dedit,
684 598 938 652 Dominus
963 597 1174 651 abstulit
1196 615 1213 651 :
1235 599 1366 652 sicut
1399 598 1620 652 Domino
1652 601 1882 670 placuit,
1904 604 1974 655 ita
2005 606 2085 674 fa-

486 697 627 742 ctum
653 698 729 741 est
750 704 770 741 :
800 688 867 741 sit
895 704 1080 742 nomen
1110 688 1325 743 Domini
1361 690 1682 743 benedictum
1713 690 1854 762 (Job.
1891 710 1927 762 l,
1960 694 2079 763 ‘21).

554 781 619 835 ll.
654 780 825 835 Parva
851 795 980 850 ergo
1009 796 1116 835 non
1146 792 1265 836 erat
1295 780 1413 835 haec
1442 781 1747 837 consolatio
1774 794 1966 840 contra
1996 786 2082 840 lu—

481 880 650 939 ctum,
678 870 823 941 quod
853 885 1018 926 nemo
1047 870 1234 941 lugere
1264 870 1462 926 debeat
1487 888 1609 928 cum
1643 874 1850 944 aliquid
1891 876 2079 931 reddi—

480 964 624 1018 derit
647 963 922 1017 alienum:
946 961 1075 1032 quia
1097 961 1177 1017 fas
1194 976 1303 1017 non
1328 974 1445 1018 erat
1473 966 1614 1035 apud
1637 967 1803 1021 aliutn
1831 968 2078 1037 retineri,

478 1057 623 1128 quod
654 1058 888 1112 Domino
910 1071 1011 1113 suo
1050 1056 1231 1112 fuerat
1258 1060 1655 1114 necessarium.
1691 1060 1921 1115 Additur
1950 1078 2082 1117 con-

476 1152 761 1206 solationis
791 1150 899 1206 alia
931 1150 1300 1221 providentia,
1334 1166 1455 1220 quae
1481 1152 1681 1221 jaculis
1710 1152 1964 1207 orbitatis
1989 1168 2081 1210 oc-

476 1257 680 1303 currat.
712 1247 978 1317 Plangere
1006 1245 1300 1300 debuimus
1330 1245 1398 1300 de
1420 1246 1621 1301 saeculo
1651 1247 1991 1314 recedentes,
2034 1249 2079 1304 si

480 1341 669 1396 steculi
702 1340 1029 1396 inimicitias
1062 1349 1251 1395 contra
1293 1353 1393 1393 nos
1439 1340 1663 1394 minime
1705 1342 2078 1397 sentiremus:

475 1446 530 1492 et
561 1432 869 1506 plangimus
901 1433 1115 1488 Domini
1147 1432 1437 1501 beneﬁcia,
1468 1435 1558 1505 qui
1591 1436 1741 1490 novit
1772 1435 2078 1491 inﬁrmitati

475 1537 683 1583 nostrae
717 1526 846 1595 quid
877 1533 1120 1594 praestet.
1153 1524 1458 1581 Periclitari
1490 1526 1706 1580 volebat
1750 1526 1951 1595 adhuc,
1987 1529 2077 1597 qui

474 1622 624 1676 dolet
674 1620 913 1690 aliquem
967 1618 1331 1674 dormientem
1372 1636 1387 1673 :
1429 1628 1484 1674 et
1528 1619 1670 1675 inter
1712 1621 1909 1675 ﬂuctus
1951 1622 2077 1675 vitae

474 1716 763 1784 prm~entis
794 1713 982 1768 videre
1019 1712 1275 1782 cupiebat
1326 1713 1582 1767 miserum
1623 1712 1896 1768 laborare.
1933 1714 2076 1766 Tali-

2190 512 2384 578 lerent,
2419 527 2713 582 numquam
2743 530 2969 583 prorsus
2998 525 3253 586 parentes
3283 532 3313 572 a
3347 534 3407 573 se
3434 536 3533 576 sua
3566 522 3790 593 pignora

2188 601 2544 657 dimisissent.
2576 603 2880 660 Destitutos
2912 621 2971 661 se
2997 623 3025 661 a
3059 608 3421 665 morientibus
3445 627 3792 682 conqueren-

2187 703 2308 749 tnr:
2340 706 2395 750 et
2421 698 2576 751 vivos
2606 698 2769 764 ﬁlios,
2795 710 2885 752 aut
2912 709 3133 769 propter
3158 700 3421 772 honores,
3447 715 3539 761 aut
3572 721 3790 778 promer

2185 793 2400 858 negetia
2444 791 2749 861 peregrinis
2794 793 3110 863 regionibus
3159 798 3390 852 credunt
3424 816 3438 855 :
3472 810 3527 855 et
3555 805 3789 871 gaudent

2185 888 2299 933 tota
2345 882 2452 936 vita
2500 883 2619 937 sine
2665 884 2953 939 aﬂectihus
2988 888 3339 954 commorari,
3370 889 3671 949 dummodo
3701 910 3786 949 ca-

2186 973 2353 1042 piant,
2385 976 2530 1045 quod
2574 977 2801 1046 cupiunt
2827 978 2895 1033 de
2920 981 3033 1033 suis
3062 982 3380 1050 pignoribus
3426 984 3657 1055 adipisci
3690 1004 3703 1041 :
3734 998 3786 1044 et

2182 1075 2241 1120 ut
2282 1067 2350 1121 ad
2398 1069 2590 1132 palatia
2623 1082 2869 1141 pergant,
2904 1074 3343 1142 peregrinantur.
3378 1077 3459 1131 Ad
3493 1079 3672 1134 studia
3700 1080 3785 1135 di-

2182 1161 2403 1230 gnitatis
2434 1164 2693 1233 navigant
2732 1166 3087 1235 acquirenda,
3134 1168 3223 1223 vel
3265 1168 3331 1223 ad
3380 1184 3573 1226 causas
3620 1174 3785 1243 patri-

2184 1255 2348 1308 monii
2382 1256 2594 1325 aliquas
2617 1256 2972 1323 exiilicandas
3012 1275 3132 1313 cum
3184 1257 3370 1315 labore
3410 1271 3465 1317 et
3505 1265 3779 1335 periculo,

2183 1349 2593 1417 proﬁciseentes
2624 1366 2815 1405 omnes
2859 1351 3176 1419 impellunt,
3226 1368 3321 1408 nec
3369 1369 3556 1409 secum
3587 1371 3785 1413 vacare

2180 1457 2319 1511 quos
2362 1442 2611 1512 diligunt,
2652 1444 2949 1512 patiuntur.
2988 1446 3052 1498 lit
3088 1456 3145 1499 ut
3173 1446 3237 1499 ad
3273 1447 3465 1515 palatia
3513 1450 3665 1513 caeli,
3716 1449 3783 1505 ad

2181 1536 2355 1589 studia
2388 1534 2609 1599 Christi,
2640 1536 2706 1590 ad
2739 1536 3002 1592 honorem
3041 1542 3169 1595 vita:
3204 1551 3498 1611 perpetuae,
3528 1553 3584 1597 et
3615 1543 3787 1613 patri-

2180 1630 2418 1685 monium
2453 1632 2815 1699 possessionis
2844 1643 3063 1687 reternze.
3093 1650 3217 1689 cum
3244 1637 3539 1700 securitate
3564 1638 3785 1693 valeant

2180 1722 2489 1791 pervenire,
2531 1739 2690 1777 nemo
2724 1725 2860 1778 lilios
2904 1740 3034 1780 suos
3059 1741 3089 1780 a
3118 1743 3177 1781 se
3222 1728 3456 1782 libenter
3481 1729 3784 1799 gratulatur

473 1808 577 1864 bus
606 1823 671 1862 ac
693 1806 857 1861 tantis
896 1804 1311 1874 tempestatibus
1340 1805 1484 1870 vitae,
1520 1814 1596 1858 tot
1637 1805 2076 1875 impugnationes
2109 1808 2154 1867 Β
2181 1815 2496 1869 abscedere.
2525 1816 2602 1868 Ad
2636 1818 3001 1886 comparanda
3031 1831 3249 1887 peeteata
3275 1821 3515 1889 gaudent
3545 1831 3651 1875 tam
3683 1838 3781 1892 pa-

468 1899 697 1961 diaboli.
725 1908 805 1953 tot
825 1897 1075 1966 corporis
1094 1895 1254 1960 bella,
1282 1905 1360 1949 tot
1380 1895 1566 1950 sa-culi
1590 1896 1773 1950 clades
1795 1897 1985 1952 evasit.
2012 1899 2074 1952 Et

480 1991 750 2061 lacrymas
775 1990 980 2056 fundis,
1009 1987 1166 2058 quasi
1189 1988 1408 2043 nescias
1432 1987 1563 2058 quid
1593 1988 1647 2042 in
1680 1997 1735 2043 te
1758 1992 1875 2059 ipso
1899 1992 2077 2060 quoti-

472 2082 562 2136 die
592 2080 849 2149 patiaris?

546 2174 636 2229 lll.
684 2173 911 2244 Propter
959 2172 1104 2243 quod
1154 2171 1414 2227 admonet
1468 2172 1729 2226 Dominus
1780 2173 2073 2244 Apostolus

467 2280 620 2332 suos,
646 2264 835 2321 dicens
872 2283 883 2318 :
920 2264 982 2319 Si
1009 2264 1293 2333 diligeretis
1316 2280 1418 2331 me,
1448 2264 1769 2337 gauderetis,
1797 2268 1923 2336 quia
1944 2268 2072 2322 vado

466 2358 536 2411 ad
575 2357 785 2412 Patrem
832 2354 1014 2427 (Joan.
1060 2372 1174 2425 xiv,
1223 2354 1333 2427 12).
1389 2354 1558 2410 l'lane
1608 2356 1870 2410 Lazarum
1924 2358 2074 2413 ﬂevit

465 2459 767 2515 mortuum,
799 2448 894 2504 sed
929 2462 1035 2503 non
1062 2457 1179 2502 tuas
1204 2447 1476 2517 lacrymas
1507 2446 1664 2501 fudit.
1695 2449 2073 2504 ltesurrectio-

464 2545 550 2600 nis
582 2544 884 2612 promissor
909 2543 1158 2600 dolorem
1188 2542 1391 2598 docere
1411 2558 1517 2597 non
1547 2552 1785 2613 poterat,
1813 2560 1882 2599 ne
1908 2544 2069 2601 ﬁdem

465 2638 757 2709 perﬁdiam
808 2637 1039 2704 faceret,
1074 2653 1236 2707 quam
1286 2637 1538 2692 docebat.
1591 2638 1773 2693 Doluit
1802 2640 2069 2695 Lazarum

467 2744 580 2785 non
611 2729 1003 2795 dormientem,
1028 2730 1123 2784 sed
1155 2730 1333 2799 potius
1356 2740 1764 2800 resurgentem:
1796 2742 1851 2786 et
1882 2732 2066 2799 ﬂebat,

466 2836 628 2891 quem
658 2820 953 2890 cogebatur
978 2830 1195 2891 propter
1221 2821 1357 2877 alios
1394 2820 1460 2877 ad
1493 2822 1754 2877 saeculum
1784 2838 2063 2880 revocare.

465 2912 619 2968 Hanc
649 2912 816 2967 vitam
856 2912 994 2969 dans
1041 2912 1329 2978 Dominus,
1360 2914 1774 2985 ingetniscehat,
1805 2932 1965 2987 quam
2011 2927 2066 2973 tu

466 3004 621 3061 doles
652 3020 775 3062 esse
802 3006 1096 3061 sublatam.
1130 3004 1334 3061 Contra
1364 3006 1639 3079 lacrymas
1679 3008 1798 3078 ejus
1829 3019 2068 3080 pugnant

461 3097 719 3169 lacryma:
748 3108 876 3164 tute,
911 3110 963 3154 et
990 3113 1144 3153 amor
1186 3107 1311 3153 tuus
1343 3099 1515 3153 amori
1556 3098 1674 3168 ejus
1711 3116 1817 3154 non
1858 3117 2063 3157 conve-

459 3188 563 3243 nit.
592 3188 692 3245 llic
718 3188 879 3245 ﬂetus
910 3206 1015 3245 non
1046 3190 1208 3246 habet
1241 3190 1520 3260 pietatem.
1556 3190 1651 3245 llle
1680 3192 1897 3247 nolebat
1928 3194 2055 3248 red-
2086 3203 2129 3265 ρ
2163 3210 2512 3275 promissioni
2560 3211 2679 3280 eius
2729 3188 2929 3285 ηρειηοε
2975 3188 3191 3285 νέκυι-δε

461 3280 592 3337 dere
614 3282 910 3351 laboribus,
932 3297 1093 3352 quem
1116 3281 1380 3337 dilexerat
1404 3298 1417 3334 :
1442 3291 1497 3335 et
1520 3292 1572 3335 tu
1593 3297 1780 3338 amare
1797 3284 2062 3341 credebas

458 3383 537 3439 te,
574 3374 661 3428 cui
692 3373 939 3428 laborum
968 3373 1191 3429 volebas
1238 3371 1418 3427 adhuc
1462 3382 1725 3443 prmStare
1765 3383 2058 3430 tormenta.

461 3461 735 3521 (ἔπιθι-ωτι
774 3465 822 3519 si
850 3477 1006 3536 putas
1048 3481 1171 3523 eum
1198 3464 1464 3521 Lazarum
1496 3465 1762 3532 doluisse,
1793 3478 1918 3522 ante
1949 3484 2058 3522 non

462 3559 809 3627 permisisset
842 3560 1015 3628 exire,
1045 3560 1136 3631 qui
1164 3560 1431 3629 repellere
1459 3561 1639 3629 potuit
1667 3571 1897 3617 mortem
1924 3578 1939 3615 :
1966 3574 2058 3618 aut

456 3658 608 3705 certe
634 3665 741 3705 non
769 3651 946 3716 ﬂeret,
979 3654 1070 3722 qui
1102 3662 1380 3707 mortuum
1410 3652 1675 3709 suscitare
1703 3656 2055 3725 postmodum

456 3741 725 3797 habuerat
756 3752 1103 3811 potestatem.
1132 3743 1286 3799 Unde
1314 3754 1563 3814 apparet,
1584 3744 1697 3799 sola
1732 3762 1856 3801 eum
1888 3763 2053 3803 causa

454 3832 627 3888 fuisse
653 3840 1009 3900 commotum,
1043 3833 1185 3904 quod
1215 3834 1282 3888 ad
1312 3834 1565 3889 hostilem
1597 3836 1764 3891 vitam
1796 3837 2047 3895 charissi-

454 3941 603 3980 nium
641 3940 900 3980 revocare
930 3925 1130 3993 denuo,
1164 3935 1219 3981 et
1248 3938 1472 3996 propter
1501 3926 1812 3983 credituros
1841 3930 2051 4001 aliquos

453 4027 512 4074 et
537 4018 951 4075 confundendos
983 4020 1315 4089 incredulos,
1353 4020 1667 4091 urgebatur.
1704 4022 1945 4094 Denique
1972 4028 2051 4082 sic

454 4113 778 4169 subsecutus
797 4123 899 4182 est,
924 4114 1110 4171 dicetis
1138 4130 1153 4171 :
1177 4112 1344 4186 Ergo,
1370 4114 1551 4181 Pater,
1581 4125 1636 4169 ut
1659 4118 1894 4187 credant,
1925 4121 2049 4191 quia

454 4214 511 4261 tu
553 4224 630 4261 me
668 4208 876 4274 misisti,
916 4210 993 4263 ait
1046 4209 1193 4263 clara
1226 4225 1398 4265 voce:
1446 4208 1666 4279 Lazare,
1721 4213 1875 4283 prodi
1918 4216 2046 4285 foris

454 4297 633 4369 (Joan.
661 4316 737 4365 xi,
762 4299 879 4371 45).
908 4301 975 4355 Et
1002 4300 1205 4357 factum
1230 4311 1335 4357 est.

517 4392 606 4447 IV.
639 4393 828 4450 Gaude
856 4408 986 4464 ergo
1015 4394 1163 4451 unde
1192 4396 1286 4451 ille
1335 4407 1558 4454 coactus
1587 4410 1669 4455 est
1697 4400 1850 4471 ﬂere,
1884 4419 1952 4460 ne
1987 4416 2041 4460 tu

450 4486 644 4541 saltem
674 4486 908 4541 videaris
932 4486 1255 4543 dormientis
1276 4488 1632 4547 felicitatibus
1665 4495 1930 4553 invidere.
1959 4500 2042 4554 Ab

2184 1916 2367 1962 rentes
2406 1923 2437 1962 a
2488 1907 2633 1976 ﬁliis,
2679 1925 2839 1979 quam
2883 1911 2975 1964 lilii
3007 1926 3035 1963 a
3069 1912 3406 1979 parentibus,
3451 1923 3785 1982 provocante

2179 1998 2419 2066 diabolo,
2453 2002 2720 2070 separari.
2774 2002 2854 2056 Ad
2909 2003 3303 2074 indulgentiam
3349 2006 3779 2077 percipiendam,

2179 2093 2370 2147 nolunt
2397 2094 2464 2147 ali
2496 2094 2751 2159 invicem,
2787 2095 2901 2150 Deo
2934 2106 3187 2163 vocante,
3212 2098 3456 2153 discerni
3489 2116 3501 2152 :
3536 2108 3593 2154 ut
3617 2115 3783 2170 appa-

2179 2194 2296 2239 reat
2326 2200 2431 2238 non
2457 2200 2559 2253 pro
2587 2197 2770 2240 nostra
2804 2188 3013 2242 ratione
3043 2205 3143 2242 nos
3169 2190 3359 2245 dolere
3383 2208 3781 2263 quemcumque

2177 2277 2425 2333 videmur
2454 2279 2710 2335 amittere
2754 2298 2763 2331 :
2816 2280 2914 2336 sed
2965 2281 3223 2338 indicium
3272 2286 3447 2354 magis
3491 2286 3781 2343 ostendere

2177 2368 2512 2424 difﬁdentiae.

2246 2460 2336 2515 Vl.
2368 2462 2495 2515 Mihi
2527 2464 2710 2533 crede,
2736 2467 2851 2521 sola
2891 2466 2944 2521 in
2981 2468 3237 2523 omnibus
3267 2469 3614 2527 incredulitas
3643 2488 3778 2529 mte-

2174 2562 2279 2607 ret.
2307 2554 2369 2607 Et
2398 2555 2537 2610 sicut
2566 2572 2671 2611 non
2707 2571 2886 2628 potest
2920 2561 3055 2616 ﬁdes
3087 2576 3247 2617 nosse
3270 2565 3413 2633 quod
3442 2565 3625 2620 doleat
3652 2608 3666 2633 ,
3698 2568 3781 2623 sic

2173 2643 2477 2700 difﬁdentia
2520 2650 2639 2704 sola
2671 2651 2956 2708 doloribus
2998 2655 3269 2709 invenitur
3301 2657 3519 2712 ancilla.
3562 2659 3696 2714 Nam
3728 2662 3778 2715 si

2173 2738 2507 2795 dormientes
2537 2742 2794 2811 dicimus,
2825 2749 3165 2803 dormientes
3193 2751 3377 2819 utique
3414 2752 3641 2807 credere
3672 2755 3778 2810 de-

2171 2831 2401 2887 bemus:
2436 2844 2491 2888 ct
2517 2852 2621 2889 non
2661 2850 2926 2909 mortuos,
2967 2840 3063 2895 sed
3096 2842 3520 2912 requiescentes,
3563 2861 3772 2901 secon-

2170 2924 2298 2980 dum
2328 2942 2517 2983 vocem
2570 2931 2782 2988 Domini
2811 2952 2824 2989 :
2862 2934 3043 2991 Omnis
3072 2938 3229 3005 enim,
3268 2938 3461 3010 inquit,
3489 2942 3576 3009 qui
3607 2943 3777 2997 credit

2172 3020 2221 3073 in
2253 3037 2355 3088 me,
2378 3020 2497 3076 licet
2525 3026 2797 3093 moriatur,
2821 3029 2940 3083 vivit
2968 3028 3149 3101 (Joan.
3181 3047 3257 3099 χι,
3287 3033 3403 3103 ‘25).
3434 3032 3489 3088 Si
3524 3035 3617 3089 tibi
3649 3052 3772 3091 me-

2170 3111 2328 3168 dicus
2359 3113 2461 3169 hoc
2488 3118 2833 3186 promitteret
2875 3122 3181 3192 quisquam,
3217 3124 3416 3179 nullam
3456 3127 3573 3181 sine
3601 3127 3774 3183 dubio

3230 3219 3453 3273 omnino
3497 3219 3768 3275 [tt-titiam.

2166 3298 2319 3355 Nunc
2344 3303 2470 3371 quia
2499 3302 2751 3360 Christus
2781 3306 3071 3362 fabricator
3087 3310 3507 3365 etresuscitator
3535 3313 3773 3380 promit-

2165 3392 2248 3457 tit,
2296 3409 2402 3448 non
2436 3397 2593 3451 times
2623 3413 2742 3453 eam
2776 3398 3051 3470 plangere,
3098 3411 3157 3455 ut
3198 3402 3497 3459 ﬁdeliorem
3541 3404 3769 3461 Christo

2162 3485 2369 3553 pariter
2399 3496 2453 3542 et
2486 3491 2843 3557 potentiorem
2876 3494 3144 3551 medicum
3175 3495 3408 3552 videaris
3438 3497 3492 3553 in
3525 3501 3761 3569 promis-

2161 3576 2316 3631 sione
2337 3578 2605 3646 judicare.

2232 3668 2342 3724 Vll.
2392 3671 2499 3727 Sed
2553 3674 2896 3746 destitutam,
2961 3680 3129 3745 dicis,
3195 3682 3353 3739 doleo
3414 3694 3758 3743 senectutem

2158 3776 2374 3817 meam:
2407 3766 2497 3834 qui
2534 3765 2829 3825 debueram
2874 3772 3074 3829 liberos
3105 3790 3258 3831 meos
3304 3778 3485 3845 potius
3532 3789 3758 3836 antece-

2156 3853 2309 3921 dere,
2344 3873 2413 3913 ne
2444 3860 2496 3925 in
2529 3860 2807 3918 laboribus
2839 3882 3201 3923 remanerem.
3234 3869 3460 3939 Quando
3489 3871 3558 3929 de
3586 3875 3757 3944 Spiri-

2158 3947 2390 4003 tualibus
2425 3950 2581 4005 bonis
2608 3955 2987 4028 quodcumque
3032 3968 3314 4028 tractatur,
3356 3963 3490 4018 nihil
3518 3975 3600 4020 est
3631 3981 3755 4021 om-

2154 4041 2287 4095 nino
2330 4031 2398 4097 de
2437 4046 2751 4101 carnalibus
2794 4060 2920 4105 ante
2946 4054 3133 4107 oculos
3163 4057 3599 4125 proponendum.
3635 4059 3749 4127 Ego
3805 4102 3817 4113 .

2154 4134 2247 4189 tibi
2280 4136 2472 4191 melius
2506 4141 2764 4207 proﬁteor
2808 4144 3057 4199 evenisse
3096 4164 3109 4199 :
3153 4148 3245 4216 qui
3286 4165 3391 4203 non
3443 4151 3740 4219 carnalem,

2150 4224 2246 4280 sed
2300 4228 2636 4296 spiritualem
2667 4232 2811 4309 circa
2860 4242 2914 4289 te
2961 4235 3251 4294 considero
3292 4240 3623 4298 felicitatem.
3660 4245 3741 4299 Tu

2150 4316 2287 4372 dicis
2314 4319 2381 4374 de
2410 4321 2649 4390 pignoris
2684 4324 2759 4379 ιιιί
2789 4325 2940 4382 obitu
2987 4328 3039 4383 in
3072 4342 3355 4387 senectute
3384 4334 3693 4390 confectum
3726 4354 3740 4391 :

2146 4425 2248 4481 ego
2275 4425 2460 4468 contra
2492 4415 2664 4484 probo
2688 4419 3054 4475 sublevatum.
3088 4424 3366 4481 Senectuti
3403 4435 3508 4481 tua:
3547 4444 3734 4498 ampu~

2148 4503 2561 4560 tavitDominus
2589 4508 2759 4579 magis
2789 4511 3234 4582 sollicitudinem,
3281 4533 3402 4587 quae
3451 4521 3742 4589 torquebat

441 4578 621 4633 alieno
672 4582 876 4633 mundo
917 4581 1194 4651 praprium
1238 4583 1491 4638 transivit
1519 4584 1587 4639 ad
1618 4586 1906 4644 Dominum
1942 4609 1953 4643 :
1986 4603 2039 4649 et
2070 4595 2117 4652 D
2143 4594 2211 4651 de
2236 4596 2374 4663 viva,
2398 4599 2506 4653 ﬁlia
2537 4616 2605 4655 ne
2628 4578 2847 4671 periret.
2876 4604 3071 4662 Melius
3094 4609 3274 4678 utique
3296 4626 3437 4665 nunc
3463 4624 3734 4670 umrtuam

441 4670 511 4726 de
538 4670 719 4726 hostili
748 4672 920 4741 patria
945 4675 1202 4744 migravit
1225 4674 1293 4729 ad
1321 4678 1534 4731 cuslum.
1573 4680 1773 4735 Contra
1798 4684 1875 4738 sic
1898 4688 2038 4757 Apo-

438 4766 611 4820 atolus
654 4775 1071 4831 commemorat,
1117 4767 1343 4821 dicens:
1374 4770 1634 4833 Quamdiu
1660 4790 1838 4829 sumus
1862 4778 1915 4830 in
1941 4780 2035 4834 ltoc

436 4859 649 4923 seculo,
679 4859 1072 4927 peregrinamur
1117 4876 1150 4911 a
1192 4859 1420 4914 Domino
1444 4864 1511 4932 (ll
1541 4862 1665 4922 Cor.
1699 4883 1752 4936 v,
1789 4870 1865 4940 6).
1914 4874 2030 4930 Νοιι

439 4964 571 5018 ergo
600 4952 755 5005 nobis
786 4955 993 5006 inetum
1029 4951 1195 5007 debet
1224 4951 1469 5010 incutere
1500 4956 1807 5031 quisquam,
1843 4980 1966 5022 cum
1997 4987 2027 5024 a

430 5044 870 5113 peregrinatione
901 5046 1081 5102 redire
1119 5050 1380 5105 meruerit
1424 5052 1492 5106 ad
1536 5058 1811 5126 prepriatn
1844 5063 2025 5133 regio-

428 5150 578 5201 nem,
612 5140 849 5189 maxime
878 5152 1000 5191 cum
1030 5155 1135 5193 non
1178 5140 1356 5197 inanis
1381 5154 1435 5199 et
1466 5160 1666 5203 vacuus
1706 5152 1884 5207 redire
1929 5170 2026 5209 no-

426 5236 636 5295 scatur,
661 5228 751 5298 qui
774 5227 1196 5287 Christianitatis
1216 5246 1489 5293 mercatus
1513 5251 1597 5295 est
1615 5241 1823 5298 lucrum
1846 5262 1861 5301 :
1892 5262 2021 5316 pro-

418 5332 544 5390 pter
568 5321 715 5392 quod
742 5319 1029 5378 descendit
1057 5326 1125 5379 ad
1151 5328 1335 5382 mundi
1360 5336 1770 5392 commercium.
1802 5339 1872 5393 Et
1891 5356 2011 5412 ego,

421 5418 654 5489 inquies,
694 5419 841 5475 nulla
872 5424 1296 5490 promissionum
1339 5430 1647 5487 cmlestiuin
1676 5434 2011 5494 dubitatione

404 5514 731 5579 conturbor,
760 5516 858 5570 sed
878 5517 992 5571 sola
1026 5520 1374 5590 separatione
1397 5524 1719 5583 dormientis
1750 5540 2007 5599 aestuans,

411 5608 689 5665 desolatus
713 5610 908 5677 solatio
935 5613 1006 5681 pii
1029 5614 1277 5683 pignoris
1303 5618 1503 5682 jactur.

487 5702 547 5754 ν.
580 5701 871 5757 Excusatio
898 5716 981 5761 est
1002 5708 1138 5773 haec,
1171 5710 1476 5776 heuedicte,
1522 5716 1640 5770 sine
1686 5719 1852 5774 duhio
1900 5720 2007 5777 fra-

396 5798 626 5874 gilitatis
655 5798 928 5869 humanae,
972 5819 1093 5873 quae
1140 5805 1467 5875 patrocinari
1510 5824 1619 5866 nott
1655 5824 1833 5883 potest
1861 5815 1999 5873 diﬂt»

2140 4692 2341 4745 saeculo
2368 4693 2547 4748 credis
2570 4710 2691 4750 esse
2726 4699 2867 4767 apud
2903 4700 3073 4756 Deum
3111 4704 3308 4775 vivam,
3342 4722 3504 4777 quam
3537 4708 3625 4765 hic
3656 4710 3736 4765 vi-

2140 4803 2258 4845 vant
2292 4806 2585 4848 mortuam.
2622 4796 2810 4852 Gaude
2840 4798 2935 4854 tibi
2976 4802 3119 4870 quod
3161 4804 3326 4860 ﬁliam
3361 4806 3735 4867 Christianam

2136 4895 2433 4949 merehcris
2474 4899 2625 4967 sequi
2660 4917 2673 4956 :
2714 4917 2876 4971 quam
2917 4917 3157 4975 secutus,
3208 4910 3258 4965 in
3307 4912 3450 4968 cmlo
3492 4917 3735 4984 gaudeas

2133 5012 2322 5051 rursus
2347 5002 2617 5070 amplecti.
2654 5003 2771 5059 Non
2802 5018 2853 5063 te
2875 5008 3138 5080 deseruit,
3176 5014 3269 5069 sed
3297 5018 3595 5086 pra‘cessit.
3626 5020 3731 5074 Mi-

2130 5101 2245 5155 sisti
2279 5104 2608 5161 nutrimenta
2636 5118 2722 5163 tua
2747 5110 2987 5169 Christo;
3017 5116 3073 5169 Si
3102 5117 3304 5173 luctum
3339 5120 3632 5187 horrui-ris,
3670 5134 3727 5179 et

2128 5212 2180 5256 te
2209 5202 2471 5259 obtulisse
2504 5207 2698 5278 pignus
2727 5210 2838 5267 Deo
2865 5213 3116 5285 deputari
3148 5222 3373 5289 poteris.
3406 5222 3722 5280 Secundum

2123 5311 2309 5356 votum
2338 5313 2486 5358 tuum
2518 5306 2658 5364 habe
2697 5322 2818 5380 post
2862 5314 3157 5387 Abraham,
3186 5320 3232 5375 si
3267 5337 3374 5378 non
3421 5332 3572 5394 potes
3604 5327 3722 5395 pri-

2122 5421 2265 5460 mum
2294 5423 2305 5458 :
2341 5416 2396 5459 ut
2429 5408 2573 5476 quod
2602 5410 2689 5467 ille
2715 5430 2825 5468 non
2872 5416 3155 5475 dubitabat
3181 5422 3397 5492 oﬂ'erre,
3431 5434 3488 5479 tu
3519 5427 3720 5485 saltent

2124 5506 2231 5578 [ΑΙ.
2268 5507 2426 5577 forte]
2451 5507 2677 5567 videatis
2703 5514 2770 5569 de
2796 5518 3010 5575 sublato
3051 5525 3313 5593 gaudere.
3357 5528 3437 5582 Ab
3480 5528 3579 5583 illo
3610 5531 3721 5588 Do-

2115 5612 2293 5665 minus
2325 5611 2632 5680 postulavit,
2658 5630 2692 5668 a
2728 5626 2777 5672 te
2808 5620 2928 5674 tulit
2956 5638 2967 5675 :
3001 5623 3093 5679 ille
3116 5626 3349 5695 jussioni
3398 5631 3604 5699 paruit,
3659 5645 3717 5688 tu

2111 5714 2366 5770 voluntati
2399 5716 2731 5774 consentias.
2766 5718 2922 5776 lllum
2976 5740 3069 5793 per
3115 5728 3357 5784 illicitam
3391 5732 3564 5802 legem
3599 5749 3705 5787 na-

2108 5826 2244 5876 tura:
2292 5817 2538 5891 probavit
2583 5820 2681 5878 sibi
2734 5821 2988 5883 devotum
3020 5844 3033 5884 :
3064 5839 3114 5885 te
3147 5830 3341 5891 saltem
3375 5849 3471 5904 per
3497 5835 3711 5893 licitam
