  <div class='ocr_page' id='page_1' title='image "/cluster/home/n/w/nwhite01/storage/ocr_20150623/30/uva.x000826572/148.png"; bbox 0 0 4012 6190; ppageno 0'>
   <div class='ocr_carea' id='block_1_1' title="bbox 197 252 309 310">
    <p class='ocr_par' dir='ltr' id='par_1_1' title="bbox 197 252 309 310">
     <span class='ocr_line' id='line_1_1' title="bbox 197 252 309 310; baseline 0 -1"><span class='ocrx_word' id='word_1_1' title='bbox 197 252 309 310; x_wconf 69' lang='lat'><strong>281</strong></span> 
     </span>
    </p>
   </div>
   <div class='ocr_carea' id='block_1_2' title="bbox 1062 253 2608 322">
    <p class='ocr_par' dir='ltr' id='par_1_2' title="bbox 1062 253 2608 322">
     <span class='ocr_line' id='line_1_2' title="bbox 1062 253 2608 322; baseline 0.006 -12"><span class='ocrx_word' id='word_1_2' title='bbox 1062 320 1064 322; x_wconf 22' lang='grc' dir='ltr'><strong><em>τ</em></strong></span> <span class='ocrx_word' id='word_1_3' title='bbox 1110 253 1446 313; x_wconf 78' lang='lat' dir='ltr'><strong>EPISTOLA</strong></span> <span class='ocrx_word' id='word_1_4' title='bbox 1484 253 1622 312; x_wconf 81' lang='lat' dir='ltr'><strong>XLI.</strong></span> <span class='ocrx_word' id='word_1_5' title='bbox 1663 255 1754 313; x_wconf 85' lang='lat' dir='ltr'><strong>DE</strong></span> <span class='ocrx_word' id='word_1_6' title='bbox 1794 254 2142 316; x_wconf 79' lang='lat' dir='ltr'><strong>FERENDIS</strong></span> <span class='ocrx_word' id='word_1_7' title='bbox 2181 258 2608 320; x_wconf 77' lang='lat' dir='ltr'><strong>OPPROBRIIS.</strong></span> 
     </span>
    </p>
   </div>
   <div class='ocr_carea' id='block_1_3' title="bbox 3400 270 3511 328">
    <p class='ocr_par' dir='ltr' id='par_1_3' title="bbox 3400 270 3511 328">
     <span class='ocr_line' id='line_1_3' title="bbox 3400 270 3511 328; baseline 0.018 -2"><span class='ocrx_word' id='word_1_8' title='bbox 3400 270 3511 328; x_wconf 74' lang='lat'><strong>282</strong></span> 
     </span>
    </p>
   </div>
   <div class='ocr_carea' id='block_1_4' title="bbox 194 367 3502 453">
    <p class='ocr_par' dir='ltr' id='par_1_4' title="bbox 194 367 3502 453">
     <span class='ocr_line' id='line_1_4' title="bbox 194 367 3502 453; baseline 0.005 -28"><span class='ocrx_word' id='word_1_9' title='bbox 194 367 574 426; x_wconf 73' lang='lat' dir='ltr'><strong>conditionem</strong></span> <span class='ocrx_word' id='word_1_10' title='bbox 608 370 956 428; x_wconf 73' lang='lat' dir='ltr'><strong>mortalitatis</strong></span> <span class='ocrx_word' id='word_1_11' title='bbox 982 379 1207 428; x_wconf 90' lang='lat' dir='ltr'><strong>annotet</strong></span> <span class='ocrx_word' id='word_1_12' title='bbox 1227 372 1567 445; x_wconf 86' lang='lat' dir='ltr'><strong>religiosum.</strong></span> <span class='ocrx_word' id='word_1_13' title='bbox 1598 372 1656 428; x_wconf 86' lang='lat' dir='ltr'><strong>In</strong></span> <span class='ocrx_word' id='word_1_14' title='bbox 1692 387 1797 444; x_wconf 92' lang='lat' dir='ltr'><strong>qua</strong></span> <span class='ocrx_word' id='word_1_15' title='bbox 1824 374 1880 435; x_wconf 77' lang='grc' dir='ltr'><strong>Α</strong></span> <span class='ocrx_word' id='word_1_16' title='bbox 1903 372 2125 428; x_wconf 77' lang='lat' dir='ltr'><strong>adducet</strong></span> <span class='ocrx_word' id='word_1_17' title='bbox 2147 392 2263 430; x_wconf 87' lang='lat' dir='ltr'><strong>cum</strong></span> <span class='ocrx_word' id='word_1_18' title='bbox 2284 376 2380 432; x_wconf 81' lang='lat' dir='ltr'><strong>illo</strong></span> <span class='ocrx_word' id='word_1_19' title='bbox 2409 379 2466 452; x_wconf 92' lang='lat' dir='ltr'><strong>(l</strong></span> <span class='ocrx_word' id='word_1_20' title='bbox 2490 377 2675 435; x_wconf 80' lang='lat' dir='ltr'><strong>Thess.</strong></span> <span class='ocrx_word' id='word_1_21' title='bbox 2711 394 2782 449; x_wconf 98' lang='lat' dir='ltr'><strong>tv,</strong></span> <span class='ocrx_word' id='word_1_22' title='bbox 2812 379 2899 450; x_wconf 70' lang='lat' dir='ltr'><strong>l2,</strong></span> <span class='ocrx_word' id='word_1_23' title='bbox 2932 382 3057 453; x_wconf 79' lang='lat' dir='ltr'><strong>t5).</strong></span> <span class='ocrx_word' id='word_1_24' title='bbox 3089 384 3215 441; x_wconf 71' lang='grc' dir='ltr'>ιιωο</span> <span class='ocrx_word' id='word_1_25' title='bbox 3247 383 3367 451; x_wconf 86' lang='lat' dir='ltr'><strong>tibi,</strong></span> <span class='ocrx_word' id='word_1_26' title='bbox 3402 385 3502 443; x_wconf 85' lang='lat' dir='ltr'><strong>be-</strong></span> 
     </span>
    </p>
   </div>
   <div class='ocr_carea' id='block_1_5' title="bbox 193 463 1428 537">
    <p class='ocr_par' dir='ltr' id='par_1_5' title="bbox 193 463 1428 537">
     <span class='ocr_line' id='line_1_5' title="bbox 193 463 1428 537; baseline 0.002 -18"><span class='ocrx_word' id='word_1_27' title='bbox 193 474 356 535; x_wconf 80' lang='lat' dir='ltr'><strong>parte</strong></span> <span class='ocrx_word' id='word_1_28' title='bbox 384 463 760 522; x_wconf 83' lang='lat' dir='ltr'><strong>Christianum</strong></span> <span class='ocrx_word' id='word_1_29' title='bbox 791 476 845 523; x_wconf 89' lang='lat' dir='ltr'><strong>te</strong></span> <span class='ocrx_word' id='word_1_30' title='bbox 875 466 1081 537; x_wconf 90' lang='lat' dir='ltr'><strong>poteris</strong></span> <span class='ocrx_word' id='word_1_31' title='bbox 1103 468 1428 537; x_wconf 84' lang='lat' dir='ltr'><strong>approbare.</strong></span> 
     </span>
    </p>
   </div>
   <div class='ocr_carea' id='block_1_6' title="bbox 272 557 1800 634">
    <p class='ocr_par' dir='ltr' id='par_1_6' title="bbox 272 557 1800 634">
     <span class='ocr_line' id='line_1_6' title="bbox 272 557 1800 634; baseline 0.005 -21"><span class='ocrx_word' id='word_1_32' title='bbox 272 557 409 613; x_wconf 83' lang='lat' dir='ltr'><strong>VIII.</strong></span> <span class='ocrx_word' id='word_1_33' title='bbox 442 558 737 616; x_wconf 80' lang='lat' dir='ltr'><strong>Erubescat</strong></span> <span class='ocrx_word' id='word_1_34' title='bbox 764 560 1118 617; x_wconf 86' lang='lat' dir='ltr'><strong>incredulitas</strong></span> <span class='ocrx_word' id='word_1_35' title='bbox 1146 572 1359 628; x_wconf 85' lang='lat' dir='ltr'><strong>nostra,</strong></span> <span class='ocrx_word' id='word_1_36' title='bbox 1390 578 1513 634; x_wconf 72' lang='lat' dir='ltr'><strong>qua:</strong></span> <span class='ocrx_word' id='word_1_37' title='bbox 1540 579 1641 620; x_wconf 85' lang='lat' dir='ltr'><strong>nec</strong></span> <span class='ocrx_word' id='word_1_38' title='bbox 1678 580 1800 620; x_wconf 90' lang='lat' dir='ltr'><strong>cum</strong></span> 
     </span>
    </p>
   </div>
   <div class='ocr_carea' id='block_1_7' title="bbox 186 651 1800 726">
    <p class='ocr_par' dir='ltr' id='par_1_7' title="bbox 186 651 1800 726">
     <span class='ocr_line' id='line_1_7' title="bbox 186 651 1800 726; baseline 0.006 -20"><span class='ocrx_word' id='word_1_39' title='bbox 186 651 491 722; x_wconf 73' lang='lat' dir='ltr'><strong>gentilibus</strong></span> <span class='ocrx_word' id='word_1_40' title='bbox 522 654 633 710; x_wconf 87' lang='lat' dir='ltr'><strong>Deo</strong></span> <span class='ocrx_word' id='word_1_41' title='bbox 658 655 771 710; x_wconf 81' lang='lat' dir='ltr'><strong>vult</strong></span> <span class='ocrx_word' id='word_1_42' title='bbox 800 670 924 711; x_wconf 88' lang='lat' dir='ltr'><strong>esse</strong></span> <span class='ocrx_word' id='word_1_43' title='bbox 948 656 1213 726; x_wconf 86' lang='lat' dir='ltr'><strong>subjecta.</strong></span> <span class='ocrx_word' id='word_1_44' title='bbox 1242 655 1563 714; x_wconf 86' lang='lat' dir='ltr'><strong>Communis</strong></span> <span class='ocrx_word' id='word_1_45' title='bbox 1588 668 1674 715; x_wconf 89' lang='lat' dir='ltr'><strong>est</strong></span> <span class='ocrx_word' id='word_1_46' title='bbox 1703 677 1800 715; x_wconf 85' lang='lat' dir='ltr'><strong>no-</strong></span> 
     </span>
    </p>
   </div>
   <div class='ocr_carea' id='block_1_8' title="bbox 184 745 1800 823">
    <p class='ocr_par' dir='ltr' id='par_1_8' title="bbox 184 745 1800 823">
     <span class='ocr_line' id='line_1_8' title="bbox 184 745 1800 823; baseline 0.007 -23"><span class='ocrx_word' id='word_1_47' title='bbox 184 745 277 802; x_wconf 87' lang='lat' dir='ltr'><strong>bis</strong></span> <span class='ocrx_word' id='word_1_48' title='bbox 306 761 430 802; x_wconf 92' lang='lat' dir='ltr'><strong>cum</strong></span> <span class='ocrx_word' id='word_1_49' title='bbox 455 748 566 803; x_wconf 87' lang='lat' dir='ltr'><strong>illis</strong></span> <span class='ocrx_word' id='word_1_50' title='bbox 586 750 763 805; x_wconf 78' lang='lat' dir='ltr'><strong>exitus</strong></span> <span class='ocrx_word' id='word_1_51' title='bbox 788 750 1017 805; x_wconf 88' lang='lat' dir='ltr'><strong>mortis:</strong></span> <span class='ocrx_word' id='word_1_52' title='bbox 1049 759 1102 805; x_wconf 89' lang='lat' dir='ltr'><strong>et</strong></span> <span class='ocrx_word' id='word_1_53' title='bbox 1129 749 1351 806; x_wconf 84' lang='lat' dir='ltr'><strong>dolores</strong></span> <span class='ocrx_word' id='word_1_54' title='bbox 1380 752 1602 808; x_wconf 90' lang='lat' dir='ltr'><strong>illorum</strong></span> <span class='ocrx_word' id='word_1_55' title='bbox 1634 769 1800 823; x_wconf 87' lang='lat' dir='ltr'><strong>supc—</strong></span> 
     </span>
    </p>
   </div>
   <div class='ocr_carea' id='block_1_9' title="bbox 182 841 1793 917">
    <p class='ocr_par' dir='ltr' id='par_1_9' title="bbox 182 841 1793 917">
     <span class='ocr_line' id='line_1_9' title="bbox 182 841 1793 917; baseline 0.008 -25"><span class='ocrx_word' id='word_1_56' title='bbox 182 854 381 895; x_wconf 85' lang='lat' dir='ltr'><strong>ramus</strong></span> <span class='ocrx_word' id='word_1_57' title='bbox 404 841 687 899; x_wconf 86' lang='lat' dir='ltr'><strong>doloribus</strong></span> <span class='ocrx_word' id='word_1_58' title='bbox 709 844 932 898; x_wconf 90' lang='lat' dir='ltr'><strong>nostris.</strong></span> <span class='ocrx_word' id='word_1_59' title='bbox 957 842 1095 911; x_wconf 85' lang='lat' dir='ltr'><strong>Quid</strong></span> <span class='ocrx_word' id='word_1_60' title='bbox 1115 858 1426 914; x_wconf 79' lang='lat' dir='ltr'><strong>ageremus,</strong></span> <span class='ocrx_word' id='word_1_61' title='bbox 1450 845 1495 900; x_wconf 90' lang='lat' dir='ltr'><strong>si</strong></span> <span class='ocrx_word' id='word_1_62' title='bbox 1519 846 1793 917; x_wconf 84' lang='lat' dir='ltr'><strong>peculiare</strong></span> 
     </span>
    </p>
   </div>
   <div class='ocr_carea' id='block_1_10' title="bbox 178 933 1793 1007">
    <p class='ocr_par' dir='ltr' id='par_1_10' title="bbox 178 933 1793 1007">
     <span class='ocr_line' id='line_1_10' title="bbox 178 933 1793 1007; baseline 0.006 -21"><span class='ocrx_word' id='word_1_63' title='bbox 178 933 398 1004; x_wconf 89' lang='lat' dir='ltr'><strong>aliquid</strong></span> <span class='ocrx_word' id='word_1_64' title='bbox 452 938 764 1007; x_wconf 78' lang='lat' dir='ltr'><strong>exigeretur</strong></span> <span class='ocrx_word' id='word_1_65' title='bbox 802 953 832 992; x_wconf 84' lang='lat' dir='ltr'><strong>a</strong></span> <span class='ocrx_word' id='word_1_66' title='bbox 874 936 1062 993; x_wconf 86' lang='lat' dir='ltr'><strong>nobis?</strong></span> <span class='ocrx_word' id='word_1_67' title='bbox 1089 936 1244 1003; x_wconf 88' lang='lat' dir='ltr'><strong>Quod</strong></span> <span class='ocrx_word' id='word_1_68' title='bbox 1290 938 1358 992; x_wconf 90' lang='lat' dir='ltr'><strong>ad</strong></span> <span class='ocrx_word' id='word_1_69' title='bbox 1407 938 1646 994; x_wconf 85' lang='lat' dir='ltr'><strong>dedecus</strong></span> <span class='ocrx_word' id='word_1_70' title='bbox 1690 955 1793 995; x_wconf 90' lang='lat' dir='ltr'><strong>no-</strong></span> 
     </span>
    </p>
   </div>
   <div class='ocr_carea' id='block_1_11' title="bbox 176 1030 1786 1102">
    <p class='ocr_par' dir='ltr' id='par_1_11' title="bbox 176 1030 1786 1102">
     <span class='ocr_line' id='line_1_11' title="bbox 176 1030 1786 1102; baseline 0.004 -21"><span class='ocrx_word' id='word_1_71' title='bbox 176 1036 369 1084; x_wconf 87' lang='lat' dir='ltr'><strong>strum</strong></span> <span class='ocrx_word' id='word_1_72' title='bbox 412 1031 669 1099; x_wconf 86' lang='lat' dir='ltr'><strong>pertinet,</strong></span> <span class='ocrx_word' id='word_1_73' title='bbox 704 1031 935 1101; x_wconf 78' lang='lat' dir='ltr'><strong>gentiles</strong></span> <span class='ocrx_word' id='word_1_74' title='bbox 979 1030 1196 1086; x_wconf 89' lang='lat' dir='ltr'><strong>dolores</strong></span> <span class='ocrx_word' id='word_1_75' title='bbox 1234 1046 1382 1102; x_wconf 63' lang='lat' dir='ltr'><strong>sape</strong></span> <span class='ocrx_word' id='word_1_76' title='bbox 1406 1040 1786 1101; x_wconf 87' lang='lat' dir='ltr'><strong>contemnunt,</strong></span> 
     </span>
    </p>
   </div>
   <div class='ocr_carea' id='block_1_12' title="bbox 174 1123 1786 1194">
    <p class='ocr_par' dir='ltr' id='par_1_12' title="bbox 174 1123 1786 1194">
     <span class='ocr_line' id='line_1_12' title="bbox 174 1123 1786 1194; baseline 0.003 -20"><span class='ocrx_word' id='word_1_77' title='bbox 174 1134 309 1175; x_wconf 89' lang='lat' dir='ltr'><strong>cum</strong></span> <span class='ocrx_word' id='word_1_78' title='bbox 344 1138 453 1177; x_wconf 91' lang='lat' dir='ltr'><strong>non</strong></span> <span class='ocrx_word' id='word_1_79' title='bbox 483 1123 551 1177; x_wconf 93' lang='lat' dir='ltr'><strong>ad</strong></span> <span class='ocrx_word' id='word_1_80' title='bbox 584 1124 846 1192; x_wconf 88' lang='lat' dir='ltr'><strong>promissa</strong></span> <span class='ocrx_word' id='word_1_81' title='bbox 869 1123 1133 1191; x_wconf 66' lang='lat' dir='ltr'><strong>caelestia,</strong></span> <span class='ocrx_word' id='word_1_82' title='bbox 1163 1123 1258 1178; x_wconf 84' lang='lat' dir='ltr'><strong>sed</strong></span> <span class='ocrx_word' id='word_1_83' title='bbox 1286 1124 1352 1178; x_wconf 91' lang='lat' dir='ltr'><strong>ad</strong></span> <span class='ocrx_word' id='word_1_84' title='bbox 1382 1139 1571 1194; x_wconf 66' lang='lat' dir='ltr'><strong>poenas</strong></span> <span class='ocrx_word' id='word_1_85' title='bbox 1596 1128 1786 1179; x_wconf 89' lang='lat' dir='ltr'><strong>tartari</strong></span> 
     </span>
    </p>
   </div>
   <div class='ocr_carea' id='block_1_13' title="bbox 175 1212 1786 1285">
    <p class='ocr_par' dir='ltr' id='par_1_13' title="bbox 175 1212 1786 1285">
     <span class='ocr_line' id='line_1_13' title="bbox 175 1212 1786 1285; baseline 0.004 -19"><span class='ocrx_word' id='word_1_86' title='bbox 175 1212 500 1281; x_wconf 75' lang='lat' dir='ltr'><strong>rapiantur:</strong></span> <span class='ocrx_word' id='word_1_87' title='bbox 535 1222 591 1269; x_wconf 90' lang='lat' dir='ltr'><strong>et</strong></span> <span class='ocrx_word' id='word_1_88' title='bbox 614 1229 711 1269; x_wconf 85' lang='lat' dir='ltr'><strong>nos</strong></span> <span class='ocrx_word' id='word_1_89' title='bbox 734 1215 1036 1285; x_wconf 73' lang='lat' dir='ltr'><strong>plangimus</strong></span> <span class='ocrx_word' id='word_1_90' title='bbox 1064 1224 1259 1269; x_wconf 91' lang='lat' dir='ltr'><strong>euntes</strong></span> <span class='ocrx_word' id='word_1_91' title='bbox 1288 1215 1355 1269; x_wconf 92' lang='lat' dir='ltr'><strong>ad</strong></span> <span class='ocrx_word' id='word_1_92' title='bbox 1386 1215 1786 1273; x_wconf 67' lang='lat' dir='ltr'><strong>caalum?Con-</strong></span> 
     </span>
    </p>
   </div>
   <div class='ocr_carea' id='block_1_14' title="bbox 175 1303 1778 1379">
    <p class='ocr_par' dir='ltr' id='par_1_14' title="bbox 175 1303 1778 1379">
     <span class='ocr_line' id='line_1_14' title="bbox 175 1303 1778 1379; baseline 0.004 -20"><span class='ocrx_word' id='word_1_93' title='bbox 175 1305 384 1365; x_wconf 85' lang='lat' dir='ltr'><strong>sidera.</strong></span> <span class='ocrx_word' id='word_1_94' title='bbox 417 1303 762 1361; x_wconf 88' lang='lat' dir='ltr'><strong>Christianus</strong></span> <span class='ocrx_word' id='word_1_95' title='bbox 802 1305 925 1361; x_wconf 90' lang='lat' dir='ltr'><strong>talis</strong></span> <span class='ocrx_word' id='word_1_96' title='bbox 969 1305 1099 1377; x_wconf 89' lang='lat' dir='ltr'><strong>quid</strong></span> <span class='ocrx_word' id='word_1_97' title='bbox 1142 1306 1446 1362; x_wconf 90' lang='lat' dir='ltr'><strong>merebitur</strong></span> <span class='ocrx_word' id='word_1_98' title='bbox 1476 1308 1778 1379; x_wconf 86' lang='lat' dir='ltr'><strong>deinceps:</strong></span> 
     </span>
    </p>
   </div>
   <div class='ocr_carea' id='block_1_15' title="bbox 173 1396 1781 1469">
    <p class='ocr_par' dir='ltr' id='par_1_15' title="bbox 173 1396 1781 1469">
     <span class='ocr_line' id='line_1_15' title="bbox 173 1396 1781 1469; baseline 0.004 -18"><span class='ocrx_word' id='word_1_99' title='bbox 173 1397 269 1466; x_wconf 89' lang='lat' dir='ltr'><strong>qui</strong></span> <span class='ocrx_word' id='word_1_100' title='bbox 304 1412 405 1452; x_wconf 84' lang='lat' dir='ltr'><strong>nec</strong></span> <span class='ocrx_word' id='word_1_101' title='bbox 448 1396 647 1452; x_wconf 89' lang='lat' dir='ltr'><strong>itnitari</strong></span> <span class='ocrx_word' id='word_1_102' title='bbox 692 1398 975 1454; x_wconf 84' lang='lat' dir='ltr'><strong>contendit</strong></span> <span class='ocrx_word' id='word_1_103' title='bbox 998 1398 1250 1469; x_wconf 83' lang='lat' dir='ltr'><strong>exempla</strong></span> <span class='ocrx_word' id='word_1_104' title='bbox 1301 1409 1639 1464; x_wconf 89' lang='lat' dir='ltr'><strong>sanctorum.</strong></span> <span class='ocrx_word' id='word_1_105' title='bbox 1680 1415 1781 1457; x_wconf 89' lang='lat' dir='ltr'><strong>nec</strong></span> 
     </span>
    </p>
   </div>
   <div class='ocr_carea' id='block_1_16' title="bbox 169 1489 1779 1564">
    <p class='ocr_par' dir='ltr' id='par_1_16' title="bbox 169 1489 1779 1564">
     <span class='ocr_line' id='line_1_16' title="bbox 169 1489 1779 1564; baseline 0.004 -21"><span class='ocrx_word' id='word_1_106' title='bbox 169 1499 545 1559; x_wconf 85' lang='lat' dir='ltr'><strong>contemptum</strong></span> <span class='ocrx_word' id='word_1_107' title='bbox 600 1489 808 1547; x_wconf 83' lang='lat' dir='ltr'><strong>habere</strong></span> <span class='ocrx_word' id='word_1_108' title='bbox 855 1490 1177 1561; x_wconf 78' lang='lat' dir='ltr'><strong>gentilium?</strong></span> <span class='ocrx_word' id='word_1_109' title='bbox 1227 1490 1310 1546; x_wconf 91' lang='lat' dir='ltr'><strong>Illi</strong></span> <span class='ocrx_word' id='word_1_110' title='bbox 1360 1492 1540 1547; x_wconf 90' lang='lat' dir='ltr'><strong>luctus</strong></span> <span class='ocrx_word' id='word_1_111' title='bbox 1582 1493 1779 1564; x_wconf 80' lang='lat' dir='ltr'><strong>chpe-</strong></span> 
     </span>
    </p>
   </div>
   <div class='ocr_carea' id='block_1_17' title="bbox 169 1582 1774 1656">
    <p class='ocr_par' dir='ltr' id='par_1_17' title="bbox 169 1582 1774 1656">
     <span class='ocr_line' id='line_1_17' title="bbox 169 1582 1774 1656; baseline 0.004 -21"><span class='ocrx_word' id='word_1_112' title='bbox 169 1582 349 1636; x_wconf 87' lang='lat' dir='ltr'><strong>rando</strong></span> <span class='ocrx_word' id='word_1_113' title='bbox 394 1582 702 1651; x_wconf 89' lang='lat' dir='ltr'><strong>despiciunt</strong></span> <span class='ocrx_word' id='word_1_114' title='bbox 736 1601 751 1638; x_wconf 93' lang='lat'><strong>:</strong></span> <span class='ocrx_word' id='word_1_115' title='bbox 780 1599 883 1639; x_wconf 89' lang='lat' dir='ltr'><strong>nos</strong></span> <span class='ocrx_word' id='word_1_116' title='bbox 927 1592 983 1638; x_wconf 89' lang='lat' dir='ltr'><strong>et</strong></span> <span class='ocrx_word' id='word_1_117' title='bbox 1022 1584 1297 1653; x_wconf 89' lang='lat' dir='ltr'><strong>sperando</strong></span> <span class='ocrx_word' id='word_1_118' title='bbox 1337 1584 1619 1656; x_wconf 84' lang='lat' dir='ltr'><strong>despicere</strong></span> <span class='ocrx_word' id='word_1_119' title='bbox 1664 1603 1774 1642; x_wconf 89' lang='lat' dir='ltr'><strong>non</strong></span> 
     </span>
    </p>
   </div>
   <div class='ocr_carea' id='block_1_18' title="bbox 166 1674 1776 1745">
    <p class='ocr_par' dir='ltr' id='par_1_18' title="bbox 166 1674 1776 1745">
     <span class='ocr_line' id='line_1_18' title="bbox 166 1674 1776 1745; baseline 0.003 -18"><span class='ocrx_word' id='word_1_120' title='bbox 166 1688 459 1729; x_wconf 88' lang='lat' dir='ltr'><strong>conamur.</strong></span> <span class='ocrx_word' id='word_1_121' title='bbox 487 1674 568 1730; x_wconf 92' lang='lat' dir='ltr'><strong>Illi</strong></span> <span class='ocrx_word' id='word_1_122' title='bbox 590 1674 805 1731; x_wconf 82' lang='lat' dir='ltr'><strong>servire</strong></span> <span class='ocrx_word' id='word_1_123' title='bbox 832 1675 1229 1745; x_wconf 89' lang='lat' dir='ltr'><strong>intrepidanter</strong></span> <span class='ocrx_word' id='word_1_124' title='bbox 1252 1676 1393 1730; x_wconf 81' lang='lat' dir='ltr'><strong>[ilics</strong></span> <span class='ocrx_word' id='word_1_125' title='bbox 1418 1691 1547 1731; x_wconf 91' lang='lat' dir='ltr'><strong>suos</strong></span> <span class='ocrx_word' id='word_1_126' title='bbox 1571 1687 1776 1733; x_wconf 87' lang='lat' dir='ltr'><strong>morta-</strong></span> 
     </span>
    </p>
   </div>
   <div class='ocr_carea' id='block_1_19' title="bbox 164 1767 1772 1828">
    <p class='ocr_par' dir='ltr' id='par_1_19' title="bbox 164 1767 1772 1828">
     <span class='ocr_line' id='line_1_19' title="bbox 164 1767 1772 1828; baseline 0.005 -8"><span class='ocrx_word' id='word_1_127' title='bbox 164 1767 314 1821; x_wconf 88' lang='lat' dir='ltr'><strong>libus</strong></span> <span class='ocrx_word' id='word_1_128' title='bbox 342 1768 564 1825; x_wconf 85' lang='lat' dir='ltr'><strong>tradunt</strong></span> <span class='ocrx_word' id='word_1_129' title='bbox 593 1788 607 1824; x_wconf 94' lang='lat'><strong>:</strong></span> <span class='ocrx_word' id='word_1_130' title='bbox 644 1779 703 1825; x_wconf 87' lang='lat' dir='ltr'><strong>et</strong></span> <span class='ocrx_word' id='word_1_131' title='bbox 732 1785 833 1823; x_wconf 89' lang='lat' dir='ltr'><strong>nos</strong></span> <span class='ocrx_word' id='word_1_132' title='bbox 866 1770 976 1824; x_wconf 86' lang='lat' dir='ltr'><strong>Deo</strong></span> <span class='ocrx_word' id='word_1_133' title='bbox 1019 1779 1210 1824; x_wconf 83' lang='lat' dir='ltr'><strong>nostro</strong></span> <span class='ocrx_word' id='word_1_134' title='bbox 1248 1770 1412 1825; x_wconf 85' lang='lat' dir='ltr'><strong>simul</strong></span> <span class='ocrx_word' id='word_1_135' title='bbox 1459 1778 1515 1826; x_wconf 86' lang='lat' dir='ltr'><strong>et</strong></span> <span class='ocrx_word' id='word_1_136' title='bbox 1560 1786 1689 1827; x_wconf 90' lang='lat' dir='ltr'><strong>suos</strong></span> <span class='ocrx_word' id='word_1_137' title='bbox 1717 1773 1772 1828; x_wconf 92' lang='lat' dir='ltr'><strong>li-</strong></span> 
     </span>
    </p>
   </div>
   <div class='ocr_carea' id='block_1_20' title="bbox 164 1860 1775 1935">
    <p class='ocr_par' dir='ltr' id='par_1_20' title="bbox 164 1860 1775 1935">
     <span class='ocr_line' id='line_1_20' title="bbox 164 1860 1775 1935; baseline 0.004 -21"><span class='ocrx_word' id='word_1_138' title='bbox 164 1860 374 1935; x_wconf 86' lang='lat' dir='ltr'><strong>beros,</strong></span> <span class='ocrx_word' id='word_1_139' title='bbox 429 1871 485 1915; x_wconf 89' lang='lat' dir='ltr'><strong>et</strong></span> <span class='ocrx_word' id='word_1_140' title='bbox 537 1872 758 1917; x_wconf 89' lang='lat' dir='ltr'><strong>nostros</strong></span> <span class='ocrx_word' id='word_1_141' title='bbox 807 1862 1123 1917; x_wconf 86' lang='lat' dir='ltr'><strong>liberandos</strong></span> <span class='ocrx_word' id='word_1_142' title='bbox 1169 1861 1447 1917; x_wconf 88' lang='lat' dir='ltr'><strong>dimittere</strong></span> <span class='ocrx_word' id='word_1_143' title='bbox 1512 1865 1775 1935; x_wconf 88' lang='lat' dir='ltr'><strong>sacrilega</strong></span> 
     </span>
    </p>
   </div>
   <div class='ocr_carea' id='block_1_21' title="bbox 169 1954 1775 2026">
    <p class='ocr_par' dir='ltr' id='par_1_21' title="bbox 169 1954 1775 2026">
     <span class='ocr_line' id='line_1_21' title="bbox 169 1954 1775 2026; baseline 0.002 -18"><span class='ocrx_word' id='word_1_144' title='bbox 169 1962 362 2009; x_wconf 85' lang='lat' dir='ltr'><strong>mente</strong></span> <span class='ocrx_word' id='word_1_145' title='bbox 393 1964 753 2009; x_wconf 87' lang='lat' dir='ltr'><strong>cunctamur:</strong></span> <span class='ocrx_word' id='word_1_146' title='bbox 783 1955 937 2025; x_wconf 90' lang='lat' dir='ltr'><strong>quasi</strong></span> <span class='ocrx_word' id='word_1_147' title='bbox 984 1957 1152 2009; x_wconf 88' lang='lat' dir='ltr'><strong>tutius</strong></span> <span class='ocrx_word' id='word_1_148' title='bbox 1177 1955 1321 2024; x_wconf 91' lang='lat' dir='ltr'><strong>apud</strong></span> <span class='ocrx_word' id='word_1_149' title='bbox 1348 1954 1599 2011; x_wconf 91' lang='lat' dir='ltr'><strong>homines</strong></span> <span class='ocrx_word' id='word_1_150' title='bbox 1625 1957 1775 2026; x_wconf 91' lang='lat' dir='ltr'><strong>judi-</strong></span> 
     </span>
    </p>
   </div>
   <div class='ocr_carea' id='block_1_22' title="bbox 168 2047 1773 2117">
    <p class='ocr_par' dir='ltr' id='par_1_22' title="bbox 168 2047 1773 2117">
     <span class='ocr_line' id='line_1_22' title="bbox 168 2047 1773 2117; baseline 0.002 -16"><span class='ocrx_word' id='word_1_151' title='bbox 168 2061 362 2101; x_wconf 88' lang='lat' dir='ltr'><strong>cctttus</strong></span> <span class='ocrx_word' id='word_1_152' title='bbox 412 2048 586 2117; x_wconf 88' lang='lat' dir='ltr'><strong>magis</strong></span> <span class='ocrx_word' id='word_1_153' title='bbox 626 2062 783 2107; x_wconf 83' lang='lat' dir='ltr'><strong>quam</strong></span> <span class='ocrx_word' id='word_1_154' title='bbox 817 2060 988 2117; x_wconf 86' lang='lat' dir='ltr'><strong>penes</strong></span> <span class='ocrx_word' id='word_1_155' title='bbox 1042 2047 1208 2102; x_wconf 90' lang='lat' dir='ltr'><strong>Deum</strong></span> <span class='ocrx_word' id='word_1_156' title='bbox 1253 2048 1628 2104; x_wconf 88' lang='lat' dir='ltr'><strong>condemnari.</strong></span> <span class='ocrx_word' id='word_1_157' title='bbox 1663 2050 1773 2104; x_wconf 85' lang='lat' dir='ltr'><strong>Ali-</strong></span> 
     </span>
    </p>
   </div>
   <div class='ocr_carea' id='block_1_23' title="bbox 164 2135 1773 2210">
    <p class='ocr_par' dir='ltr' id='par_1_23' title="bbox 164 2135 1773 2210">
     <span class='ocr_line' id='line_1_23' title="bbox 164 2135 1773 2210; baseline 0.003 -18"><span class='ocrx_word' id='word_1_158' title='bbox 164 2153 328 2207; x_wconf 86' lang='lat' dir='ltr'><strong>quem</strong></span> <span class='ocrx_word' id='word_1_159' title='bbox 358 2138 597 2192; x_wconf 70' lang='lat' dir='ltr'><strong>filiorum</strong></span> <span class='ocrx_word' id='word_1_160' title='bbox 628 2135 923 2193; x_wconf 89' lang='lat' dir='ltr'><strong>Christiani</strong></span> <span class='ocrx_word' id='word_1_161' title='bbox 956 2138 1148 2193; x_wconf 89' lang='lat' dir='ltr'><strong>nolunt</strong></span> <span class='ocrx_word' id='word_1_162' title='bbox 1171 2138 1253 2194; x_wconf 80' lang='lat' dir='ltr'><strong>vel</strong></span> <span class='ocrx_word' id='word_1_163' title='bbox 1283 2141 1650 2210; x_wconf 69' lang='lat' dir='ltr'><strong>gratulatione</strong></span> <span class='ocrx_word' id='word_1_164' title='bbox 1676 2156 1773 2197; x_wconf 89' lang='lat' dir='ltr'><strong>sua</strong></span> 
     </span>
    </p>
   </div>
   <div class='ocr_carea' id='block_1_24' title="bbox 166 2229 1772 2299">
    <p class='ocr_par' dir='ltr' id='par_1_24' title="bbox 166 2229 1772 2299">
     <span class='ocr_line' id='line_1_24' title="bbox 166 2229 1772 2299; baseline 0.003 -13"><span class='ocrx_word' id='word_1_165' title='bbox 166 2230 443 2287; x_wconf 83' lang='lat' dir='ltr'><strong>deducere</strong></span> <span class='ocrx_word' id='word_1_166' title='bbox 470 2230 541 2286; x_wconf 88' lang='lat' dir='ltr'><strong>ad</strong></span> <span class='ocrx_word' id='word_1_167' title='bbox 566 2230 733 2299; x_wconf 82' lang='lat' dir='ltr'><strong>bona.</strong></span> <span class='ocrx_word' id='word_1_168' title='bbox 759 2229 1003 2287; x_wconf 87' lang='lat' dir='ltr'><strong>Gentiles</strong></span> <span class='ocrx_word' id='word_1_169' title='bbox 1026 2232 1248 2288; x_wconf 87' lang='lat' dir='ltr'><strong>tradere</strong></span> <span class='ocrx_word' id='word_1_170' title='bbox 1290 2248 1401 2288; x_wconf 88' lang='lat' dir='ltr'><strong>non</strong></span> <span class='ocrx_word' id='word_1_171' title='bbox 1444 2242 1772 2291; x_wconf 89' lang='lat' dir='ltr'><strong>cunctantur</strong></span> 
     </span>
    </p>
   </div>
   <div class='ocr_carea' id='block_1_25' title="bbox 166 2323 420 2379">
    <p class='ocr_par' dir='ltr' id='par_1_25' title="bbox 166 2323 420 2379">
     <span class='ocr_line' id='line_1_25' title="bbox 166 2323 420 2379; baseline -0.004 -1"><span class='ocrx_word' id='word_1_172' title='bbox 166 2323 233 2379; x_wconf 84' lang='lat' dir='ltr'><strong>ad</strong></span> <span class='ocrx_word' id='word_1_173' title='bbox 256 2326 420 2379; x_wconf 85' lang='lat' dir='ltr'><strong>mala.</strong></span> 
     </span>
    </p>
   </div>
   <div class='ocr_carea' id='block_1_26' title="bbox 236 2415 1766 2489">
    <p class='ocr_par' dir='ltr' id='par_1_26' title="bbox 236 2415 1766 2489">
     <span class='ocr_line' id='line_1_26' title="bbox 236 2415 1766 2489; baseline 0.005 -19"><span class='ocrx_word' id='word_1_174' title='bbox 236 2415 334 2472; x_wconf 77' lang='lat' dir='ltr'><strong>IX.</strong></span> <span class='ocrx_word' id='word_1_175' title='bbox 363 2416 649 2474; x_wconf 83' lang='lat' dir='ltr'><strong>Postremo</strong></span> <span class='ocrx_word' id='word_1_176' title='bbox 693 2417 781 2474; x_wconf 88' lang='lat' dir='ltr'><strong>vel</strong></span> <span class='ocrx_word' id='word_1_177' title='bbox 827 2432 954 2472; x_wconf 90' lang='lat' dir='ltr'><strong>cum</strong></span> <span class='ocrx_word' id='word_1_178' title='bbox 1006 2417 1121 2489; x_wconf 87' lang='lat' dir='ltr'><strong>ipsa</strong></span> <span class='ocrx_word' id='word_1_179' title='bbox 1165 2418 1423 2475; x_wconf 85' lang='lat' dir='ltr'><strong>felicitate</strong></span> <span class='ocrx_word' id='word_1_180' title='bbox 1453 2429 1766 2477; x_wconf 89' lang='lat' dir='ltr'><strong>nostrorum</strong></span> 
     </span>
    </p>
   </div>
   <div class='ocr_carea' id='block_1_27' title="bbox 165 2511 1767 2580">
    <p class='ocr_par' dir='ltr' id='par_1_27' title="bbox 165 2511 1767 2580">
     <span class='ocr_line' id='line_1_27' title="bbox 165 2511 1767 2580; baseline 0.004 -16"><span class='ocrx_word' id='word_1_181' title='bbox 165 2511 519 2566; x_wconf 85' lang='lat' dir='ltr'><strong>morientium</strong></span> <span class='ocrx_word' id='word_1_182' title='bbox 546 2527 806 2580; x_wconf 81' lang='lat' dir='ltr'><strong>cogamur</strong></span> <span class='ocrx_word' id='word_1_183' title='bbox 826 2512 1065 2567; x_wconf 89' lang='lat' dir='ltr'><strong>animum</strong></span> <span class='ocrx_word' id='word_1_184' title='bbox 1098 2512 1318 2568; x_wconf 83' lang='lat' dir='ltr'><strong>ﬂectere</strong></span> <span class='ocrx_word' id='word_1_185' title='bbox 1343 2530 1356 2568; x_wconf 91' lang='lat'><strong>:</strong></span> <span class='ocrx_word' id='word_1_186' title='bbox 1384 2528 1452 2568; x_wconf 89' lang='lat' dir='ltr'><strong>nc</strong></span> <span class='ocrx_word' id='word_1_187' title='bbox 1480 2513 1767 2570; x_wconf 90' lang='lat' dir='ltr'><strong>desideriis</strong></span> 
     </span>
    </p>
   </div>
   <div class='ocr_carea' id='block_1_28' title="bbox 168 2604 1764 2673">
    <p class='ocr_par' dir='ltr' id='par_1_28' title="bbox 168 2604 1764 2673">
     <span class='ocr_line' id='line_1_28' title="bbox 168 2604 1764 2673; baseline 0.004 -15"><span class='ocrx_word' id='word_1_188' title='bbox 168 2618 357 2658; x_wconf 90' lang='lat' dir='ltr'><strong>eorum</strong></span> <span class='ocrx_word' id='word_1_189' title='bbox 387 2604 659 2660; x_wconf 91' lang='lat' dir='ltr'><strong>desideria</strong></span> <span class='ocrx_word' id='word_1_190' title='bbox 694 2616 881 2660; x_wconf 86' lang='lat' dir='ltr'><strong>nostra</strong></span> <span class='ocrx_word' id='word_1_191' title='bbox 916 2605 1177 2673; x_wconf 89' lang='lat' dir='ltr'><strong>incipiant</strong></span> <span class='ocrx_word' id='word_1_192' title='bbox 1207 2606 1484 2664; x_wconf 90' lang='lat' dir='ltr'><strong>reluctari.</strong></span> <span class='ocrx_word' id='word_1_193' title='bbox 1516 2607 1651 2665; x_wconf 84' lang='lat' dir='ltr'><strong>Esto</strong></span> <span class='ocrx_word' id='word_1_194' title='bbox 1678 2624 1764 2664; x_wconf 90' lang='lat' dir='ltr'><strong>re-</strong></span> 
     </span>
    </p>
   </div>
   <div class='ocr_carea' id='block_1_29' title="bbox 168 2699 1757 2775">
    <p class='ocr_par' dir='ltr' id='par_1_29' title="bbox 168 2699 1757 2775">
     <span class='ocr_line' id='line_1_29' title="bbox 168 2699 1757 2775; baseline 0.004 -21"><span class='ocrx_word' id='word_1_195' title='bbox 168 2699 412 2770; x_wconf 82' lang='lat' dir='ltr'><strong>ligiosus,</strong></span> <span class='ocrx_word' id='word_1_196' title='bbox 439 2702 527 2756; x_wconf 86' lang='lat' dir='ltr'><strong>vel</strong></span> <span class='ocrx_word' id='word_1_197' title='bbox 549 2711 677 2757; x_wconf 90' lang='lat' dir='ltr'><strong>voto</strong></span> <span class='ocrx_word' id='word_1_198' title='bbox 706 2703 825 2772; x_wconf 88' lang='lat' dir='ltr'><strong>ejus</strong></span> <span class='ocrx_word' id='word_1_199' title='bbox 849 2718 970 2772; x_wconf 66' lang='lat' dir='ltr'><strong>quas</strong></span> <span class='ocrx_word' id='word_1_200' title='bbox 998 2705 1199 2773; x_wconf 86' lang='lat' dir='ltr'><strong>evasit,</strong></span> <span class='ocrx_word' id='word_1_201' title='bbox 1229 2703 1277 2758; x_wconf 92' lang='lat' dir='ltr'><strong>si</strong></span> <span class='ocrx_word' id='word_1_202' title='bbox 1318 2720 1427 2760; x_wconf 92' lang='lat' dir='ltr'><strong>non</strong></span> <span class='ocrx_word' id='word_1_203' title='bbox 1458 2716 1614 2775; x_wconf 86' lang='lat' dir='ltr'><strong>potes</strong></span> <span class='ocrx_word' id='word_1_204' title='bbox 1646 2716 1757 2763; x_wconf 90' lang='lat' dir='ltr'><strong>tuo.</strong></span> 
     </span>
    </p>
   </div>
   <div class='ocr_carea' id='block_1_30' title="bbox 169 2793 1760 2870">
    <p class='ocr_par' dir='ltr' id='par_1_30' title="bbox 169 2793 1760 2870">
     <span class='ocr_line' id='line_1_30' title="bbox 169 2793 1760 2870; baseline 0.004 -22"><span class='ocrx_word' id='word_1_205' title='bbox 169 2793 415 2861; x_wconf 79' lang='lat' dir='ltr'><strong>Exsulta,</strong></span> <span class='ocrx_word' id='word_1_206' title='bbox 472 2797 602 2865; x_wconf 86' lang='lat' dir='ltr'><strong>quia</strong></span> <span class='ocrx_word' id='word_1_207' title='bbox 646 2797 916 2867; x_wconf 89' lang='lat' dir='ltr'><strong>placuisse</strong></span> <span class='ocrx_word' id='word_1_208' title='bbox 956 2797 1244 2868; x_wconf 88' lang='lat' dir='ltr'><strong>cognoscis</strong></span> <span class='ocrx_word' id='word_1_209' title='bbox 1290 2799 1363 2852; x_wconf 92' lang='lat' dir='ltr'><strong>tui</strong></span> <span class='ocrx_word' id='word_1_210' title='bbox 1410 2800 1760 2870; x_wconf 84' lang='lat' dir='ltr'><strong>participium</strong></span> 
     </span>
    </p>
   </div>
   <div class='ocr_carea' id='block_1_31' title="bbox 166 2888 1761 2962">
    <p class='ocr_par' dir='ltr' id='par_1_31' title="bbox 166 2888 1761 2962">
     <span class='ocr_line' id='line_1_31' title="bbox 166 2888 1761 2962; baseline 0.006 -22"><span class='ocrx_word' id='word_1_211' title='bbox 166 2889 448 2957; x_wconf 83' lang='lat' dir='ltr'><strong>sanguinis</strong></span> <span class='ocrx_word' id='word_1_212' title='bbox 482 2888 736 2945; x_wconf 89' lang='lat' dir='ltr'><strong>Christo:</strong></span> <span class='ocrx_word' id='word_1_213' title='bbox 772 2891 1006 2946; x_wconf 83' lang='lat' dir='ltr'><strong>maxime</strong></span> <span class='ocrx_word' id='word_1_214' title='bbox 1055 2890 1202 2962; x_wconf 89' lang='lat' dir='ltr'><strong>quod</strong></span> <span class='ocrx_word' id='word_1_215' title='bbox 1241 2891 1308 2947; x_wconf 89' lang='lat' dir='ltr'><strong>de</strong></span> <span class='ocrx_word' id='word_1_216' title='bbox 1336 2893 1623 2949; x_wconf 89' lang='lat' dir='ltr'><strong>occasione</strong></span> <span class='ocrx_word' id='word_1_217' title='bbox 1664 2894 1761 2949; x_wconf 85' lang='lat' dir='ltr'><strong>de-</strong></span> 
     </span>
    </p>
   </div>
   <div class='ocr_carea' id='block_1_32' title="bbox 166 2977 1758 3057">
    <p class='ocr_par' dir='ltr' id='par_1_32' title="bbox 166 2977 1758 3057">
     <span class='ocr_line' id='line_1_32' title="bbox 166 2977 1758 3057; baseline 0.006 -22"><span class='ocrx_word' id='word_1_218' title='bbox 166 2977 296 3035; x_wconf 81' lang='lat' dir='ltr'><strong>beas</strong></span> <span class='ocrx_word' id='word_1_219' title='bbox 349 2980 580 3038; x_wconf 88' lang='lat' dir='ltr'><strong>tolerare</strong></span> <span class='ocrx_word' id='word_1_220' title='bbox 631 2982 848 3038; x_wconf 85' lang='lat' dir='ltr'><strong>Domini</strong></span> <span class='ocrx_word' id='word_1_221' title='bbox 887 2983 1247 3053; x_wconf 88' lang='lat' dir='ltr'><strong>voluntatem,</strong></span> <span class='ocrx_word' id='word_1_222' title='bbox 1302 2986 1390 3041; x_wconf 90' lang='lat' dir='ltr'><strong>cui</strong></span> <span class='ocrx_word' id='word_1_223' title='bbox 1444 3001 1550 3042; x_wconf 89' lang='lat' dir='ltr'><strong>non</strong></span> <span class='ocrx_word' id='word_1_224' title='bbox 1602 2997 1758 3057; x_wconf 87' lang='lat' dir='ltr'><strong>potes</strong></span> 
     </span>
    </p>
   </div>
   <div class='ocr_carea' id='block_1_33' title="bbox 164 3076 1758 3138">
    <p class='ocr_par' dir='ltr' id='par_1_33' title="bbox 164 3076 1758 3138">
     <span class='ocr_line' id='line_1_33' title="bbox 164 3076 1758 3138; baseline 0.007 -11"><span class='ocrx_word' id='word_1_225' title='bbox 164 3076 559 3131; x_wconf 89' lang='lat' dir='ltr'><strong>contradicere.</strong></span> <span class='ocrx_word' id='word_1_226' title='bbox 597 3077 665 3131; x_wconf 82' lang='lat' dir='ltr'><strong>Et</strong></span> <span class='ocrx_word' id='word_1_227' title='bbox 688 3092 811 3132; x_wconf 91' lang='lat' dir='ltr'><strong>eum</strong></span> <span class='ocrx_word' id='word_1_228' title='bbox 842 3079 914 3134; x_wconf 89' lang='lat' dir='ltr'><strong>sit</strong></span> <span class='ocrx_word' id='word_1_229' title='bbox 939 3079 1192 3135; x_wconf 90' lang='lat' dir='ltr'><strong>omnibus</strong></span> <span class='ocrx_word' id='word_1_230' title='bbox 1219 3082 1528 3136; x_wconf 90' lang='lat' dir='ltr'><strong>communis</strong></span> <span class='ocrx_word' id='word_1_231' title='bbox 1559 3082 1649 3138; x_wconf 85' lang='lat' dir='ltr'><strong>hic</strong></span> <span class='ocrx_word' id='word_1_232' title='bbox 1668 3096 1758 3138; x_wconf 87' lang='lat' dir='ltr'><strong>ca-</strong></span> 
     </span>
    </p>
   </div>
   <div class='ocr_carea' id='block_1_34' title="bbox 167 3156 1830 3243">
    <p class='ocr_par' dir='ltr' id='par_1_34' title="bbox 167 3156 1830 3243">
     <span class='ocr_line' id='line_1_34' title="bbox 167 3156 1830 3243; baseline 0.007 -22"><span class='ocrx_word' id='word_1_233' title='bbox 167 3180 289 3223; x_wconf 90' lang='lat' dir='ltr'><strong>sus:</strong></span> <span class='ocrx_word' id='word_1_234' title='bbox 318 3183 486 3223; x_wconf 81' lang='lat' dir='ltr'><strong>vanus</strong></span> <span class='ocrx_word' id='word_1_235' title='bbox 530 3169 689 3227; x_wconf 92' lang='lat' dir='ltr'><strong>dolor</strong></span> <span class='ocrx_word' id='word_1_236' title='bbox 731 3180 835 3240; x_wconf 88' lang='lat' dir='ltr'><strong>est,</strong></span> <span class='ocrx_word' id='word_1_237' title='bbox 880 3173 973 3243; x_wconf 91' lang='lat' dir='ltr'><strong>qui</strong></span> <span class='ocrx_word' id='word_1_238' title='bbox 1019 3187 1121 3229; x_wconf 88' lang='lat' dir='ltr'><strong>nec</strong></span> <span class='ocrx_word' id='word_1_239' title='bbox 1160 3171 1366 3243; x_wconf 81' lang='lat' dir='ltr'><strong>primus</strong></span> <span class='ocrx_word' id='word_1_240' title='bbox 1394 3173 1606 3231; x_wconf 90' lang='lat' dir='ltr'><strong>videtur</strong></span> <span class='ocrx_word' id='word_1_241' title='bbox 1631 3190 1754 3233; x_wconf 87' lang='lat' dir='ltr'><strong>esse</strong></span> <span class='ocrx_word' id='word_1_242' title='bbox 1781 3156 1830 3222; x_wconf 67' lang='grc' dir='ltr'><strong>(ἶ</strong></span> 
     </span>
    </p>
   </div>
   <div class='ocr_carea' id='block_1_35' title="bbox 164 3261 455 3316">
    <p class='ocr_par' dir='ltr' id='par_1_35' title="bbox 164 3261 455 3316">
     <span class='ocr_line' id='line_1_35' title="bbox 164 3261 455 3316; baseline 0.014 -4"><span class='ocrx_word' id='word_1_243' title='bbox 164 3274 262 3314; x_wconf 87' lang='lat' dir='ltr'><strong>nec</strong></span> <span class='ocrx_word' id='word_1_244' title='bbox 284 3261 455 3316; x_wconf 85' lang='lat' dir='ltr'><strong>solus.</strong></span> 
     </span>
    </p>
   </div>
   <div class='ocr_carea' id='block_1_36' title="bbox 233 3349 1747 3432">
    <p class='ocr_par' dir='ltr' id='par_1_36' title="bbox 233 3349 1747 3432">
     <span class='ocr_line' id='line_1_36' title="bbox 233 3349 1747 3432; baseline 0.009 -27"><span class='ocrx_word' id='word_1_245' title='bbox 233 3349 301 3405; x_wconf 78' lang='grc' dir='ltr'><strong>Χ.</strong></span> <span class='ocrx_word' id='word_1_246' title='bbox 334 3350 435 3407; x_wconf 88' lang='lat' dir='ltr'><strong>Sed</strong></span> <span class='ocrx_word' id='word_1_247' title='bbox 460 3352 602 3410; x_wconf 90' lang='lat' dir='ltr'><strong>dicis</strong></span> <span class='ocrx_word' id='word_1_248' title='bbox 633 3371 647 3407; x_wconf 88' lang='lat'><strong>:</strong></span> <span class='ocrx_word' id='word_1_249' title='bbox 678 3353 871 3411; x_wconf 84' lang='lat' dir='ltr'><strong>Nullus</strong></span> <span class='ocrx_word' id='word_1_250' title='bbox 902 3370 988 3412; x_wconf 92' lang='lat' dir='ltr'><strong>me</strong></span> <span class='ocrx_word' id='word_1_251' title='bbox 1018 3356 1087 3413; x_wconf 91' lang='lat' dir='ltr'><strong>de</strong></span> <span class='ocrx_word' id='word_1_252' title='bbox 1117 3372 1236 3413; x_wconf 89' lang='lat' dir='ltr'><strong>mea</strong></span> <span class='ocrx_word' id='word_1_253' title='bbox 1263 3357 1606 3416; x_wconf 90' lang='lat' dir='ltr'><strong>desolatione</strong></span> <span class='ocrx_word' id='word_1_254' title='bbox 1637 3360 1747 3432; x_wconf 82' lang='grc' dir='ltr'><strong>ΙΛΙ.</strong></span> 
     </span>
    </p>
   </div>
   <div class='ocr_carea' id='block_1_37' title="bbox 162 3445 1751 3520">
    <p class='ocr_par' dir='ltr' id='par_1_37' title="bbox 162 3445 1751 3520">
     <span class='ocr_line' id='line_1_37' title="bbox 162 3445 1751 3520; baseline 0.008 -23"><span class='ocrx_word' id='word_1_255' title='bbox 162 3445 550 3518; x_wconf 85' lang='lat' dir='ltr'><strong>consolatione]</strong></span> <span class='ocrx_word' id='word_1_256' title='bbox 596 3450 795 3504; x_wconf 86' lang='lat' dir='ltr'><strong>mentis</strong></span> <span class='ocrx_word' id='word_1_257' title='bbox 840 3464 1011 3520; x_wconf 88' lang='lat' dir='ltr'><strong>angor</strong></span> <span class='ocrx_word' id='word_1_258' title='bbox 1039 3451 1319 3507; x_wconf 78' lang='lat' dir='ltr'><strong>exulcerat</strong></span> <span class='ocrx_word' id='word_1_259' title='bbox 1352 3469 1366 3506; x_wconf 93' lang='lat'><strong>:</strong></span> <span class='ocrx_word' id='word_1_260' title='bbox 1397 3454 1492 3508; x_wconf 87' lang='lat' dir='ltr'><strong>sed</strong></span> <span class='ocrx_word' id='word_1_261' title='bbox 1526 3470 1624 3520; x_wconf 91' lang='lat' dir='ltr'><strong>pro</strong></span> <span class='ocrx_word' id='word_1_262' title='bbox 1653 3455 1751 3510; x_wconf 87' lang='lat' dir='ltr'><strong>de-</strong></span> 
     </span>
    </p>
   </div>
   <div class='ocr_carea' id='block_1_38' title="bbox 164 3536 1746 3608">
    <p class='ocr_par' dir='ltr' id='par_1_38' title="bbox 164 3536 1746 3608">
     <span class='ocr_line' id='line_1_38' title="bbox 164 3536 1746 3608; baseline 0.008 -18"><span class='ocrx_word' id='word_1_263' title='bbox 164 3536 362 3593; x_wconf 88' lang='lat' dir='ltr'><strong>relictis</strong></span> <span class='ocrx_word' id='word_1_264' title='bbox 394 3539 635 3608; x_wconf 80' lang='lat' dir='ltr'><strong>parvulis</strong></span> <span class='ocrx_word' id='word_1_265' title='bbox 665 3542 967 3606; x_wconf 87' lang='lat' dir='ltr'><strong>morientis,</strong></span> <span class='ocrx_word' id='word_1_266' title='bbox 1007 3542 1361 3600; x_wconf 89' lang='lat' dir='ltr'><strong>humanitatis</strong></span> <span class='ocrx_word' id='word_1_267' title='bbox 1391 3546 1615 3602; x_wconf 80' lang='lat' dir='ltr'><strong>aﬂ&#39;ectus</strong></span> <span class='ocrx_word' id='word_1_268' title='bbox 1639 3548 1746 3604; x_wconf 90' lang='lat' dir='ltr'><strong>im-</strong></span> 
     </span>
    </p>
   </div>
   <div class='ocr_carea' id='block_1_39' title="bbox 160 3631 1741 3712">
    <p class='ocr_par' dir='ltr' id='par_1_39' title="bbox 160 3631 1741 3712">
     <span class='ocr_line' id='line_1_39' title="bbox 160 3631 1741 3712; baseline 0.01 -29"><span class='ocrx_word' id='word_1_269' title='bbox 160 3631 350 3698; x_wconf 86' lang='lat' dir='ltr'><strong>pulsat.</strong></span> <span class='ocrx_word' id='word_1_270' title='bbox 381 3632 491 3689; x_wconf 79' lang='lat' dir='ltr'><strong>Nec</strong></span> <span class='ocrx_word' id='word_1_271' title='bbox 534 3633 661 3689; x_wconf 86' lang='lat' dir='ltr'><strong>licet</strong></span> <span class='ocrx_word' id='word_1_272' title='bbox 700 3638 1034 3692; x_wconf 89' lang='lat' dir='ltr'><strong>commoveri</strong></span> <span class='ocrx_word' id='word_1_273' title='bbox 1076 3636 1316 3694; x_wconf 89' lang='lat' dir='ltr'><strong>animum</strong></span> <span class='ocrx_word' id='word_1_274' title='bbox 1347 3638 1741 3712; x_wconf 83' lang='lat' dir='ltr'><strong>Christianum,</strong></span> 
     </span>
    </p>
   </div>
   <div class='ocr_carea' id='block_1_40' title="bbox 162 3724 1744 3801">
    <p class='ocr_par' dir='ltr' id='par_1_40' title="bbox 162 3724 1744 3801">
     <span class='ocr_line' id='line_1_40' title="bbox 162 3724 1744 3801; baseline 0.011 -26"><span class='ocrx_word' id='word_1_275' title='bbox 162 3737 224 3776; x_wconf 76' lang='lat' dir='ltr'><strong>ae</strong></span> <span class='ocrx_word' id='word_1_276' title='bbox 253 3736 437 3778; x_wconf 84' lang='lat' dir='ltr'><strong>contra</strong></span> <span class='ocrx_word' id='word_1_277' title='bbox 466 3724 671 3781; x_wconf 88' lang='lat' dir='ltr'><strong>Christi</strong></span> <span class='ocrx_word' id='word_1_278' title='bbox 705 3728 930 3796; x_wconf 88' lang='lat' dir='ltr'><strong>imperia</strong></span> <span class='ocrx_word' id='word_1_279' title='bbox 978 3729 1297 3787; x_wconf 87' lang='lat' dir='ltr'><strong>reluctetur.</strong></span> <span class='ocrx_word' id='word_1_280' title='bbox 1340 3732 1478 3801; x_wconf 86' lang='lat' dir='ltr'><strong>Quid</strong></span> <span class='ocrx_word' id='word_1_281' title='bbox 1514 3735 1744 3792; x_wconf 87' lang='lat' dir='ltr'><strong>interest</strong></span> 
     </span>
    </p>
   </div>
   <div class='ocr_carea' id='block_1_41' title="bbox 160 3817 1738 3893">
    <p class='ocr_par' dir='ltr' id='par_1_41' title="bbox 160 3817 1738 3893">
     <span class='ocr_line' id='line_1_41' title="bbox 160 3817 1738 3893; baseline 0.012 -27"><span class='ocrx_word' id='word_1_282' title='bbox 160 3817 604 3889; x_wconf 87' lang='lat' dir='ltr'><strong>quandocumque</strong></span> <span class='ocrx_word' id='word_1_283' title='bbox 648 3829 703 3875; x_wconf 91' lang='lat' dir='ltr'><strong>et</strong></span> <span class='ocrx_word' id='word_1_284' title='bbox 751 3820 1175 3893; x_wconf 84' lang='lat' dir='ltr'><strong>qualescumque</strong></span> <span class='ocrx_word' id='word_1_285' title='bbox 1228 3824 1368 3878; x_wconf 87' lang='lat' dir='ltr'><strong>tilios</strong></span> <span class='ocrx_word' id='word_1_286' title='bbox 1419 3825 1738 3884; x_wconf 88' lang='lat' dir='ltr'><strong>dimisisse:</strong></span> 
     </span>
    </p>
   </div>
   <div class='ocr_carea' id='block_1_42' title="bbox 158 3908 1735 3993">
    <p class='ocr_par' dir='ltr' id='par_1_42' title="bbox 158 3908 1735 3993">
     <span class='ocr_line' id='line_1_42' title="bbox 158 3908 1735 3993; baseline 0.011 -34"><span class='ocrx_word' id='word_1_287' title='bbox 158 3921 282 3975; x_wconf 88' lang='lat' dir='ltr'><strong>quos</strong></span> <span class='ocrx_word' id='word_1_288' title='bbox 306 3908 561 3977; x_wconf 89' lang='lat' dir='ltr'><strong>jubetnur</strong></span> <span class='ocrx_word' id='word_1_289' title='bbox 608 3926 639 3965; x_wconf 89' lang='lat' dir='ltr'><strong>a</strong></span> <span class='ocrx_word' id='word_1_290' title='bbox 698 3911 927 3993; x_wconf 62' lang='lat' dir='ltr'><strong>D.omino</strong></span> <span class='ocrx_word' id='word_1_291' title='bbox 955 3929 1118 3969; x_wconf 89' lang='lat' dir='ltr'><strong>causa</strong></span> <span class='ocrx_word' id='word_1_292' title='bbox 1170 3914 1478 3991; x_wconf 80' lang='lat' dir='ltr'><strong>devotionis</strong></span> <span class='ocrx_word' id='word_1_293' title='bbox 1515 3920 1735 3976; x_wconf 89' lang='lat' dir='ltr'><strong>odisse:</strong></span> 
     </span>
    </p>
   </div>
   <div class='ocr_carea' id='block_1_43' title="bbox 159 3997 1738 4066">
    <p class='ocr_par' dir='ltr' id='par_1_43' title="bbox 159 3997 1738 4066">
     <span class='ocr_line' id='line_1_43' title="bbox 159 3997 1738 4066; baseline 0.009 -15"><span class='ocrx_word' id='word_1_294' title='bbox 159 3997 336 4054; x_wconf 81' lang='lat' dir='ltr'><strong>Melius</strong></span> <span class='ocrx_word' id='word_1_295' title='bbox 366 4016 511 4055; x_wconf 92' lang='lat' dir='ltr'><strong>nunc</strong></span> <span class='ocrx_word' id='word_1_296' title='bbox 539 4004 743 4057; x_wconf 90' lang='lat' dir='ltr'><strong>salvam</strong></span> <span class='ocrx_word' id='word_1_297' title='bbox 776 4006 1011 4060; x_wconf 87' lang='lat' dir='ltr'><strong>animam</strong></span> <span class='ocrx_word' id='word_1_298' title='bbox 1052 4021 1205 4061; x_wconf 88' lang='lat' dir='ltr'><strong>suam</strong></span> <span class='ocrx_word' id='word_1_299' title='bbox 1254 4009 1489 4063; x_wconf 86' lang='lat' dir='ltr'><strong>moriens</strong></span> <span class='ocrx_word' id='word_1_300' title='bbox 1533 4009 1738 4066; x_wconf 85' lang='lat' dir='ltr'><strong>dereli-</strong></span> 
     </span>
    </p>
   </div>
   <div class='ocr_carea' id='block_1_44' title="bbox 157 4092 1738 4168">
    <p class='ocr_par' dir='ltr' id='par_1_44' title="bbox 157 4092 1738 4168">
     <span class='ocr_line' id='line_1_44' title="bbox 157 4092 1738 4168; baseline 0.01 -24"><span class='ocrx_word' id='word_1_301' title='bbox 157 4092 259 4160; x_wconf 90' lang='lat' dir='ltr'><strong>quit</strong></span> <span class='ocrx_word' id='word_1_302' title='bbox 290 4092 342 4147; x_wconf 89' lang='lat' dir='ltr'><strong>in</strong></span> <span class='ocrx_word' id='word_1_303' title='bbox 373 4109 504 4164; x_wconf 83' lang='lat' dir='ltr'><strong>pace</strong></span> <span class='ocrx_word' id='word_1_304' title='bbox 537 4113 550 4144; x_wconf 92' lang='lat'><strong>:</strong></span> <span class='ocrx_word' id='word_1_305' title='bbox 581 4112 649 4151; x_wconf 87' lang='lat' dir='ltr'><strong>ne</strong></span> <span class='ocrx_word' id='word_1_306' title='bbox 681 4099 733 4151; x_wconf 92' lang='lat' dir='ltr'><strong>in</strong></span> <span class='ocrx_word' id='word_1_307' title='bbox 767 4101 1149 4168; x_wconf 88' lang='lat' dir='ltr'><strong>persecutione</strong></span> <span class='ocrx_word' id='word_1_308' title='bbox 1185 4099 1459 4156; x_wconf 88' lang='lat' dir='ltr'><strong>dimittere</strong></span> <span class='ocrx_word' id='word_1_309' title='bbox 1486 4117 1609 4158; x_wconf 90' lang='lat' dir='ltr'><strong>cum</strong></span> <span class='ocrx_word' id='word_1_310' title='bbox 1639 4121 1738 4160; x_wconf 91' lang='lat' dir='ltr'><strong>suo</strong></span> 
     </span>
    </p>
   </div>
   <div class='ocr_carea' id='block_1_45' title="bbox 157 4184 1735 4266">
    <p class='ocr_par' dir='ltr' id='par_1_45' title="bbox 157 4184 1735 4266">
     <span class='ocr_line' id='line_1_45' title="bbox 157 4184 1735 4266; baseline 0.011 -30"><span class='ocrx_word' id='word_1_311' title='bbox 157 4184 361 4240; x_wconf 87' lang='lat' dir='ltr'><strong>interitu</strong></span> <span class='ocrx_word' id='word_1_312' title='bbox 402 4202 514 4242; x_wconf 89' lang='lat' dir='ltr'><strong>non</strong></span> <span class='ocrx_word' id='word_1_313' title='bbox 564 4188 787 4246; x_wconf 84' lang='lat' dir='ltr'><strong>valeret.</strong></span> <span class='ocrx_word' id='word_1_314' title='bbox 831 4191 969 4263; x_wconf 89' lang='lat' dir='ltr'><strong>Ipsis</strong></span> <span class='ocrx_word' id='word_1_315' title='bbox 1013 4192 1365 4249; x_wconf 76' lang='lat' dir='ltr'><strong>auxiliabitur</strong></span> <span class='ocrx_word' id='word_1_316' title='bbox 1405 4194 1458 4249; x_wconf 91' lang='lat' dir='ltr'><strong>in</strong></span> <span class='ocrx_word' id='word_1_317' title='bbox 1509 4198 1735 4266; x_wconf 89' lang='lat' dir='ltr'><strong>mundo,</strong></span> 
     </span>
    </p>
   </div>
   <div class='ocr_carea' id='block_1_46' title="bbox 153 4284 1737 4358">
    <p class='ocr_par' dir='ltr' id='par_1_46' title="bbox 153 4284 1737 4358">
     <span class='ocr_line' id='line_1_46' title="bbox 153 4284 1737 4358; baseline 0.013 -29"><span class='ocrx_word' id='word_1_318' title='bbox 153 4290 367 4344; x_wconf 90' lang='lat' dir='ltr'><strong>quorum</strong></span> <span class='ocrx_word' id='word_1_319' title='bbox 400 4287 632 4337; x_wconf 86' lang='lat' dir='ltr'><strong>matrem</strong></span> <span class='ocrx_word' id='word_1_320' title='bbox 679 4284 841 4338; x_wconf 77' lang='lat' dir='ltr'><strong>habet</strong></span> <span class='ocrx_word' id='word_1_321' title='bbox 870 4286 924 4339; x_wconf 92' lang='lat' dir='ltr'><strong>in</strong></span> <span class='ocrx_word' id='word_1_322' title='bbox 952 4289 1112 4342; x_wconf 73' lang='lat' dir='ltr'><strong>cmlo.</strong></span> <span class='ocrx_word' id='word_1_323' title='bbox 1139 4287 1206 4341; x_wconf 81' lang='lat' dir='ltr'><strong>Et</strong></span> <span class='ocrx_word' id='word_1_324' title='bbox 1231 4288 1323 4358; x_wconf 88' lang='lat' dir='ltr'><strong>qui</strong></span> <span class='ocrx_word' id='word_1_325' title='bbox 1353 4290 1512 4345; x_wconf 90' lang='lat' dir='ltr'><strong>matri</strong></span> <span class='ocrx_word' id='word_1_326' title='bbox 1540 4291 1737 4349; x_wconf 88' lang='lat' dir='ltr'><strong>subve-</strong></span> 
     </span>
    </p>
   </div>
   <div class='ocr_carea' id='block_1_47' title="bbox 153 4369 990 4435">
    <p class='ocr_par' dir='ltr' id='par_1_47' title="bbox 153 4369 990 4435">
     <span class='ocr_line' id='line_1_47' title="bbox 153 4369 990 4435; baseline 0.01 -12"><span class='ocrx_word' id='word_1_327' title='bbox 153 4369 235 4435; x_wconf 88' lang='lat' dir='ltr'><strong>nit,</strong></span> <span class='ocrx_word' id='word_1_328' title='bbox 266 4381 321 4425; x_wconf 87' lang='lat' dir='ltr'><strong>et</strong></span> <span class='ocrx_word' id='word_1_329' title='bbox 353 4371 483 4429; x_wconf 83' lang='lat' dir='ltr'><strong>ﬁliis</strong></span> <span class='ocrx_word' id='word_1_330' title='bbox 509 4385 660 4429; x_wconf 87' lang='lat' dir='ltr'><strong>certe</strong></span> <span class='ocrx_word' id='word_1_331' title='bbox 689 4388 990 4433; x_wconf 82' lang='lat' dir='ltr'><strong>succurret.</strong></span> 
     </span>
    </p>
   </div>
   <div class='ocr_carea' id='block_1_48' title="bbox 209 4464 1727 4543">
    <p class='ocr_par' dir='ltr' id='par_1_48' title="bbox 209 4464 1727 4543">
     <span class='ocr_line' id='line_1_48' title="bbox 209 4464 1727 4543; baseline 0.013 -25"><span class='ocrx_word' id='word_1_332' title='bbox 209 4464 293 4520; x_wconf 79' lang='lat' dir='ltr'><strong>XI.</strong></span> <span class='ocrx_word' id='word_1_333' title='bbox 334 4465 622 4523; x_wconf 70' lang='lat' dir='ltr'><strong>Posucmo</strong></span> <span class='ocrx_word' id='word_1_334' title='bbox 652 4470 799 4539; x_wconf 90' lang='lat' dir='ltr'><strong>vide,</strong></span> <span class='ocrx_word' id='word_1_335' title='bbox 842 4472 885 4525; x_wconf 87' lang='lat' dir='ltr'><strong>si</strong></span> <span class='ocrx_word' id='word_1_336' title='bbox 910 4472 1113 4543; x_wconf 88' lang='lat' dir='ltr'><strong>aliquid</strong></span> <span class='ocrx_word' id='word_1_337' title='bbox 1138 4475 1332 4531; x_wconf 85' lang='lat' dir='ltr'><strong>debeat</strong></span> <span class='ocrx_word' id='word_1_338' title='bbox 1358 4477 1537 4535; x_wconf 91' lang='lat' dir='ltr'><strong>dolori</strong></span> <span class='ocrx_word' id='word_1_339' title='bbox 1589 4496 1727 4537; x_wconf 90' lang='lat' dir='ltr'><strong>con-</strong></span> 
     </span>
    </p>
   </div>
   <div class='ocr_carea' id='block_1_49' title="bbox 1907 469 3508 541">
    <p class='ocr_par' dir='ltr' id='par_1_49' title="bbox 1907 469 3508 541">
     <span class='ocr_line' id='line_1_49' title="bbox 1907 469 3508 541; baseline 0.009 -18"><span class='ocrx_word' id='word_1_340' title='bbox 1907 469 2150 537; x_wconf 89' lang='lat' dir='ltr'><strong>nedicte,</strong></span> <span class='ocrx_word' id='word_1_341' title='bbox 2180 486 2278 541; x_wconf 92' lang='lat' dir='ltr'><strong>pro</strong></span> <span class='ocrx_word' id='word_1_342' title='bbox 2304 471 2575 529; x_wconf 89' lang='lat' dir='ltr'><strong>charitate</strong></span> <span class='ocrx_word' id='word_1_343' title='bbox 2600 478 2873 531; x_wconf 88' lang='lat' dir='ltr'><strong>communi</strong></span> <span class='ocrx_word' id='word_1_344' title='bbox 2902 480 3199 535; x_wconf 88' lang='lat' dir='ltr'><strong>transmisi.</strong></span> <span class='ocrx_word' id='word_1_345' title='bbox 3232 480 3508 538; x_wconf 66' lang='lat' dir='ltr'><strong>Caeterum</strong></span> 
     </span>
    </p>
   </div>
   <div class='ocr_carea' id='block_1_50' title="bbox 1908 562 3506 632">
    <p class='ocr_par' dir='ltr' id='par_1_50' title="bbox 1908 562 3506 632">
     <span class='ocr_line' id='line_1_50' title="bbox 1908 562 3506 632; baseline 0.01 -17"><span class='ocrx_word' id='word_1_346' title='bbox 1908 562 2026 616; x_wconf 91' lang='lat' dir='ltr'><strong>scio</strong></span> <span class='ocrx_word' id='word_1_347' title='bbox 2051 571 2102 618; x_wconf 86' lang='lat' dir='ltr'><strong>te</strong></span> <span class='ocrx_word' id='word_1_348' title='bbox 2132 563 2317 619; x_wconf 88' lang='lat' dir='ltr'><strong>valere</strong></span> <span class='ocrx_word' id='word_1_349' title='bbox 2336 607 2350 632; x_wconf 86' lang='lat'><strong>,</strong></span> <span class='ocrx_word' id='word_1_350' title='bbox 2383 565 2523 620; x_wconf 91' lang='lat' dir='ltr'><strong>alios</strong></span> <span class='ocrx_word' id='word_1_351' title='bbox 2544 567 2847 624; x_wconf 87' lang='lat' dir='ltr'><strong>consolari.</strong></span> <span class='ocrx_word' id='word_1_352' title='bbox 2875 569 3027 625; x_wconf 92' lang='lat' dir='ltr'><strong>Tunc</strong></span> <span class='ocrx_word' id='word_1_353' title='bbox 3052 572 3262 628; x_wconf 88' lang='lat' dir='ltr'><strong>orbitas</strong></span> <span class='ocrx_word' id='word_1_354' title='bbox 3290 590 3396 629; x_wconf 91' lang='lat' dir='ltr'><strong>non</strong></span> <span class='ocrx_word' id='word_1_355' title='bbox 3420 574 3506 631; x_wconf 83' lang='lat' dir='ltr'><strong>itt-</strong></span> 
     </span>
    </p>
   </div>
   <div class='ocr_carea' id='block_1_51' title="bbox 1905 656 3506 730">
    <p class='ocr_par' dir='ltr' id='par_1_51' title="bbox 1905 656 3506 730">
     <span class='ocr_line' id='line_1_51' title="bbox 1905 656 3506 730; baseline 0.011 -21"><span class='ocrx_word' id='word_1_356' title='bbox 1905 656 2086 711; x_wconf 78' lang='lat' dir='ltr'><strong>venict</strong></span> <span class='ocrx_word' id='word_1_357' title='bbox 2110 659 2530 730; x_wconf 82' lang='lat' dir='ltr'><strong>penetrabilem,</strong></span> <span class='ocrx_word' id='word_1_358' title='bbox 2559 661 2605 716; x_wconf 88' lang='lat' dir='ltr'><strong>si</strong></span> <span class='ocrx_word' id='word_1_359' title='bbox 2631 662 2771 719; x_wconf 87' lang='lat' dir='ltr'><strong>alios</strong></span> <span class='ocrx_word' id='word_1_360' title='bbox 2800 672 2988 720; x_wconf 85' lang='lat' dir='ltr'><strong>contra</strong></span> <span class='ocrx_word' id='word_1_361' title='bbox 3011 665 3160 721; x_wconf 89' lang='lat' dir='ltr'><strong>illam</strong></span> <span class='ocrx_word' id='word_1_362' title='bbox 3193 684 3301 724; x_wconf 93' lang='lat' dir='ltr'><strong>non</strong></span> <span class='ocrx_word' id='word_1_363' title='bbox 3323 684 3506 727; x_wconf 82' lang='lat' dir='ltr'><strong>cesses</strong></span> 
     </span>
    </p>
   </div>
   <div class='ocr_carea' id='block_1_52' title="bbox 1902 747 2520 823">
    <p class='ocr_par' dir='ltr' id='par_1_52' title="bbox 1902 747 2520 823">
     <span class='ocr_line' id='line_1_52' title="bbox 1902 747 2520 823; baseline 0.013 -24"><span class='ocrx_word' id='word_1_364' title='bbox 1902 761 2117 803; x_wconf 85' lang='lat' dir='ltr'><strong>armare</strong></span> <span class='ocrx_word' id='word_1_365' title='bbox 2145 747 2251 820; x_wconf 81' lang='grc' dir='ltr'><strong>[ΑΙ.</strong></span> <span class='ocrx_word' id='word_1_366' title='bbox 2282 751 2520 823; x_wconf 90' lang='lat' dir='ltr'><strong>amare].</strong></span> 
     </span>
    </p>
   </div>
   <div class='ocr_carea' id='block_1_53' title="bbox 2058 884 3349 965">
    <p class='ocr_par' dir='ltr' id='par_1_53' title="bbox 2058 884 3349 965">
     <span class='ocr_line' id='line_1_53' title="bbox 2058 884 3349 965; baseline 0.012 -28"><span class='ocrx_word' id='word_1_367' title='bbox 2058 884 2372 944; x_wconf 76' lang='lat' dir='ltr'><strong>MONITUM</strong></span> <span class='ocrx_word' id='word_1_368' title='bbox 2398 888 2464 944; x_wconf 83' lang='lat' dir='ltr'><strong>IN</strong></span> <span class='ocrx_word' id='word_1_369' title='bbox 2491 889 2882 957; x_wconf 81' lang='lat' dir='ltr'><strong>EPISTOLAM</strong></span> <span class='ocrx_word' id='word_1_370' title='bbox 2906 893 3349 965; x_wconf 77' lang='lat' dir='ltr'><strong>SEQUENTEM.</strong></span> 
     </span>
    </p>
   </div>
   <div class='ocr_carea' id='block_1_54' title="bbox 1970 998 3499 1084">
    <p class='ocr_par' dir='ltr' id='par_1_54' title="bbox 1970 998 3499 1084">
     <span class='ocr_line' id='line_1_54' title="bbox 1970 998 3499 1084; baseline 0.014 -34"><span class='ocrx_word' id='word_1_371' title='bbox 1970 998 2229 1084; x_wconf 45' lang='lat' dir='ltr'><strong>Erasmus.</strong></span> <span class='ocrx_word' id='word_1_372' title='bbox 2253 1004 2329 1084; x_wconf 66' lang='lat' dir='ltr'><strong>ait</strong></span> <span class='ocrx_word' id='word_1_373' title='bbox 2355 1020 2375 1057; x_wconf 89' lang='lat'><strong>:</strong></span> <span class='ocrx_word' id='word_1_374' title='bbox 2410 1004 2535 1059; x_wconf 63' lang='lat' dir='ltr'><strong>llaec</strong></span> <span class='ocrx_word' id='word_1_375' title='bbox 2568 1004 2622 1061; x_wconf 87' lang='lat' dir='ltr'><strong>in</strong></span> <span class='ocrx_word' id='word_1_376' title='bbox 2652 1009 2963 1084; x_wconf 68' lang='lat' dir='ltr'><strong>quibusdam</strong></span> <span class='ocrx_word' id='word_1_377' title='bbox 2990 1015 3372 1084; x_wconf 67' lang='lat' dir='ltr'><strong>exemplaribus</strong></span> <span class='ocrx_word' id='word_1_378' title='bbox 3415 1017 3499 1071; x_wconf 83' lang='lat' dir='ltr'><strong>itt-</strong></span> 
     </span>
    </p>
   </div>
   <div class='ocr_carea' id='block_1_55' title="bbox 1893 1069 3507 1143">
    <p class='ocr_par' dir='ltr' id='par_1_55' title="bbox 1893 1069 3507 1143">
     <span class='ocr_line' id='line_1_55' title="bbox 1893 1069 3507 1143; baseline 0.015 -25"><span class='ocrx_word' id='word_1_379' title='bbox 1893 1069 2229 1143; x_wconf 68' lang='lat' dir='ltr'><strong>scribiturad</strong></span> <span class='ocrx_word' id='word_1_380' title='bbox 2280 1072 2541 1131; x_wconf 83' lang='lat' dir='ltr'><strong>Oceanum</strong></span> <span class='ocrx_word' id='word_1_381' title='bbox 2568 1094 2587 1131; x_wconf 86' lang='lat'><strong>.&#39;</strong></span> <span class='ocrx_word' id='word_1_382' title='bbox 2619 1069 2793 1134; x_wconf 78' lang='lat' dir='ltr'><strong>vérum</strong></span> <span class='ocrx_word' id='word_1_383' title='bbox 2821 1069 3158 1138; x_wconf 56' lang='lat' dir='ltr'><strong>Itomitiaruu&#39;t</strong></span> <span class='ocrx_word' id='word_1_384' title='bbox 3189 1104 3331 1141; x_wconf 84' lang='lat' dir='ltr'><strong>more</strong></span> <span class='ocrx_word' id='word_1_385' title='bbox 3368 1088 3507 1143; x_wconf 83' lang='lat' dir='ltr'><strong>desi-</strong></span> 
     </span>
    </p>
   </div>
   <div class='ocr_carea' id='block_1_56' title="bbox 1892 1140 3503 1231">
    <p class='ocr_par' dir='ltr' id='par_1_56' title="bbox 1892 1140 3503 1231">
     <span class='ocr_line' id='line_1_56' title="bbox 1892 1140 3503 1231; baseline 0.016 -43"><span class='ocrx_word' id='word_1_386' title='bbox 1892 1141 1992 1231; x_wconf 45' lang='lat' dir='ltr'><strong>nit;</strong></span> <span class='ocrx_word' id='word_1_387' title='bbox 2020 1140 2173 1223; x_wconf 74' lang='lat' dir='ltr'><strong>Sapit</strong></span> <span class='ocrx_word' id='word_1_388' title='bbox 2203 1144 2440 1199; x_wconf 85' lang='lat' dir='ltr'><strong>eumdem</strong></span> <span class='ocrx_word' id='word_1_389' title='bbox 2493 1159 2776 1231; x_wconf 68' lang='lat' dir='ltr'><strong>auctorem,</strong></span> <span class='ocrx_word' id='word_1_390' title='bbox 2807 1158 2955 1231; x_wconf 71' lang='lat' dir='ltr'><strong>cujus</strong></span> <span class='ocrx_word' id='word_1_391' title='bbox 2999 1167 3075 1231; x_wconf 76' lang='lat' dir='ltr'><strong>est</strong></span> <span class='ocrx_word' id='word_1_392' title='bbox 3124 1140 3503 1231; x_wconf 77' lang='lat' dir='ltr'><strong>superiorepi-</strong></span> 
     </span>
    </p>
   </div>
   <div class='ocr_carea' id='block_1_57' title="bbox 1889 1210 3502 1300">
    <p class='ocr_par' dir='ltr' id='par_1_57' title="bbox 1889 1210 3502 1300">
     <span class='ocr_line' id='line_1_57' title="bbox 1889 1210 3502 1300; baseline 0.017 -41"><span class='ocrx_word' id='word_1_393' title='bbox 1889 1210 2048 1300; x_wconf 51' lang='lat' dir='ltr'><strong>sf&#39;ola,</strong></span> <span class='ocrx_word' id='word_1_394' title='bbox 2067 1210 2272 1300; x_wconf 74' lang='lat' dir='ltr'><strong>quippe</strong></span> <span class='ocrx_word' id='word_1_395' title='bbox 2292 1231 2387 1269; x_wconf 85' lang='lat' dir='ltr'><strong>nec</strong></span> <span class='ocrx_word' id='word_1_396' title='bbox 2408 1219 2635 1286; x_wconf 82' lang='lat' dir='ltr'><strong>erudita,</strong></span> <span class='ocrx_word' id='word_1_397' title='bbox 2662 1210 2887 1279; x_wconf 49' lang='lat' dir='ltr'><strong>rtec&#39;ullo</strong></span> <span class='ocrx_word' id='word_1_398' title='bbox 2916 1229 3070 1282; x_wconf 85' lang='lat' dir='ltr'><strong>modo</strong></span> <span class='ocrx_word' id='word_1_399' title='bbox 3096 1210 3502 1300; x_wconf 32' lang='lat' dir='ltr'><strong>spirans-pectus</strong></span> 
     </span>
    </p>
   </div>
   <div class='ocr_carea' id='block_1_58' title="bbox 1892 1278 2387 1355">
    <p class='ocr_par' dir='ltr' id='par_1_58' title="bbox 1892 1278 2387 1355">
     <span class='ocr_line' id='line_1_58' title="bbox 1892 1278 2387 1355; baseline 0.02 -22"><span class='ocrx_word' id='word_1_400' title='bbox 1892 1278 2387 1355; x_wconf 45' lang='lat' dir='ltr'><strong>llieron&#39;ymi&#39;anum.</strong></span> 
     </span>
    </p>
   </div>
   <div class='ocr_carea' id='block_1_59' title="bbox 2426 1382 2946 1446">
    <p class='ocr_par' dir='ltr' id='par_1_59' title="bbox 2426 1382 2946 1446">
     <span class='ocr_line' id='line_1_59' title="bbox 2426 1382 2946 1446; baseline 0.013 -9"><span class='ocrx_word' id='word_1_401' title='bbox 2426 1382 2762 1442; x_wconf 80' lang='lat' dir='ltr'><strong>EPISTOLA</strong></span> <span class='ocrx_word' id='word_1_402' title='bbox 2811 1386 2946 1446; x_wconf 81' lang='lat' dir='ltr'><strong>XLI.</strong></span> 
     </span>
    </p>
   </div>
   <div class='ocr_carea' id='block_1_60' title="bbox 1952 1485 3413 1549">
    <p class='ocr_par' dir='ltr' id='par_1_60' title="bbox 1952 1485 3413 1549">
     <span class='ocr_line' id='line_1_60' title="bbox 1952 1485 3413 1549; baseline 0.016 -24"><span class='ocrx_word' id='word_1_403' title='bbox 1952 1486 2022 1525; x_wconf 80' lang='grc' dir='ltr'><strong>ΔΙ)</strong></span> <span class='ocrx_word' id='word_1_404' title='bbox 2052 1485 2302 1531; x_wconf 63' lang='grc' dir='ltr'><strong>οεελκσι</strong></span> <span class='ocrx_word' id='word_1_405' title='bbox 2328 1492 2397 1532; x_wconf 72' lang='grc' dir='ltr'><strong>ΒΕ</strong></span> <span class='ocrx_word' id='word_1_406' title='bbox 2427 1493 2684 1537; x_wconf 72' lang='grc' dir='ltr'><strong>ΙἙΒΕΝΒΙδ</strong></span> <span class='ocrx_word' id='word_1_407' title='bbox 2712 1497 3019 1542; x_wconf 73' lang='lat' dir='ltr'><strong>OPPBOBRIIS</strong></span> <span class='ocrx_word' id='word_1_408' title='bbox 3043 1503 3413 1549; x_wconf 71' lang='lat' dir='ltr'><strong>HORTATORIA.</strong></span> 
     </span>
    </p>
   </div>
   <div class='ocr_carea' id='block_1_61' title="bbox 1951 1607 3479 1697">
    <p class='ocr_par' dir='ltr' id='par_1_61' title="bbox 1951 1607 3479 1697">
     <span class='ocr_line' id='line_1_61' title="bbox 1951 1607 3479 1697; baseline 0.011 -35"><span class='ocrx_word' id='word_1_409' title='bbox 1951 1607 1991 1662; x_wconf 86' lang='grc' dir='ltr'><strong>Ι.</strong></span> <span class='ocrx_word' id='word_1_410' title='bbox 2035 1610 2383 1670; x_wconf 86' lang='lat' dir='ltr'><strong>Diversorum</strong></span> <span class='ocrx_word' id='word_1_411' title='bbox 2411 1618 2707 1686; x_wconf 89' lang='lat' dir='ltr'><strong>opprobria</strong></span> <span class='ocrx_word' id='word_1_412' title='bbox 2727 1664 2741 1687; x_wconf 93' lang='lat'><strong>,</strong></span> <span class='ocrx_word' id='word_1_413' title='bbox 2805 1621 3186 1681; x_wconf 79' lang='lat' dir='ltr'><strong>tribulationes</strong></span> <span class='ocrx_word' id='word_1_414' title='bbox 3217 1628 3479 1697; x_wconf 69' lang='lat' dir='ltr'><strong>multipli-</strong></span> 
     </span>
    </p>
   </div>
   <div class='ocr_carea' id='block_1_62' title="bbox 1881 1705 3485 1791">
    <p class='ocr_par' dir='ltr' id='par_1_62' title="bbox 1881 1705 3485 1791">
     <span class='ocr_line' id='line_1_62' title="bbox 1881 1705 3485 1791; baseline 0.016 -38"><span class='ocrx_word' id='word_1_415' title='bbox 1881 1715 1998 1768; x_wconf 87' lang='lat' dir='ltr'><strong>ces,</strong></span> <span class='ocrx_word' id='word_1_416' title='bbox 2032 1705 2354 1772; x_wconf 87' lang='lat' dir='ltr'><strong>quihusdam</strong></span> <span class='ocrx_word' id='word_1_417' title='bbox 2406 1710 2811 1781; x_wconf 86' lang='lat' dir='ltr'><strong>insidiantibus,</strong></span> <span class='ocrx_word' id='word_1_418' title='bbox 2842 1724 2895 1770; x_wconf 90' lang='lat' dir='ltr'><strong>te</strong></span> <span class='ocrx_word' id='word_1_419' title='bbox 2926 1718 3203 1774; x_wconf 88' lang='lat' dir='ltr'><strong>sustinere</strong></span> <span class='ocrx_word' id='word_1_420' title='bbox 3232 1722 3485 1791; x_wconf 77' lang='lat' dir='ltr'><strong>cognoti.</strong></span> 
     </span>
    </p>
   </div>
   <div class='ocr_carea' id='block_1_63' title="bbox 1811 1770 3481 1883">
    <p class='ocr_par' dir='ltr' id='par_1_63' title="bbox 1811 1770 3481 1883">
     <span class='ocr_line' id='line_1_63' title="bbox 2051 1770 3481 1791; baseline 0.015 -21"><span class='ocrx_word' id='word_1_421' title='bbox 2051 1770 2061 1772; x_wconf 15' lang='grc' dir='ltr'>ἡ</span> <span class='ocrx_word' id='word_1_422' title='bbox 2798 1770 2810 1781; x_wconf 91' lang='grc'>.</span> <span class='ocrx_word' id='word_1_423' title='bbox 3237 1770 3481 1791; x_wconf 55' lang='grc' dir='ltr'><strong>ηυντ--</strong></span> 
     </span>
     <span class='ocr_line' id='line_1_64' title="bbox 1811 1770 3481 1883; baseline 0.015 -37"><span class='ocrx_word' id='word_1_424' title='bbox 1811 1770 1855 1831; x_wconf 78' lang='grc' dir='ltr'><strong><em>Β</em></strong></span> <span class='ocrx_word' id='word_1_425' title='bbox 1884 1794 2050 1863; x_wconf 82' lang='lat' dir='ltr'><strong>Cujus</strong></span> <span class='ocrx_word' id='word_1_426' title='bbox 2074 1798 2149 1851; x_wconf 88' lang='lat' dir='ltr'><strong>rei</strong></span> <span class='ocrx_word' id='word_1_427' title='bbox 2175 1814 2395 1855; x_wconf 85' lang='lat' dir='ltr'><strong>causam</strong></span> <span class='ocrx_word' id='word_1_428' title='bbox 2421 1818 2526 1857; x_wconf 90' lang='lat' dir='ltr'><strong>non</strong></span> <span class='ocrx_word' id='word_1_429' title='bbox 2556 1813 2788 1872; x_wconf 89' lang='lat' dir='ltr'><strong>tantum,</strong></span> <span class='ocrx_word' id='word_1_430' title='bbox 2815 1808 2859 1862; x_wconf 93' lang='lat' dir='ltr'><strong>si</strong></span> <span class='ocrx_word' id='word_1_431' title='bbox 2892 1808 3009 1865; x_wconf 57' lang='lat' dir='ltr'><strong>haec</strong></span> <span class='ocrx_word' id='word_1_432' title='bbox 3028 1811 3273 1879; x_wconf 81' lang='lat' dir='ltr'><strong>refellas,</strong></span> <span class='ocrx_word' id='word_1_433' title='bbox 3301 1815 3481 1883; x_wconf 86' lang='lat' dir='ltr'><strong>do&#39;eo,</strong></span> 
     </span>
    </p>
   </div>
   <div class='ocr_carea' id='block_1_64' title="bbox 1880 1893 3479 1970">
    <p class='ocr_par' dir='ltr' id='par_1_64' title="bbox 1880 1893 3479 1970">
     <span class='ocr_line' id='line_1_65' title="bbox 1880 1893 3479 1970; baseline 0.014 -29"><span class='ocrx_word' id='word_1_434' title='bbox 1880 1897 2141 1958; x_wconf 90' lang='lat' dir='ltr'><strong>quantum</strong></span> <span class='ocrx_word' id='word_1_435' title='bbox 2167 1893 2436 1960; x_wconf 89' lang='lat' dir='ltr'><strong>gratulor,</strong></span> <span class='ocrx_word' id='word_1_436' title='bbox 2468 1896 2513 1949; x_wconf 89' lang='lat' dir='ltr'><strong>si</strong></span> <span class='ocrx_word' id='word_1_437' title='bbox 2549 1896 2783 1952; x_wconf 89' lang='lat' dir='ltr'><strong>libenter</strong></span> <span class='ocrx_word' id='word_1_438' title='bbox 2808 1901 3048 1970; x_wconf 89' lang='lat' dir='ltr'><strong>excipias</strong></span> <span class='ocrx_word' id='word_1_439' title='bbox 3082 1921 3095 1956; x_wconf 86' lang='lat'><strong>:</strong></span> <span class='ocrx_word' id='word_1_440' title='bbox 3127 1905 3179 1958; x_wconf 89' lang='lat' dir='ltr'><strong>in</strong></span> <span class='ocrx_word' id='word_1_441' title='bbox 3213 1905 3313 1960; x_wconf 85' lang='lat' dir='ltr'><strong>hoc</strong></span> <span class='ocrx_word' id='word_1_442' title='bbox 3335 1910 3479 1964; x_wconf 81' lang='lat' dir='ltr'><strong>enim</strong></span> 
     </span>
    </p>
   </div>
   <div class='ocr_carea' id='block_1_65' title="bbox 1879 1980 3484 2066">
    <p class='ocr_par' dir='ltr' id='par_1_65' title="bbox 1879 1980 3484 2066">
     <span class='ocr_line' id='line_1_66' title="bbox 1879 1980 3484 2066; baseline 0.012 -32"><span class='ocrx_word' id='word_1_443' title='bbox 1879 1980 1933 2035; x_wconf 92' lang='lat' dir='ltr'><strong>in</strong></span> <span class='ocrx_word' id='word_1_444' title='bbox 1958 1982 2114 2037; x_wconf 91' lang='lat' dir='ltr'><strong>nobis</strong></span> <span class='ocrx_word' id='word_1_445' title='bbox 2142 1983 2347 2039; x_wconf 88' lang='lat' dir='ltr'><strong>Christi</strong></span> <span class='ocrx_word' id='word_1_446' title='bbox 2374 1986 2685 2043; x_wconf 90' lang='lat' dir='ltr'><strong>ostenditur</strong></span> <span class='ocrx_word' id='word_1_447' title='bbox 2711 1989 2867 2056; x_wconf 87' lang='lat' dir='ltr'><strong>tides,</strong></span> <span class='ocrx_word' id='word_1_448' title='bbox 2888 1992 3049 2047; x_wconf 88' lang='lat' dir='ltr'><strong>timor</strong></span> <span class='ocrx_word' id='word_1_449' title='bbox 3078 1996 3345 2066; x_wconf 88' lang='lat' dir='ltr'><strong>cernitur,</strong></span> <span class='ocrx_word' id='word_1_450' title='bbox 3370 2015 3484 2054; x_wconf 83' lang='lat' dir='ltr'><strong>ma-</strong></span> 
     </span>
    </p>
   </div>
   <div class='ocr_carea' id='block_1_66' title="bbox 1879 2074 3482 2163">
    <p class='ocr_par' dir='ltr' id='par_1_66' title="bbox 1879 2074 3482 2163">
     <span class='ocr_line' id='line_1_67' title="bbox 1879 2074 3482 2163; baseline 0.013 -35"><span class='ocrx_word' id='word_1_451' title='bbox 1879 2074 2166 2130; x_wconf 80' lang='lat' dir='ltr'><strong>nifestatur</strong></span> <span class='ocrx_word' id='word_1_452' title='bbox 2194 2092 2368 2145; x_wconf 89' lang='lat' dir='ltr'><strong>mors,</strong></span> <span class='ocrx_word' id='word_1_453' title='bbox 2405 2080 2449 2134; x_wconf 93' lang='lat' dir='ltr'><strong>si</strong></span> <span class='ocrx_word' id='word_1_454' title='bbox 2503 2082 2817 2151; x_wconf 83' lang='lat' dir='ltr'><strong>opprobriis</strong></span> <span class='ocrx_word' id='word_1_455' title='bbox 2855 2093 2911 2138; x_wconf 91' lang='lat' dir='ltr'><strong>et</strong></span> <span class='ocrx_word' id='word_1_456' title='bbox 2943 2088 3333 2145; x_wconf 70' lang='lat' dir='ltr'><strong>lentationiltus</strong></span> <span class='ocrx_word' id='word_1_457' title='bbox 3382 2109 3482 2163; x_wconf 91' lang='lat' dir='ltr'><strong>pro</strong></span> 
     </span>
    </p>
   </div>
   <div class='ocr_carea' id='block_1_67' title="bbox 1873 2176 3477 2246">
    <p class='ocr_par' dir='ltr' id='par_1_67' title="bbox 1873 2176 3477 2246">
     <span class='ocr_line' id='line_1_68' title="bbox 1873 2176 3477 2246; baseline 0.011 -23"><span class='ocrx_word' id='word_1_458' title='bbox 1873 2183 1975 2223; x_wconf 89' lang='lat' dir='ltr'><strong>suo</strong></span> <span class='ocrx_word' id='word_1_459' title='bbox 2004 2184 2103 2224; x_wconf 89' lang='lat' dir='ltr'><strong>nos</strong></span> <span class='ocrx_word' id='word_1_460' title='bbox 2126 2181 2405 2240; x_wconf 85' lang='lat' dir='ltr'><strong>gratanter</strong></span> <span class='ocrx_word' id='word_1_461' title='bbox 2427 2189 2618 2231; x_wconf 87' lang='lat' dir='ltr'><strong>amore</strong></span> <span class='ocrx_word' id='word_1_462' title='bbox 2647 2176 3017 2246; x_wconf 84' lang='lat' dir='ltr'><strong>snbjugemus.</strong></span> <span class='ocrx_word' id='word_1_463' title='bbox 3048 2179 3161 2237; x_wconf 86' lang='lat' dir='ltr'><strong>Nec</strong></span> <span class='ocrx_word' id='word_1_464' title='bbox 3190 2180 3293 2237; x_wconf 90' lang='lat' dir='ltr'><strong>hoc</strong></span> <span class='ocrx_word' id='word_1_465' title='bbox 3322 2185 3477 2242; x_wconf 89' lang='lat' dir='ltr'><strong>nobis</strong></span> 
     </span>
    </p>
   </div>
   <div class='ocr_carea' id='block_1_68' title="bbox 1872 2263 3482 2345">
    <p class='ocr_par' dir='ltr' id='par_1_68' title="bbox 1872 2263 3482 2345">
     <span class='ocr_line' id='line_1_69' title="bbox 1872 2263 3482 2345; baseline 0.011 -31"><span class='ocrx_word' id='word_1_466' title='bbox 1872 2263 2212 2317; x_wconf 90' lang='lat' dir='ltr'><strong>contrarium</strong></span> <span class='ocrx_word' id='word_1_467' title='bbox 2245 2264 2406 2319; x_wconf 86' lang='lat' dir='ltr'><strong>debet</strong></span> <span class='ocrx_word' id='word_1_468' title='bbox 2432 2280 2578 2333; x_wconf 83' lang='lat' dir='ltr'><strong>esse,</strong></span> <span class='ocrx_word' id='word_1_469' title='bbox 2609 2269 2706 2321; x_wconf 85' lang='lat' dir='ltr'><strong>sed</strong></span> <span class='ocrx_word' id='word_1_470' title='bbox 2732 2278 2973 2338; x_wconf 85' lang='lat' dir='ltr'><strong>gratum,</strong></span> <span class='ocrx_word' id='word_1_471' title='bbox 3008 2286 3104 2341; x_wconf 94' lang='lat' dir='ltr'><strong>pro</strong></span> <span class='ocrx_word' id='word_1_472' title='bbox 3130 2287 3221 2339; x_wconf 88' lang='lat' dir='ltr'><strong>eo,</strong></span> <span class='ocrx_word' id='word_1_473' title='bbox 3245 2274 3331 2330; x_wconf 85' lang='lat' dir='ltr'><strong>vel</strong></span> <span class='ocrx_word' id='word_1_474' title='bbox 3360 2290 3482 2345; x_wconf 86' lang='lat' dir='ltr'><strong>par-</strong></span> 
     </span>
    </p>
   </div>
   <div class='ocr_carea' id='block_1_69' title="bbox 1871 2358 3477 2438">
    <p class='ocr_par' dir='ltr' id='par_1_69' title="bbox 1871 2358 3477 2438">
     <span class='ocr_line' id='line_1_70' title="bbox 1871 2358 3477 2438; baseline 0.011 -29"><span class='ocrx_word' id='word_1_475' title='bbox 1871 2369 1936 2409; x_wconf 89' lang='lat' dir='ltr'><strong>va</strong></span> <span class='ocrx_word' id='word_1_476' title='bbox 1965 2358 2200 2426; x_wconf 87' lang='lat' dir='ltr'><strong>perpeti,</strong></span> <span class='ocrx_word' id='word_1_477' title='bbox 2231 2358 2322 2428; x_wconf 91' lang='lat' dir='ltr'><strong>qui</strong></span> <span class='ocrx_word' id='word_1_478' title='bbox 2371 2360 2574 2430; x_wconf 86' lang='lat' dir='ltr'><strong>majora</strong></span> <span class='ocrx_word' id='word_1_479' title='bbox 2604 2376 2704 2432; x_wconf 90' lang='lat' dir='ltr'><strong>pro</strong></span> <span class='ocrx_word' id='word_1_480' title='bbox 2747 2372 2931 2418; x_wconf 88' lang='lat' dir='ltr'><strong>nostra</strong></span> <span class='ocrx_word' id='word_1_481' title='bbox 2980 2364 3154 2420; x_wconf 86' lang='lat' dir='ltr'><strong>salute</strong></span> <span class='ocrx_word' id='word_1_482' title='bbox 3184 2382 3477 2438; x_wconf 88' lang='lat' dir='ltr'><strong>perpessus</strong></span> 
     </span>
    </p>
   </div>
   <div class='ocr_carea' id='block_1_70' title="bbox 1869 2451 3474 2525">
    <p class='ocr_par' dir='ltr' id='par_1_70' title="bbox 1869 2451 3474 2525">
     <span class='ocr_line' id='line_1_71' title="bbox 1869 2451 3474 2525; baseline 0.011 -24"><span class='ocrx_word' id='word_1_483' title='bbox 1869 2456 1955 2503; x_wconf 88' lang='lat' dir='ltr'><strong>est</strong></span> <span class='ocrx_word' id='word_1_484' title='bbox 1982 2465 1995 2503; x_wconf 89' lang='lat'><strong>:</strong></span> <span class='ocrx_word' id='word_1_485' title='bbox 2027 2451 2330 2517; x_wconf 80' lang='lat' dir='ltr'><strong>praesertim</strong></span> <span class='ocrx_word' id='word_1_486' title='bbox 2361 2466 2483 2505; x_wconf 86' lang='lat' dir='ltr'><strong>cum</strong></span> <span class='ocrx_word' id='word_1_487' title='bbox 2519 2455 2759 2509; x_wconf 66' lang='lat' dir='ltr'><strong>sciamus</strong></span> <span class='ocrx_word' id='word_1_488' title='bbox 2798 2470 3023 2525; x_wconf 88' lang='lat' dir='ltr'><strong>regnum</strong></span> <span class='ocrx_word' id='word_1_489' title='bbox 3056 2458 3326 2515; x_wconf 66' lang='lat' dir='ltr'><strong>caelorum</strong></span> <span class='ocrx_word' id='word_1_490' title='bbox 3368 2477 3474 2519; x_wconf 89' lang='lat' dir='ltr'><strong>non</strong></span> 
     </span>
    </p>
   </div>
   <div class='ocr_carea' id='block_1_71' title="bbox 1868 2540 3467 2623">
    <p class='ocr_par' dir='ltr' id='par_1_71' title="bbox 1868 2540 3467 2623">
     <span class='ocr_line' id='line_1_72' title="bbox 1868 2540 3467 2623; baseline 0.011 -28"><span class='ocrx_word' id='word_1_491' title='bbox 1868 2540 1987 2596; x_wconf 90' lang='lat' dir='ltr'><strong>sine</strong></span> <span class='ocrx_word' id='word_1_492' title='bbox 2018 2542 2182 2597; x_wconf 83' lang='lat' dir='ltr'><strong>variis</strong></span> <span class='ocrx_word' id='word_1_493' title='bbox 2228 2543 2618 2600; x_wconf 86' lang='lat' dir='ltr'><strong>tentationibus</strong></span> <span class='ocrx_word' id='word_1_494' title='bbox 2650 2548 2879 2617; x_wconf 85' lang='lat' dir='ltr'><strong>adipisci</strong></span> <span class='ocrx_word' id='word_1_495' title='bbox 2908 2568 2920 2604; x_wconf 91' lang='lat'><strong>:</strong></span> <span class='ocrx_word' id='word_1_496' title='bbox 2964 2559 3021 2605; x_wconf 93' lang='lat' dir='ltr'><strong>ut</strong></span> <span class='ocrx_word' id='word_1_497' title='bbox 3047 2553 3314 2623; x_wconf 89' lang='lat' dir='ltr'><strong>scriptum</strong></span> <span class='ocrx_word' id='word_1_498' title='bbox 3337 2566 3420 2611; x_wconf 87' lang='lat' dir='ltr'><strong>est</strong></span> <span class='ocrx_word' id='word_1_499' title='bbox 3454 2577 3467 2612; x_wconf 93' lang='lat'><strong>:</strong></span> 
     </span>
    </p>
   </div>
   <div class='ocr_carea' id='block_1_72' title="bbox 1869 2633 3471 2721">
    <p class='ocr_par' dir='ltr' id='par_1_72' title="bbox 1869 2633 3471 2721">
     <span class='ocr_line' id='line_1_73' title="bbox 1869 2633 3471 2721; baseline 0.011 -34"><span class='ocrx_word' id='word_1_500' title='bbox 1869 2633 2083 2701; x_wconf 83' lang='lat' dir='ltr'><strong>Oportet</strong></span> <span class='ocrx_word' id='word_1_501' title='bbox 2114 2653 2203 2692; x_wconf 81' lang='lat' dir='ltr'><strong>nos</strong></span> <span class='ocrx_word' id='word_1_502' title='bbox 2232 2654 2323 2707; x_wconf 89' lang='lat' dir='ltr'><strong>per</strong></span> <span class='ocrx_word' id='word_1_503' title='bbox 2345 2639 2914 2697; x_wconf 78' lang='lat' dir='ltr'><strong>multastribulationes</strong></span> <span class='ocrx_word' id='word_1_504' title='bbox 2940 2644 3156 2700; x_wconf 83' lang='lat' dir='ltr'><strong>introire</strong></span> <span class='ocrx_word' id='word_1_505' title='bbox 3176 2648 3229 2701; x_wconf 90' lang='lat' dir='ltr'><strong>in</strong></span> <span class='ocrx_word' id='word_1_506' title='bbox 3254 2666 3471 2721; x_wconf 80' lang='lat' dir='ltr'><strong>regnum</strong></span> 
     </span>
    </p>
   </div>
   <div class='ocr_carea' id='block_1_73' title="bbox 1868 2726 3466 2808">
    <p class='ocr_par' dir='ltr' id='par_1_73' title="bbox 1868 2726 3466 2808">
     <span class='ocr_line' id='line_1_74' title="bbox 1868 2726 3466 2808; baseline 0.01 -29"><span class='ocrx_word' id='word_1_507' title='bbox 1868 2726 1962 2781; x_wconf 84' lang='lat' dir='ltr'><strong>Dei</strong></span> <span class='ocrx_word' id='word_1_508' title='bbox 1991 2726 2144 2799; x_wconf 77' lang='lat' dir='ltr'><strong>(Act.</strong></span> <span class='ocrx_word' id='word_1_509' title='bbox 2180 2745 2294 2797; x_wconf 86' lang='lat' dir='ltr'><strong>xtv,</strong></span> <span class='ocrx_word' id='word_1_510' title='bbox 2321 2730 2382 2785; x_wconf 76' lang='lat'><strong>2|</strong></span> <span class='ocrx_word' id='word_1_511' title='bbox 2410 2730 2452 2800; x_wconf 93' lang='lat'><strong>).</strong></span> <span class='ocrx_word' id='word_1_512' title='bbox 2478 2732 2534 2787; x_wconf 90' lang='lat' dir='ltr'><strong>Si</strong></span> <span class='ocrx_word' id='word_1_513' title='bbox 2558 2747 2691 2803; x_wconf 88' lang='lat' dir='ltr'><strong>ergo</strong></span> <span class='ocrx_word' id='word_1_514' title='bbox 2717 2749 2813 2803; x_wconf 91' lang='lat' dir='ltr'><strong>per</strong></span> <span class='ocrx_word' id='word_1_515' title='bbox 2836 2734 3036 2791; x_wconf 90' lang='lat' dir='ltr'><strong>multas</strong></span> <span class='ocrx_word' id='word_1_516' title='bbox 3064 2737 3466 2808; x_wconf 86' lang='lat' dir='ltr'><strong>tribulationes,</strong></span> 
     </span>
    </p>
   </div>
   <div class='ocr_carea' id='block_1_74' title="bbox 1863 2821 3469 2900">
    <p class='ocr_par' dir='ltr' id='par_1_74' title="bbox 1863 2821 3469 2900">
     <span class='ocr_line' id='line_1_75' title="bbox 1863 2821 3469 2900; baseline 0.01 -26"><span class='ocrx_word' id='word_1_517' title='bbox 1863 2821 2183 2891; x_wconf 88' lang='lat' dir='ltr'><strong>quibusdam</strong></span> <span class='ocrx_word' id='word_1_518' title='bbox 2212 2824 2450 2880; x_wconf 67' lang='lat' dir='ltr'><strong>cmlestis</strong></span> <span class='ocrx_word' id='word_1_519' title='bbox 2503 2827 2654 2896; x_wconf 74' lang='lat' dir='ltr'><strong>regni</strong></span> <span class='ocrx_word' id='word_1_520' title='bbox 2684 2828 2862 2883; x_wconf 87' lang='lat' dir='ltr'><strong>aditus</strong></span> <span class='ocrx_word' id='word_1_521' title='bbox 2892 2831 3135 2900; x_wconf 90' lang='lat' dir='ltr'><strong>aperitur</strong></span> <span class='ocrx_word' id='word_1_522' title='bbox 3166 2850 3178 2885; x_wconf 88' lang='lat'><strong>:</strong></span> <span class='ocrx_word' id='word_1_523' title='bbox 3227 2833 3335 2889; x_wconf 91' lang='lat' dir='ltr'><strong>illis</strong></span> <span class='ocrx_word' id='word_1_524' title='bbox 3363 2834 3469 2889; x_wconf 85' lang='lat' dir='ltr'><strong>uti-</strong></span> 
     </span>
    </p>
   </div>
   <div class='ocr_carea' id='block_1_75' title="bbox 1862 2914 3465 2995">
    <p class='ocr_par' dir='ltr' id='par_1_75' title="bbox 1862 2914 3465 2995">
     <span class='ocr_line' id='line_1_76' title="bbox 1862 2914 3465 2995; baseline 0.01 -28"><span class='ocrx_word' id='word_1_525' title='bbox 1862 2930 1964 2983; x_wconf 87' lang='lat' dir='ltr'><strong>que</strong></span> <span class='ocrx_word' id='word_1_526' title='bbox 1996 2914 2289 2984; x_wconf 87' lang='lat' dir='ltr'><strong>clauditur,</strong></span> <span class='ocrx_word' id='word_1_527' title='bbox 2322 2916 2414 2988; x_wconf 92' lang='lat' dir='ltr'><strong>qui</strong></span> <span class='ocrx_word' id='word_1_528' title='bbox 2441 2917 2626 2973; x_wconf 91' lang='lat' dir='ltr'><strong>volunt</strong></span> <span class='ocrx_word' id='word_1_529' title='bbox 2675 2918 2784 2990; x_wconf 78' lang='grc' dir='ltr'><strong>[ΑΙ.</strong></span> <span class='ocrx_word' id='word_1_530' title='bbox 2817 2920 3031 2995; x_wconf 87' lang='lat' dir='ltr'><strong>nolunt]</strong></span> <span class='ocrx_word' id='word_1_531' title='bbox 3064 2925 3341 2982; x_wconf 85' lang='lat' dir='ltr'><strong>sustinere</strong></span> <span class='ocrx_word' id='word_1_532' title='bbox 3381 2927 3465 2983; x_wconf 78' lang='lat' dir='ltr'><strong>rel</strong></span> 
     </span>
    </p>
   </div>
   <div class='ocr_carea' id='block_1_76' title="bbox 1860 3020 2053 3074">
    <p class='ocr_par' dir='ltr' id='par_1_76' title="bbox 1860 3020 2053 3074">
     <span class='ocr_line' id='line_1_77' title="bbox 1860 3020 2053 3074; baseline 0.021 -17"><span class='ocrx_word' id='word_1_533' title='bbox 1860 3020 2053 3074; x_wconf 88' lang='lat' dir='ltr'><strong>pauca.</strong></span> 
     </span>
    </p>
   </div>
   <div class='ocr_carea' id='block_1_77' title="bbox 1935 3100 3460 3182">
    <p class='ocr_par' dir='ltr' id='par_1_77' title="bbox 1935 3100 3460 3182">
     <span class='ocr_line' id='line_1_78' title="bbox 1935 3100 3460 3182; baseline 0.009 -26"><span class='ocrx_word' id='word_1_534' title='bbox 1935 3100 1995 3156; x_wconf 90' lang='lat' dir='ltr'><strong>ll.</strong></span> <span class='ocrx_word' id='word_1_535' title='bbox 2041 3101 2271 3170; x_wconf 76' lang='lat' dir='ltr'><strong>Oportet</strong></span> <span class='ocrx_word' id='word_1_536' title='bbox 2319 3119 2449 3174; x_wconf 88' lang='lat' dir='ltr'><strong>ergo</strong></span> <span class='ocrx_word' id='word_1_537' title='bbox 2483 3120 2583 3161; x_wconf 89' lang='lat' dir='ltr'><strong>nos</strong></span> <span class='ocrx_word' id='word_1_538' title='bbox 2610 3106 2830 3163; x_wconf 89' lang='lat' dir='ltr'><strong>diversa</strong></span> <span class='ocrx_word' id='word_1_539' title='bbox 2863 3110 3226 3165; x_wconf 87' lang='lat' dir='ltr'><strong>tentationum</strong></span> <span class='ocrx_word' id='word_1_540' title='bbox 3254 3127 3460 3182; x_wconf 85' lang='lat' dir='ltr'><strong>genera</strong></span> 
     </span>
    </p>
   </div>
   <div class='ocr_carea' id='block_1_78' title="bbox 1859 3196 3460 3273">
    <p class='ocr_par' dir='ltr' id='par_1_78' title="bbox 1859 3196 3460 3273">
     <span class='ocr_line' id='line_1_79' title="bbox 1859 3196 3460 3273; baseline 0.008 -26"><span class='ocrx_word' id='word_1_541' title='bbox 1859 3209 2013 3261; x_wconf 76' lang='lat' dir='ltr'><strong>:Bqtto</strong></span> <span class='ocrx_word' id='word_1_542' title='bbox 2043 3196 2225 3250; x_wconf 90' lang='lat' dir='ltr'><strong>animo</strong></span> <span class='ocrx_word' id='word_1_543' title='bbox 2256 3198 2506 3267; x_wconf 90' lang='lat' dir='ltr'><strong>perpeti,</strong></span> <span class='ocrx_word' id='word_1_544' title='bbox 2542 3215 2638 3269; x_wconf 90' lang='lat' dir='ltr'><strong>per</strong></span> <span class='ocrx_word' id='word_1_545' title='bbox 2664 3216 2787 3272; x_wconf 61' lang='lat' dir='ltr'><strong>quae</strong></span> <span class='ocrx_word' id='word_1_546' title='bbox 2818 3201 2979 3257; x_wconf 87' lang='lat' dir='ltr'><strong>nobis</strong></span> <span class='ocrx_word' id='word_1_547' title='bbox 3013 3202 3259 3258; x_wconf 81' lang='lat' dir='ltr'><strong>caelestis</strong></span> <span class='ocrx_word' id='word_1_548' title='bbox 3294 3204 3460 3273; x_wconf 84' lang='lat' dir='ltr'><strong>janua</strong></span> 
     </span>
    </p>
   </div>
   <div class='ocr_carea' id='block_1_79' title="bbox 1859 3285 3463 3362">
    <p class='ocr_par' dir='ltr' id='par_1_79' title="bbox 1859 3285 3463 3362">
     <span class='ocr_line' id='line_1_80' title="bbox 1859 3285 3463 3362; baseline 0.009 -23"><span class='ocrx_word' id='word_1_549' title='bbox 1859 3285 2191 3355; x_wconf 90' lang='lat' dir='ltr'><strong>promittitur</strong></span> <span class='ocrx_word' id='word_1_550' title='bbox 2243 3288 2470 3359; x_wconf 89' lang='lat' dir='ltr'><strong>aperiri.</strong></span> <span class='ocrx_word' id='word_1_551' title='bbox 2513 3291 2715 3345; x_wconf 89' lang='lat' dir='ltr'><strong>Beatus</strong></span> <span class='ocrx_word' id='word_1_552' title='bbox 2753 3294 3035 3362; x_wconf 80' lang='lat' dir='ltr'><strong>apostolus</strong></span> <span class='ocrx_word' id='word_1_553' title='bbox 3080 3294 3317 3351; x_wconf 87' lang='lat' dir='ltr'><strong>Jacobus</strong></span> <span class='ocrx_word' id='word_1_554' title='bbox 3364 3314 3463 3355; x_wconf 88' lang='lat' dir='ltr'><strong>nos</strong></span> 
     </span>
    </p>
   </div>
   <div class='ocr_carea' id='block_1_80' title="bbox 1859 3381 3458 3451">
    <p class='ocr_par' dir='ltr' id='par_1_80' title="bbox 1859 3381 3458 3451">
     <span class='ocr_line' id='line_1_81' title="bbox 1859 3381 3458 3451; baseline 0.009 -20"><span class='ocrx_word' id='word_1_555' title='bbox 1859 3382 2105 3436; x_wconf 82' lang='lat' dir='ltr'><strong>hortatur</strong></span> <span class='ocrx_word' id='word_1_556' title='bbox 2130 3393 2186 3436; x_wconf 90' lang='lat' dir='ltr'><strong>et</strong></span> <span class='ocrx_word' id='word_1_557' title='bbox 2214 3381 2397 3445; x_wconf 88' lang='lat' dir='ltr'><strong>docet,</strong></span> <span class='ocrx_word' id='word_1_558' title='bbox 2430 3385 2621 3451; x_wconf 83' lang='lat' dir='ltr'><strong>quales</strong></span> <span class='ocrx_word' id='word_1_559' title='bbox 2643 3384 2699 3437; x_wconf 87' lang='lat' dir='ltr'><strong>in</strong></span> <span class='ocrx_word' id='word_1_560' title='bbox 2733 3384 3180 3441; x_wconf 88' lang='lat' dir='ltr'><strong>tribulationibus</strong></span> <span class='ocrx_word' id='word_1_561' title='bbox 3207 3403 3329 3444; x_wconf 88' lang='lat' dir='ltr'><strong>esse</strong></span> <span class='ocrx_word' id='word_1_562' title='bbox 3360 3390 3458 3445; x_wconf 86' lang='lat' dir='ltr'><strong>dc-</strong></span> 
     </span>
    </p>
   </div>
   <div class='ocr_carea' id='block_1_81' title="bbox 1853 3471 3456 3552">
    <p class='ocr_par' dir='ltr' id='par_1_81' title="bbox 1853 3471 3456 3552">
     <span class='ocr_line' id='line_1_82' title="bbox 1853 3471 3456 3552; baseline 0.005 -26"><span class='ocrx_word' id='word_1_563' title='bbox 1853 3472 2098 3535; x_wconf 82' lang='lat' dir='ltr'><strong>beamus,</strong></span> <span class='ocrx_word' id='word_1_564' title='bbox 2132 3489 2256 3527; x_wconf 90' lang='lat' dir='ltr'><strong>cum</strong></span> <span class='ocrx_word' id='word_1_565' title='bbox 2289 3471 2461 3527; x_wconf 86' lang='lat' dir='ltr'><strong>dicit:</strong></span> <span class='ocrx_word' id='word_1_566' title='bbox 2502 3472 2667 3529; x_wconf 83' lang='lat' dir='ltr'><strong>Omne</strong></span> <span class='ocrx_word' id='word_1_567' title='bbox 2693 3477 2947 3546; x_wconf 88' lang='lat' dir='ltr'><strong>gaudiunt</strong></span> <span class='ocrx_word' id='word_1_568' title='bbox 2975 3478 3283 3546; x_wconf 71' lang='lat' dir='ltr'><strong>existimate,</strong></span> <span class='ocrx_word' id='word_1_569' title='bbox 3340 3483 3456 3552; x_wconf 80' lang='lat' dir='ltr'><strong>fru-</strong></span> 
     </span>
    </p>
   </div>
   <div class='ocr_carea' id='block_1_82' title="bbox 1850 3566 3452 3646">
    <p class='ocr_par' dir='ltr' id='par_1_82' title="bbox 1850 3566 3452 3646">
     <span class='ocr_line' id='line_1_83' title="bbox 1850 3566 3452 3646; baseline 0.008 -28"><span class='ocrx_word' id='word_1_570' title='bbox 1850 3574 1949 3619; x_wconf 87' lang='lat' dir='ltr'><strong>tres</strong></span> <span class='ocrx_word' id='word_1_571' title='bbox 1979 3566 2100 3628; x_wconf 83' lang='lat' dir='ltr'><strong>mei,</strong></span> <span class='ocrx_word' id='word_1_572' title='bbox 2132 3581 2249 3618; x_wconf 87' lang='lat' dir='ltr'><strong>cum</strong></span> <span class='ocrx_word' id='word_1_573' title='bbox 2294 3567 2345 3619; x_wconf 84' lang='lat' dir='ltr'><strong>in</strong></span> <span class='ocrx_word' id='word_1_574' title='bbox 2371 3568 2681 3623; x_wconf 87' lang='lat' dir='ltr'><strong>tentationes</strong></span> <span class='ocrx_word' id='word_1_575' title='bbox 2706 3570 2877 3623; x_wconf 82' lang='lat' dir='ltr'><strong>varias</strong></span> <span class='ocrx_word' id='word_1_576' title='bbox 2899 3570 3193 3626; x_wconf 85' lang='lat' dir='ltr'><strong>incideritis</strong></span> <span class='ocrx_word' id='word_1_577' title='bbox 3224 3574 3243 3645; x_wconf 88' lang='lat'>(</span> <span class='ocrx_word' id='word_1_578' title='bbox 3262 3572 3379 3629; x_wconf 86' lang='lat' dir='ltr'><strong>Jac.</strong></span> <span class='ocrx_word' id='word_1_579' title='bbox 3412 3592 3452 3646; x_wconf 83' lang='grc' dir='ltr'>ι,</span> 
     </span>
    </p>
   </div>
   <div class='ocr_carea' id='block_1_83' title="bbox 1847 3656 3446 3732">
    <p class='ocr_par' dir='ltr' id='par_1_83' title="bbox 1847 3656 3446 3732">
     <span class='ocr_line' id='line_1_84' title="bbox 1847 3656 3446 3732; baseline 0.008 -20"><span class='ocrx_word' id='word_1_580' title='bbox 1847 3658 1939 3726; x_wconf 72' lang='lat'><strong>2).</strong></span> <span class='ocrx_word' id='word_1_581' title='bbox 1973 3656 2128 3713; x_wconf 85' lang='lat' dir='ltr'><strong>Unde</strong></span> <span class='ocrx_word' id='word_1_582' title='bbox 2157 3658 2287 3713; x_wconf 81' lang='lat' dir='ltr'><strong>satis</strong></span> <span class='ocrx_word' id='word_1_583' title='bbox 2319 3668 2713 3729; x_wconf 68' lang='lat' dir='ltr'><strong>prmpOsterutn</strong></span> <span class='ocrx_word' id='word_1_584' title='bbox 2741 3672 2795 3717; x_wconf 91' lang='lat' dir='ltr'><strong>et</strong></span> <span class='ocrx_word' id='word_1_585' title='bbox 2832 3664 3177 3719; x_wconf 82' lang='lat' dir='ltr'><strong>contrarium</strong></span> <span class='ocrx_word' id='word_1_586' title='bbox 3207 3676 3311 3732; x_wconf 84' lang='lat' dir='ltr'><strong>est,</strong></span> <span class='ocrx_word' id='word_1_587' title='bbox 3346 3685 3446 3726; x_wconf 90' lang='lat' dir='ltr'><strong>nos</strong></span> 
     </span>
    </p>
   </div>
   <div class='ocr_carea' id='block_1_84' title="bbox 1848 3748 3453 3830">
    <p class='ocr_par' dir='ltr' id='par_1_84' title="bbox 1848 3748 3453 3830">
     <span class='ocr_line' id='line_1_85' title="bbox 1848 3748 3453 3830; baseline 0.007 -28"><span class='ocrx_word' id='word_1_588' title='bbox 1848 3748 1901 3802; x_wconf 92' lang='lat' dir='ltr'><strong>in</strong></span> <span class='ocrx_word' id='word_1_589' title='bbox 1932 3748 2238 3818; x_wconf 86' lang='lat' dir='ltr'><strong>hujusmodi</strong></span> <span class='ocrx_word' id='word_1_590' title='bbox 2271 3751 2434 3805; x_wconf 87' lang='lat' dir='ltr'><strong>rebus</strong></span> <span class='ocrx_word' id='word_1_591' title='bbox 2466 3752 2725 3807; x_wconf 65' lang='lat' dir='ltr'><strong>maestitia</strong></span> <span class='ocrx_word' id='word_1_592' title='bbox 2759 3753 2937 3823; x_wconf 91' lang='lat' dir='ltr'><strong>aliqua</strong></span> <span class='ocrx_word' id='word_1_593' title='bbox 2973 3754 3186 3826; x_wconf 80' lang='lat' dir='ltr'><strong>fatigari</strong></span> <span class='ocrx_word' id='word_1_594' title='bbox 3215 3774 3230 3812; x_wconf 96' lang='lat'><strong>:</strong></span> <span class='ocrx_word' id='word_1_595' title='bbox 3262 3757 3313 3814; x_wconf 90' lang='lat' dir='ltr'><strong>in</strong></span> <span class='ocrx_word' id='word_1_596' title='bbox 3334 3762 3453 3830; x_wconf 87' lang='lat' dir='ltr'><strong>qui-</strong></span> 
     </span>
    </p>
   </div>
   <div class='ocr_carea' id='block_1_85' title="bbox 1846 3840 3445 3919">
    <p class='ocr_par' dir='ltr' id='par_1_85' title="bbox 1846 3840 3445 3919">
     <span class='ocr_line' id='line_1_86' title="bbox 1846 3840 3445 3919; baseline 0.008 -23"><span class='ocrx_word' id='word_1_597' title='bbox 1846 3840 1947 3896; x_wconf 89' lang='lat' dir='ltr'><strong>bus</strong></span> <span class='ocrx_word' id='word_1_598' title='bbox 1977 3842 2231 3911; x_wconf 85' lang='lat' dir='ltr'><strong>gaudium</strong></span> <span class='ocrx_word' id='word_1_599' title='bbox 2273 3845 2454 3912; x_wconf 89' lang='lat' dir='ltr'><strong>potius</strong></span> <span class='ocrx_word' id='word_1_600' title='bbox 2490 3844 2752 3914; x_wconf 89' lang='lat' dir='ltr'><strong>jubetnur</strong></span> <span class='ocrx_word' id='word_1_601' title='bbox 2782 3844 3001 3913; x_wconf 77' lang='lat' dir='ltr'><strong>habere,</strong></span> <span class='ocrx_word' id='word_1_602' title='bbox 3034 3865 3193 3919; x_wconf 91' lang='lat' dir='ltr'><strong>quam</strong></span> <span class='ocrx_word' id='word_1_603' title='bbox 3218 3851 3445 3910; x_wconf 78' lang='lat' dir='ltr'><strong>laetum.</strong></span> 
     </span>
    </p>
   </div>
   <div class='ocr_carea' id='block_1_86' title="bbox 1844 3935 3444 4017">
    <p class='ocr_par' dir='ltr' id='par_1_86' title="bbox 1844 3935 3444 4017">
     <span class='ocr_line' id='line_1_87' title="bbox 1844 3935 3444 4017; baseline 0.009 -27"><span class='ocrx_word' id='word_1_604' title='bbox 1844 3935 1912 3990; x_wconf 86' lang='lat' dir='ltr'><strong>Et</strong></span> <span class='ocrx_word' id='word_1_605' title='bbox 1941 3935 2068 3989; x_wconf 90' lang='lat' dir='ltr'><strong>alibi</strong></span> <span class='ocrx_word' id='word_1_606' title='bbox 2103 3935 2245 3990; x_wconf 88' lang='lat' dir='ltr'><strong>idem</strong></span> <span class='ocrx_word' id='word_1_607' title='bbox 2268 3939 2547 4006; x_wconf 85' lang='lat' dir='ltr'><strong>apostolus</strong></span> <span class='ocrx_word' id='word_1_608' title='bbox 2572 3937 2704 3993; x_wconf 90' lang='lat' dir='ltr'><strong>dicit</strong></span> <span class='ocrx_word' id='word_1_609' title='bbox 2740 3958 2753 3994; x_wconf 92' lang='lat'><strong>:</strong></span> <span class='ocrx_word' id='word_1_610' title='bbox 2787 3939 2979 3997; x_wconf 85' lang='lat' dir='ltr'><strong>Beatus</strong></span> <span class='ocrx_word' id='word_1_611' title='bbox 3012 3944 3089 3997; x_wconf 71' lang='lat' dir='ltr'><strong>t&#39;ir</strong></span> <span class='ocrx_word' id='word_1_612' title='bbox 3116 3948 3207 4016; x_wconf 85' lang='lat' dir='ltr'><strong>qui</strong></span> <span class='ocrx_word' id='word_1_613' title='bbox 3236 3965 3444 4017; x_wconf 83' lang='lat' dir='ltr'><strong>perma-</strong></span> 
     </span>
    </p>
   </div>
   <div class='ocr_carea' id='block_1_87' title="bbox 1842 4028 3443 4106">
    <p class='ocr_par' dir='ltr' id='par_1_87' title="bbox 1842 4028 3443 4106">
     <span class='ocr_line' id='line_1_88' title="bbox 1842 4028 3443 4106; baseline 0.009 -26"><span class='ocrx_word' id='word_1_614' title='bbox 1842 4036 1925 4081; x_wconf 86' lang='lat' dir='ltr'><strong>net</strong></span> <span class='ocrx_word' id='word_1_615' title='bbox 1953 4028 2005 4081; x_wconf 84' lang='lat' dir='ltr'><strong>in</strong></span> <span class='ocrx_word' id='word_1_616' title='bbox 2022 4028 2388 4083; x_wconf 86' lang='lat' dir='ltr'><strong>tentationibus</strong></span> <span class='ocrx_word' id='word_1_617' title='bbox 2414 4046 2432 4083; x_wconf 92' lang='lat'><strong>:</strong></span> <span class='ocrx_word' id='word_1_618' title='bbox 2452 4031 2697 4101; x_wconf 85' lang='lat' dir='ltr'><strong>quoniam</strong></span> <span class='ocrx_word' id='word_1_619' title='bbox 2726 4048 2843 4085; x_wconf 87' lang='lat' dir='ltr'><strong>cum</strong></span> <span class='ocrx_word' id='word_1_620' title='bbox 2866 4034 3113 4102; x_wconf 86' lang='lat' dir='ltr'><strong>probatus</strong></span> <span class='ocrx_word' id='word_1_621' title='bbox 3141 4039 3322 4106; x_wconf 83' lang='lat' dir='ltr'><strong>fuerit,</strong></span> <span class='ocrx_word' id='word_1_622' title='bbox 3352 4057 3443 4094; x_wconf 88' lang='lat' dir='ltr'><strong>ac-</strong></span> 
     </span>
    </p>
   </div>
   <div class='ocr_carea' id='block_1_88' title="bbox 1842 4120 3446 4193">
    <p class='ocr_par' dir='ltr' id='par_1_88' title="bbox 1842 4120 3446 4193">
     <span class='ocr_line' id='line_1_89' title="bbox 1842 4120 3446 4193; baseline 0.007 -21"><span class='ocrx_word' id='word_1_623' title='bbox 1842 4120 1994 4186; x_wconf 86' lang='lat' dir='ltr'><strong>cipiet</strong></span> <span class='ocrx_word' id='word_1_624' title='bbox 2020 4136 2264 4173; x_wconf 88' lang='lat' dir='ltr'><strong>coronam</strong></span> <span class='ocrx_word' id='word_1_625' title='bbox 2288 4120 2422 4187; x_wconf 76' lang='lat' dir='ltr'><strong>uiue,</strong></span> <span class='ocrx_word' id='word_1_626' title='bbox 2446 4138 2600 4192; x_wconf 87' lang='lat' dir='ltr'><strong>quam</strong></span> <span class='ocrx_word' id='word_1_627' title='bbox 2622 4124 2915 4191; x_wconf 82' lang='lat' dir='ltr'><strong>repromisit</strong></span> <span class='ocrx_word' id='word_1_628' title='bbox 2946 4122 3088 4178; x_wconf 86' lang='lat' dir='ltr'><strong>Deus</strong></span> <span class='ocrx_word' id='word_1_629' title='bbox 3111 4124 3446 4193; x_wconf 74' lang='lat' dir='ltr'><strong>diligentibus</strong></span> 
     </span>
    </p>
   </div>
   <div class='ocr_carea' id='block_1_89' title="bbox 1838 4211 3445 4288">
    <p class='ocr_par' dir='ltr' id='par_1_89' title="bbox 1838 4211 3445 4288">
     <span class='ocr_line' id='line_1_90' title="bbox 1838 4211 3445 4288; baseline 0.006 -23"><span class='ocrx_word' id='word_1_630' title='bbox 1838 4228 1910 4266; x_wconf 89' lang='lat' dir='ltr'><strong>se.</strong></span> <span class='ocrx_word' id='word_1_631' title='bbox 1946 4211 2085 4268; x_wconf 86' lang='lat' dir='ltr'><strong>Vide</strong></span> <span class='ocrx_word' id='word_1_632' title='bbox 2110 4229 2243 4283; x_wconf 85' lang='lat' dir='ltr'><strong>ergo</strong></span> <span class='ocrx_word' id='word_1_633' title='bbox 2288 4222 2547 4285; x_wconf 86' lang='lat' dir='ltr'><strong>quantum</strong></span> <span class='ocrx_word' id='word_1_634' title='bbox 2598 4214 2803 4270; x_wconf 87' lang='lat' dir='ltr'><strong>homini</strong></span> <span class='ocrx_word' id='word_1_635' title='bbox 2846 4218 3075 4270; x_wconf 84' lang='lat' dir='ltr'><strong>tentatio</strong></span> <span class='ocrx_word' id='word_1_636' title='bbox 3100 4217 3271 4287; x_wconf 89' lang='lat' dir='ltr'><strong>prosit</strong></span> <span class='ocrx_word' id='word_1_637' title='bbox 3303 4236 3313 4270; x_wconf 92' lang='lat'><strong>:</strong></span> <span class='ocrx_word' id='word_1_638' title='bbox 3348 4235 3445 4288; x_wconf 89' lang='lat' dir='ltr'><strong>per</strong></span> 
     </span>
    </p>
   </div>
   <div class='ocr_carea' id='block_1_90' title="bbox 1837 4304 3437 4378">
    <p class='ocr_par' dir='ltr' id='par_1_90' title="bbox 1837 4304 3437 4378">
     <span class='ocr_line' id='line_1_91' title="bbox 1837 4304 3437 4378; baseline 0.006 -21"><span class='ocrx_word' id='word_1_639' title='bbox 1837 4318 1998 4373; x_wconf 90' lang='lat' dir='ltr'><strong>quam</strong></span> <span class='ocrx_word' id='word_1_640' title='bbox 2035 4304 2423 4363; x_wconf 86' lang='lat' dir='ltr'><strong>beatitudinem</strong></span> <span class='ocrx_word' id='word_1_641' title='bbox 2455 4318 2806 4378; x_wconf 66' lang='lat' dir='ltr'><strong>consequitur</strong></span> <span class='ocrx_word' id='word_1_642' title='bbox 2834 4320 2891 4364; x_wconf 90' lang='lat' dir='ltr'><strong>et</strong></span> <span class='ocrx_word' id='word_1_643' title='bbox 2917 4326 3202 4366; x_wconf 90' lang='lat' dir='ltr'><strong>coronam.</strong></span> <span class='ocrx_word' id='word_1_644' title='bbox 3234 4311 3345 4369; x_wconf 76' lang='lat' dir='ltr'><strong>Sed</strong></span> <span class='ocrx_word' id='word_1_645' title='bbox 3372 4312 3437 4366; x_wconf 91' lang='lat' dir='ltr'><strong>il-</strong></span> 
     </span>
    </p>
   </div>
   <div class='ocr_carea' id='block_1_91' title="bbox 1834 4393 3438 4474">
    <p class='ocr_par' dir='ltr' id='par_1_91' title="bbox 1834 4393 3438 4474">
     <span class='ocr_line' id='line_1_92' title="bbox 1834 4393 3438 4474; baseline 0.006 -25"><span class='ocrx_word' id='word_1_646' title='bbox 1834 4393 1928 4450; x_wconf 91' lang='lat' dir='ltr'><strong>lud</strong></span> <span class='ocrx_word' id='word_1_647' title='bbox 1975 4395 2389 4467; x_wconf 82' lang='lat' dir='ltr'><strong>intelligendum</strong></span> <span class='ocrx_word' id='word_1_648' title='bbox 2421 4409 2503 4453; x_wconf 84' lang='lat' dir='ltr'><strong>est</strong></span> <span class='ocrx_word' id='word_1_649' title='bbox 2553 4415 2674 4454; x_wconf 86' lang='lat' dir='ltr'><strong>eum</strong></span> <span class='ocrx_word' id='word_1_650' title='bbox 2718 4400 2789 4454; x_wconf 84' lang='lat' dir='ltr'><strong>ita</strong></span> <span class='ocrx_word' id='word_1_651' title='bbox 2821 4402 2991 4457; x_wconf 80' lang='lat' dir='ltr'><strong>dicit:</strong></span> <span class='ocrx_word' id='word_1_652' title='bbox 3029 4404 3274 4474; x_wconf 82' lang='lat' dir='ltr'><strong>quoniam</strong></span> <span class='ocrx_word' id='word_1_653' title='bbox 3324 4421 3438 4458; x_wconf 86' lang='lat' dir='ltr'><strong>cum</strong></span> 
     </span>
    </p>
   </div>
   <div class='ocr_carea' id='block_1_92' title="bbox 1836 4488 3442 4568">
    <p class='ocr_par' dir='ltr' id='par_1_92' title="bbox 1836 4488 3442 4568">
     <span class='ocr_line' id='line_1_93' title="bbox 1836 4488 3442 4568; baseline 0.007 -28"><span class='ocrx_word' id='word_1_654' title='bbox 1836 4488 2078 4557; x_wconf 86' lang='lat' dir='ltr'><strong>probatus</strong></span> <span class='ocrx_word' id='word_1_655' title='bbox 2104 4492 2282 4560; x_wconf 78' lang='lat' dir='ltr'><strong>fuerit,</strong></span> <span class='ocrx_word' id='word_1_656' title='bbox 2315 4492 2529 4563; x_wconf 86' lang='lat' dir='ltr'><strong>accipiet</strong></span> <span class='ocrx_word' id='word_1_657' title='bbox 2556 4509 2799 4547; x_wconf 86' lang='lat' dir='ltr'><strong>coronam</strong></span> <span class='ocrx_word' id='word_1_658' title='bbox 2830 4495 2968 4559; x_wconf 80' lang='lat' dir='ltr'><strong>vitw,</strong></span> <span class='ocrx_word' id='word_1_659' title='bbox 2999 4512 3152 4565; x_wconf 85' lang='lat' dir='ltr'><strong>quam</strong></span> <span class='ocrx_word' id='word_1_660' title='bbox 3186 4500 3442 4568; x_wconf 87' lang='lat' dir='ltr'><strong>repromi-</strong></span> 
     </span>
    </p>
   </div>
   <div class='ocr_carea' id='block_1_93' title="bbox 150 4550 3433 4655">
    <p class='ocr_par' dir='ltr' id='par_1_93' title="bbox 150 4550 3433 4655">
     <span class='ocr_line' id='line_1_94' title="bbox 150 4550 3433 4655; baseline 0.011 -46"><span class='ocrx_word' id='word_1_661' title='bbox 150 4556 272 4623; x_wconf 84' lang='lat' dir='ltr'><strong>cedi,</strong></span> <span class='ocrx_word' id='word_1_662' title='bbox 304 4557 398 4613; x_wconf 92' lang='lat' dir='ltr'><strong>ubi</strong></span> <span class='ocrx_word' id='word_1_663' title='bbox 426 4558 547 4615; x_wconf 90' lang='lat' dir='ltr'><strong>sine</strong></span> <span class='ocrx_word' id='word_1_664' title='bbox 577 4561 761 4632; x_wconf 86' lang='lat' dir='ltr'><strong>aliquo</strong></span> <span class='ocrx_word' id='word_1_665' title='bbox 783 4565 1025 4620; x_wconf 81' lang='lat' dir='ltr'><strong>remedio</strong></span> <span class='ocrx_word' id='word_1_666' title='bbox 1056 4576 1229 4634; x_wconf 83' lang='lat' dir='ltr'><strong>potest</strong></span> <span class='ocrx_word' id='word_1_667' title='bbox 1249 4572 1463 4626; x_wconf 87' lang='lat' dir='ltr'><strong>animus</strong></span> <span class='ocrx_word' id='word_1_668' title='bbox 1488 4576 1719 4645; x_wconf 86' lang='lat' dir='ltr'><strong>tatigari.</strong></span> <span class='ocrx_word' id='word_1_669' title='bbox 1751 4550 1809 4611; x_wconf 79' lang='lat' dir='ltr'><strong>D</strong></span> <span class='ocrx_word' id='word_1_670' title='bbox 1831 4550 1895 4633; x_wconf 76' lang='lat' dir='ltr'><strong>sit</strong></span> <span class='ocrx_word' id='word_1_671' title='bbox 1922 4579 2063 4635; x_wconf 87' lang='lat' dir='ltr'><strong>Deus</strong></span> <span class='ocrx_word' id='word_1_672' title='bbox 2086 4550 2517 4655; x_wconf 54' lang='grc' dir='ltr'><strong>ἀήιίῃεηιίὺιιέδσ.</strong></span> <span class='ocrx_word' id='word_1_673' title='bbox 2556 4585 2700 4652; x_wconf 72' lang='lat' dir='ltr'><strong>Illos,</strong></span> <span class='ocrx_word' id='word_1_674' title='bbox 2738 4586 2935 4655; x_wconf 86' lang='lat' dir='ltr'><strong>inquit,</strong></span> <span class='ocrx_word' id='word_1_675' title='bbox 2970 4550 3254 4655; x_wconf 61' lang='lat' dir='ltr'><strong>probatos:</strong></span> <span class='ocrx_word' id='word_1_676' title='bbox 3283 4600 3336 4644; x_wconf 85' lang='lat' dir='ltr'><strong>ct</strong></span> <span class='ocrx_word' id='word_1_677' title='bbox 3365 4591 3433 4646; x_wconf 86' lang='lat' dir='ltr'><strong>ah</strong></span> 
     </span>
    </p>
   </div>
   <div class='ocr_carea' id='block_1_94' title="bbox 148 4649 1723 4733">
    <p class='ocr_par' dir='ltr' id='par_1_94' title="bbox 148 4649 1723 4733">
     <span class='ocr_line' id='line_1_95' title="bbox 148 4649 1723 4733; baseline 0.012 -28"><span class='ocrx_word' id='word_1_678' title='bbox 148 4649 413 4721; x_wconf 88' lang='lat' dir='ltr'><strong>Sapienter</strong></span> <span class='ocrx_word' id='word_1_679' title='bbox 464 4652 630 4709; x_wconf 90' lang='lat' dir='ltr'><strong>debet</strong></span> <span class='ocrx_word' id='word_1_680' title='bbox 682 4654 872 4712; x_wconf 87' lang='lat' dir='ltr'><strong>dolere</strong></span> <span class='ocrx_word' id='word_1_681' title='bbox 904 4658 994 4727; x_wconf 88' lang='lat' dir='ltr'><strong>qui</strong></span> <span class='ocrx_word' id='word_1_682' title='bbox 1043 4659 1233 4714; x_wconf 89' lang='lat' dir='ltr'><strong>dolet:</strong></span> <span class='ocrx_word' id='word_1_683' title='bbox 1268 4678 1335 4717; x_wconf 90' lang='lat' dir='ltr'><strong>ne</strong></span> <span class='ocrx_word' id='word_1_684' title='bbox 1368 4666 1559 4733; x_wconf 87' lang='lat' dir='ltr'><strong>perdat</strong></span> <span class='ocrx_word' id='word_1_685' title='bbox 1604 4669 1723 4724; x_wconf 87' lang='lat' dir='ltr'><strong>sine</strong></span> 
     </span>
    </p>
   </div>
   <div class='ocr_carea' id='block_1_95' title="bbox 146 4748 1719 4817">
    <p class='ocr_par' dir='ltr' id='par_1_95' title="bbox 146 4748 1719 4817">
     <span class='ocr_line' id='line_1_96' title="bbox 146 4748 1719 4817; baseline 0.013 -19"><span class='ocrx_word' id='word_1_686' title='bbox 146 4758 285 4801; x_wconf 84' lang='lat' dir='ltr'><strong>causa</strong></span> <span class='ocrx_word' id='word_1_687' title='bbox 335 4748 481 4817; x_wconf 87' lang='lat' dir='ltr'><strong>quod</strong></span> <span class='ocrx_word' id='word_1_688' title='bbox 526 4748 693 4804; x_wconf 90' lang='lat' dir='ltr'><strong>dolet.</strong></span> <span class='ocrx_word' id='word_1_689' title='bbox 726 4749 887 4807; x_wconf 84' lang='lat' dir='ltr'><strong>Nunc</strong></span> <span class='ocrx_word' id='word_1_690' title='bbox 927 4764 1106 4809; x_wconf 88' lang='lat' dir='ltr'><strong>autem</strong></span> <span class='ocrx_word' id='word_1_691' title='bbox 1137 4765 1327 4811; x_wconf 86' lang='lat' dir='ltr'><strong>contra</strong></span> <span class='ocrx_word' id='word_1_692' title='bbox 1371 4759 1575 4816; x_wconf 90' lang='lat' dir='ltr'><strong>luctum</strong></span> <span class='ocrx_word' id='word_1_693' title='bbox 1631 4775 1719 4817; x_wconf 84' lang='lat' dir='ltr'><strong>su-</strong></span> 
     </span>
    </p>
   </div>
   <div class='ocr_carea' id='block_1_96' title="bbox 146 4838 1719 4917">
    <p class='ocr_par' dir='ltr' id='par_1_96' title="bbox 146 4838 1719 4917">
     <span class='ocr_line' id='line_1_97' title="bbox 146 4838 1719 4917; baseline 0.013 -27"><span class='ocrx_word' id='word_1_694' title='bbox 146 4838 313 4893; x_wconf 87' lang='lat' dir='ltr'><strong>menda</strong></span> <span class='ocrx_word' id='word_1_695' title='bbox 341 4848 473 4895; x_wconf 90' lang='lat' dir='ltr'><strong>sunt</strong></span> <span class='ocrx_word' id='word_1_696' title='bbox 494 4857 647 4896; x_wconf 89' lang='lat' dir='ltr'><strong>arma</strong></span> <span class='ocrx_word' id='word_1_697' title='bbox 684 4860 695 4894; x_wconf 92' lang='lat'><strong>:</strong></span> <span class='ocrx_word' id='word_1_698' title='bbox 724 4853 781 4896; x_wconf 94' lang='lat' dir='ltr'><strong>ut</strong></span> <span class='ocrx_word' id='word_1_699' title='bbox 821 4858 948 4914; x_wconf 88' lang='lat' dir='ltr'><strong>spes</strong></span> <span class='ocrx_word' id='word_1_700' title='bbox 974 4854 1160 4901; x_wconf 90' lang='lat' dir='ltr'><strong>nostra</strong></span> <span class='ocrx_word' id='word_1_701' title='bbox 1188 4849 1362 4917; x_wconf 85' lang='lat' dir='ltr'><strong>possit</strong></span> <span class='ocrx_word' id='word_1_702' title='bbox 1393 4853 1593 4909; x_wconf 85' lang='lat' dir='ltr'><strong>habere</strong></span> <span class='ocrx_word' id='word_1_703' title='bbox 1639 4856 1719 4910; x_wconf 88' lang='lat' dir='ltr'><strong>vi-</strong></span> 
     </span>
    </p>
   </div>
   <div class='ocr_carea' id='block_1_97' title="bbox 143 4931 1711 5016">
    <p class='ocr_par' dir='ltr' id='par_1_97' title="bbox 143 4931 1711 5016">
     <span class='ocr_line' id='line_1_98' title="bbox 143 4931 1711 5016; baseline 0.013 -33"><span class='ocrx_word' id='word_1_704' title='bbox 143 4931 365 4987; x_wconf 84' lang='lat' dir='ltr'><strong>ctoriam.</strong></span> <span class='ocrx_word' id='word_1_705' title='bbox 403 4934 789 5005; x_wconf 79' lang='lat' dir='ltr'><strong>I’rincipaliter</strong></span> <span class='ocrx_word' id='word_1_706' title='bbox 829 4939 970 5007; x_wconf 91' lang='lat' dir='ltr'><strong>quod</strong></span> <span class='ocrx_word' id='word_1_707' title='bbox 1015 4939 1188 4994; x_wconf 85' lang='lat' dir='ltr'><strong>voluit</strong></span> <span class='ocrx_word' id='word_1_708' title='bbox 1245 4942 1385 4997; x_wconf 81' lang='lat' dir='ltr'><strong>Deus</strong></span> <span class='ocrx_word' id='word_1_709' title='bbox 1432 4947 1711 5016; x_wconf 88' lang='lat' dir='ltr'><strong>suscipere</strong></span> 
     </span>
    </p>
   </div>
   <div class='ocr_carea' id='block_1_98' title="bbox 143 5029 1711 5102">
    <p class='ocr_par' dir='ltr' id='par_1_98' title="bbox 143 5029 1711 5102">
     <span class='ocr_line' id='line_1_99' title="bbox 143 5029 1711 5102; baseline 0.01 -24"><span class='ocrx_word' id='word_1_710' title='bbox 143 5029 470 5091; x_wconf 69' lang='lat' dir='ltr'><strong>gratulemur.</strong></span> <span class='ocrx_word' id='word_1_711' title='bbox 525 5030 730 5085; x_wconf 87' lang='lat' dir='ltr'><strong>Deinde</strong></span> <span class='ocrx_word' id='word_1_712' title='bbox 771 5033 895 5102; x_wconf 90' lang='lat' dir='ltr'><strong>quia</strong></span> <span class='ocrx_word' id='word_1_713' title='bbox 927 5032 1029 5089; x_wconf 90' lang='lat' dir='ltr'><strong>hoc</strong></span> <span class='ocrx_word' id='word_1_714' title='bbox 1050 5033 1208 5089; x_wconf 89' lang='lat' dir='ltr'><strong>nobis</strong></span> <span class='ocrx_word' id='word_1_715' title='bbox 1252 5036 1302 5089; x_wconf 90' lang='lat' dir='ltr'><strong>in</strong></span> <span class='ocrx_word' id='word_1_716' title='bbox 1337 5038 1537 5092; x_wconf 88' lang='lat' dir='ltr'><strong>mundo</strong></span> <span class='ocrx_word' id='word_1_717' title='bbox 1560 5054 1711 5095; x_wconf 87' lang='lat' dir='ltr'><strong>com-</strong></span> 
     </span>
    </p>
   </div>
   <div class='ocr_carea' id='block_1_99' title="bbox 142 5121 1709 5202">
    <p class='ocr_par' dir='ltr' id='par_1_99' title="bbox 142 5121 1709 5202">
     <span class='ocr_line' id='line_1_100' title="bbox 142 5121 1709 5202; baseline 0.011 -32"><span class='ocrx_word' id='word_1_718' title='bbox 142 5131 281 5173; x_wconf 81' lang='lat' dir='ltr'><strong>mune</strong></span> <span class='ocrx_word' id='word_1_719' title='bbox 299 5132 403 5187; x_wconf 91' lang='lat' dir='ltr'><strong>est,</strong></span> <span class='ocrx_word' id='word_1_720' title='bbox 435 5121 654 5176; x_wconf 90' lang='lat' dir='ltr'><strong>additur</strong></span> <span class='ocrx_word' id='word_1_721' title='bbox 676 5124 934 5192; x_wconf 89' lang='lat' dir='ltr'><strong>privatim</strong></span> <span class='ocrx_word' id='word_1_722' title='bbox 967 5127 1239 5196; x_wconf 87' lang='lat' dir='ltr'><strong>peculiare</strong></span> <span class='ocrx_word' id='word_1_723' title='bbox 1264 5137 1538 5196; x_wconf 88' lang='lat' dir='ltr'><strong>nostrum,</strong></span> <span class='ocrx_word' id='word_1_724' title='bbox 1568 5133 1709 5202; x_wconf 87' lang='lat' dir='ltr'><strong>quod</strong></span> 
     </span>
    </p>
   </div>
   <div class='ocr_carea' id='block_1_100' title="bbox 139 5212 1705 5290">
    <p class='ocr_par' dir='ltr' id='par_1_100' title="bbox 139 5212 1705 5290">
     <span class='ocr_line' id='line_1_101' title="bbox 139 5212 1705 5290; baseline 0.009 -23"><span class='ocrx_word' id='word_1_725' title='bbox 139 5212 191 5265; x_wconf 84' lang='lat' dir='ltr'><strong>ad</strong></span> <span class='ocrx_word' id='word_1_726' title='bbox 217 5216 451 5286; x_wconf 87' lang='lat' dir='ltr'><strong>requiem</strong></span> <span class='ocrx_word' id='word_1_727' title='bbox 479 5216 833 5273; x_wconf 86' lang='lat' dir='ltr'><strong>deducatnur.</strong></span> <span class='ocrx_word' id='word_1_728' title='bbox 865 5218 1125 5290; x_wconf 87' lang='lat' dir='ltr'><strong>Sequitur</strong></span> <span class='ocrx_word' id='word_1_729' title='bbox 1150 5227 1550 5280; x_wconf 87' lang='lat' dir='ltr'><strong>consummatio</strong></span> <span class='ocrx_word' id='word_1_730' title='bbox 1594 5245 1705 5281; x_wconf 89' lang='lat' dir='ltr'><strong>ont-</strong></span> 
     </span>
    </p>
   </div>
   <div class='ocr_carea' id='block_1_101' title="bbox 138 5306 1708 5382">
    <p class='ocr_par' dir='ltr' id='par_1_101' title="bbox 138 5306 1708 5382">
     <span class='ocr_line' id='line_1_102' title="bbox 138 5306 1708 5382; baseline 0.011 -25"><span class='ocrx_word' id='word_1_731' title='bbox 138 5306 260 5362; x_wconf 87' lang='lat' dir='ltr'><strong>niutn</strong></span> <span class='ocrx_word' id='word_1_732' title='bbox 288 5311 636 5380; x_wconf 89' lang='lat' dir='ltr'><strong>gaudiorum,</strong></span> <span class='ocrx_word' id='word_1_733' title='bbox 660 5311 805 5382; x_wconf 85' lang='lat' dir='ltr'><strong>quod</strong></span> <span class='ocrx_word' id='word_1_734' title='bbox 834 5314 886 5366; x_wconf 91' lang='lat' dir='ltr'><strong>in</strong></span> <span class='ocrx_word' id='word_1_735' title='bbox 919 5316 1323 5374; x_wconf 86' lang='lat' dir='ltr'><strong>resurrectione</strong></span> <span class='ocrx_word' id='word_1_736' title='bbox 1349 5318 1582 5375; x_wconf 88' lang='lat' dir='ltr'><strong>invicem</strong></span> <span class='ocrx_word' id='word_1_737' title='bbox 1611 5336 1708 5375; x_wconf 87' lang='lat' dir='ltr'><strong>no-</strong></span> 
     </span>
    </p>
   </div>
   <div class='ocr_carea' id='block_1_102' title="bbox 136 5398 1704 5484">
    <p class='ocr_par' dir='ltr' id='par_1_102' title="bbox 136 5398 1704 5484">
     <span class='ocr_line' id='line_1_103' title="bbox 136 5398 1704 5484; baseline 0.01 -31"><span class='ocrx_word' id='word_1_738' title='bbox 136 5398 218 5467; x_wconf 87' lang='lat' dir='ltr'><strong>bis,</strong></span> <span class='ocrx_word' id='word_1_739' title='bbox 247 5401 472 5459; x_wconf 88' lang='lat' dir='ltr'><strong>Domino</strong></span> <span class='ocrx_word' id='word_1_740' title='bbox 501 5402 855 5473; x_wconf 82' lang='lat' dir='ltr'><strong>reformante,</strong></span> <span class='ocrx_word' id='word_1_741' title='bbox 879 5407 1173 5465; x_wconf 82' lang='lat' dir='ltr'><strong>reddentur</strong></span> <span class='ocrx_word' id='word_1_742' title='bbox 1197 5429 1210 5466; x_wconf 93' lang='lat'><strong>:</strong></span> <span class='ocrx_word' id='word_1_743' title='bbox 1234 5412 1379 5484; x_wconf 88' lang='lat' dir='ltr'><strong>quod</strong></span> <span class='ocrx_word' id='word_1_744' title='bbox 1404 5413 1704 5484; x_wconf 86' lang='lat' dir='ltr'><strong>Apostolus</strong></span> 
     </span>
    </p>
   </div>
   <div class='ocr_carea' id='block_1_103' title="bbox 135 5494 1699 5573">
    <p class='ocr_par' dir='ltr' id='par_1_103' title="bbox 135 5494 1699 5573">
     <span class='ocr_line' id='line_1_104' title="bbox 135 5494 1699 5573; baseline 0.008 -26"><span class='ocrx_word' id='word_1_745' title='bbox 135 5494 387 5559; x_wconf 77' lang='lat' dir='ltr'><strong>pollicetur</strong></span> <span class='ocrx_word' id='word_1_746' title='bbox 420 5515 438 5552; x_wconf 93' lang='lat'><strong>:</strong></span> <span class='ocrx_word' id='word_1_747' title='bbox 473 5497 618 5552; x_wconf 72' lang='lat' dir='ltr'><strong>Nolo</strong></span> <span class='ocrx_word' id='word_1_748' title='bbox 646 5516 733 5554; x_wconf 79' lang='lat' dir='ltr'><strong>vos</strong></span> <span class='ocrx_word' id='word_1_749' title='bbox 760 5501 1029 5573; x_wconf 85' lang='lat' dir='ltr'><strong>ignorare,</strong></span> <span class='ocrx_word' id='word_1_750' title='bbox 1061 5508 1271 5573; x_wconf 77' lang='lat' dir='ltr'><strong>fratres,</strong></span> <span class='ocrx_word' id='word_1_751' title='bbox 1303 5508 1369 5562; x_wconf 88' lang='lat' dir='ltr'><strong>de</strong></span> <span class='ocrx_word' id='word_1_752' title='bbox 1396 5509 1699 5562; x_wconf 79' lang='lat' dir='ltr'><strong>dormienti-</strong></span> 
     </span>
    </p>
   </div>
   <div class='ocr_carea' id='block_1_104' title="bbox 133 5588 1704 5671">
    <p class='ocr_par' dir='ltr' id='par_1_104' title="bbox 133 5588 1704 5671">
     <span class='ocr_line' id='line_1_105' title="bbox 133 5588 1704 5671; baseline 0.01 -30"><span class='ocrx_word' id='word_1_753' title='bbox 133 5588 245 5642; x_wconf 77' lang='lat' dir='ltr'><strong>bus:</strong></span> <span class='ocrx_word' id='word_1_754' title='bbox 274 5602 451 5646; x_wconf 88' lang='lat' dir='ltr'><strong>utnon</strong></span> <span class='ocrx_word' id='word_1_755' title='bbox 481 5594 876 5660; x_wconf 79' lang='lat' dir='ltr'><strong>contristemini,</strong></span> <span class='ocrx_word' id='word_1_756' title='bbox 905 5598 1036 5651; x_wconf 83' lang='lat' dir='ltr'><strong>sicut</strong></span> <span class='ocrx_word' id='word_1_757' title='bbox 1056 5610 1103 5652; x_wconf 87' lang='lat' dir='ltr'><strong>et</strong></span> <span class='ocrx_word' id='word_1_758' title='bbox 1131 5602 1300 5654; x_wconf 75' lang='lat' dir='ltr'><strong>cwteri</strong></span> <span class='ocrx_word' id='word_1_759' title='bbox 1326 5603 1413 5671; x_wconf 87' lang='lat' dir='ltr'><strong>qui</strong></span> <span class='ocrx_word' id='word_1_760' title='bbox 1435 5619 1572 5668; x_wconf 86' lang='lat' dir='ltr'><strong>spem</strong></span> <span class='ocrx_word' id='word_1_761' title='bbox 1601 5619 1704 5655; x_wconf 83' lang='lat' dir='ltr'><strong>non</strong></span> 
     </span>
    </p>
   </div>
   <div class='ocr_carea' id='block_1_105' title="bbox 132 5677 1701 5759">
    <p class='ocr_par' dir='ltr' id='par_1_105' title="bbox 132 5677 1701 5759">
     <span class='ocr_line' id='line_1_106' title="bbox 132 5677 1701 5759; baseline 0.01 -31"><span class='ocrx_word' id='word_1_762' title='bbox 132 5677 300 5735; x_wconf 70' lang='lat' dir='ltr'><strong>habent.</strong></span> <span class='ocrx_word' id='word_1_763' title='bbox 338 5684 402 5739; x_wconf 88' lang='lat' dir='ltr'><strong>Si</strong></span> <span class='ocrx_word' id='word_1_764' title='bbox 426 5685 566 5738; x_wconf 75' lang='lat' dir='ltr'><strong>enim</strong></span> <span class='ocrx_word' id='word_1_765' title='bbox 592 5686 848 5740; x_wconf 76' lang='lat' dir='ltr'><strong>credimus</strong></span> <span class='ocrx_word' id='word_1_766' title='bbox 867 5688 991 5759; x_wconf 85' lang='lat' dir='ltr'><strong>quia</strong></span> <span class='ocrx_word' id='word_1_767' title='bbox 1023 5686 1258 5747; x_wconf 77' lang='lat' dir='ltr'><strong>Christus</strong></span> <span class='ocrx_word' id='word_1_768' title='bbox 1281 5700 1512 5745; x_wconf 84' lang='lat' dir='ltr'><strong>mortuus</strong></span> <span class='ocrx_word' id='word_1_769' title='bbox 1532 5701 1627 5757; x_wconf 83' lang='lat' dir='ltr'><strong>est,</strong></span> <span class='ocrx_word' id='word_1_770' title='bbox 1655 5702 1701 5746; x_wconf 85' lang='lat' dir='ltr'><strong>et</strong></span> 
     </span>
    </p>
   </div>
   <div class='ocr_carea' id='block_1_106' title="bbox 130 5774 1693 5853">
    <p class='ocr_par' dir='ltr' id='par_1_106' title="bbox 130 5774 1693 5853">
     <span class='ocr_line' id='line_1_107' title="bbox 130 5774 1693 5853; baseline 0.008 -29"><span class='ocrx_word' id='word_1_771' title='bbox 130 5778 371 5832; x_wconf 65' lang='lat' dir='ltr'><strong>resurrexit</strong></span> <span class='ocrx_word' id='word_1_772' title='bbox 402 5793 422 5831; x_wconf 87' lang='lat'><strong>.&#39;</strong></span> <span class='ocrx_word' id='word_1_773' title='bbox 454 5777 524 5830; x_wconf 87' lang='lat' dir='ltr'><strong>ita</strong></span> <span class='ocrx_word' id='word_1_774' title='bbox 563 5784 613 5831; x_wconf 84' lang='lat' dir='ltr'><strong>et</strong></span> <span class='ocrx_word' id='word_1_775' title='bbox 638 5774 778 5834; x_wconf 66' lang='lat' dir='ltr'><strong>Deus</strong></span> <span class='ocrx_word' id='word_1_776' title='bbox 803 5796 886 5835; x_wconf 80' lang='lat' dir='ltr'><strong>cos</strong></span> <span class='ocrx_word' id='word_1_777' title='bbox 912 5781 1001 5853; x_wconf 85' lang='lat' dir='ltr'><strong>qui</strong></span> <span class='ocrx_word' id='word_1_778' title='bbox 1033 5782 1354 5839; x_wconf 82' lang='lat' dir='ltr'><strong>dormierunt</strong></span> <span class='ocrx_word' id='word_1_779' title='bbox 1384 5784 1439 5838; x_wconf 85' lang='lat' dir='ltr'><strong>in</strong></span> <span class='ocrx_word' id='word_1_780' title='bbox 1466 5781 1693 5850; x_wconf 79' lang='lat' dir='ltr'><strong>Christo,</strong></span> 
     </span>
    </p>
   </div>
   <div class='ocr_carea' id='block_1_107' title="bbox 1834 4672 3436 4748">
    <p class='ocr_par' dir='ltr' id='par_1_107' title="bbox 1834 4672 3436 4748">
     <span class='ocr_line' id='line_1_108' title="bbox 1834 4672 3436 4748; baseline 0.005 -21"><span class='ocrx_word' id='word_1_781' title='bbox 1834 4672 1918 4729; x_wconf 86' lang='lat' dir='ltr'><strong>Itis</strong></span> <span class='ocrx_word' id='word_1_782' title='bbox 1952 4676 2117 4730; x_wconf 86' lang='lat' dir='ltr'><strong>Deum</strong></span> <span class='ocrx_word' id='word_1_783' title='bbox 2151 4677 2325 4747; x_wconf 76' lang='lat' dir='ltr'><strong>diligi,</strong></span> <span class='ocrx_word' id='word_1_784' title='bbox 2358 4678 2453 4747; x_wconf 89' lang='lat' dir='ltr'><strong>qui</strong></span> <span class='ocrx_word' id='word_1_785' title='bbox 2480 4678 2550 4731; x_wconf 87' lang='lat' dir='ltr'><strong>ob</strong></span> <span class='ocrx_word' id='word_1_786' title='bbox 2578 4678 2817 4732; x_wconf 85' lang='lat' dir='ltr'><strong>nominis</strong></span> <span class='ocrx_word' id='word_1_787' title='bbox 2847 4679 2968 4748; x_wconf 84' lang='lat' dir='ltr'><strong>ejus</strong></span> <span class='ocrx_word' id='word_1_788' title='bbox 2989 4695 3211 4735; x_wconf 82' lang='lat' dir='ltr'><strong>causam</strong></span> <span class='ocrx_word' id='word_1_789' title='bbox 3242 4682 3294 4735; x_wconf 89' lang='lat' dir='ltr'><strong>itt</strong></span> <span class='ocrx_word' id='word_1_790' title='bbox 3318 4692 3436 4738; x_wconf 84' lang='lat' dir='ltr'><strong>tet.-</strong></span> 
     </span>
    </p>
   </div>
   <div class='ocr_carea' id='block_1_108' title="bbox 1832 4768 3431 4844">
    <p class='ocr_par' dir='ltr' id='par_1_108' title="bbox 1832 4768 3431 4844">
     <span class='ocr_line' id='line_1_109' title="bbox 1832 4768 3431 4844; baseline 0.006 -21"><span class='ocrx_word' id='word_1_791' title='bbox 1832 4768 2031 4825; x_wconf 87' lang='lat' dir='ltr'><strong>tationc</strong></span> <span class='ocrx_word' id='word_1_792' title='bbox 2063 4772 2427 4839; x_wconf 78' lang='lat' dir='ltr'><strong>pchtiterint,</strong></span> <span class='ocrx_word' id='word_1_793' title='bbox 2462 4772 2658 4839; x_wconf 89' lang='lat' dir='ltr'><strong>quibus</strong></span> <span class='ocrx_word' id='word_1_794' title='bbox 2689 4772 2888 4827; x_wconf 88' lang='lat' dir='ltr'><strong>merito</strong></span> <span class='ocrx_word' id='word_1_795' title='bbox 2915 4788 3120 4828; x_wconf 89' lang='lat' dir='ltr'><strong>corona</strong></span> <span class='ocrx_word' id='word_1_796' title='bbox 3154 4777 3431 4844; x_wconf 82' lang='lat' dir='ltr'><strong>promitti-</strong></span> 
     </span>
    </p>
   </div>
   <div class='ocr_carea' id='block_1_109' title="bbox 1830 4862 3426 4938">
    <p class='ocr_par' dir='ltr' id='par_1_109' title="bbox 1830 4862 3426 4938">
     <span class='ocr_line' id='line_1_110' title="bbox 1830 4862 3426 4938; baseline 0.008 -25"><span class='ocrx_word' id='word_1_797' title='bbox 1830 4870 1915 4913; x_wconf 93' lang='lat' dir='ltr'><strong>tur</strong></span> <span class='ocrx_word' id='word_1_798' title='bbox 1951 4880 1963 4914; x_wconf 93' lang='lat'><strong>:</strong></span> <span class='ocrx_word' id='word_1_799' title='bbox 1999 4862 2120 4914; x_wconf 87' lang='lat' dir='ltr'><strong>illos</strong></span> <span class='ocrx_word' id='word_1_800' title='bbox 2176 4878 2306 4915; x_wconf 87' lang='lat' dir='ltr'><strong>vero</strong></span> <span class='ocrx_word' id='word_1_801' title='bbox 2365 4863 2631 4931; x_wconf 89' lang='lat' dir='ltr'><strong>reprobos</strong></span> <span class='ocrx_word' id='word_1_802' title='bbox 2672 4872 2726 4916; x_wconf 92' lang='lat' dir='ltr'><strong>et</strong></span> <span class='ocrx_word' id='word_1_803' title='bbox 2759 4863 2962 4918; x_wconf 90' lang='lat' dir='ltr'><strong>nullius</strong></span> <span class='ocrx_word' id='word_1_804' title='bbox 3018 4865 3146 4919; x_wconf 69' lang='lat' dir='ltr'><strong>vita:</strong></span> <span class='ocrx_word' id='word_1_805' title='bbox 3201 4870 3426 4938; x_wconf 57' lang='lat' dir='ltr'><strong>praemio</strong></span> 
     </span>
    </p>
   </div>
   <div class='ocr_carea' id='block_1_110' title="bbox 1823 4951 3219 5021">
    <p class='ocr_par' dir='ltr' id='par_1_110' title="bbox 1823 4951 3219 5021">
     <span class='ocr_line' id='line_1_111' title="bbox 1823 4951 3219 5021; baseline 0.006 -16"><span class='ocrx_word' id='word_1_806' title='bbox 1823 4951 2037 5021; x_wconf 86' lang='lat' dir='ltr'><strong>dignos,</strong></span> <span class='ocrx_word' id='word_1_807' title='bbox 2071 4966 2205 5020; x_wconf 91' lang='lat' dir='ltr'><strong>quos</strong></span> <span class='ocrx_word' id='word_1_808' title='bbox 2227 4953 2372 5006; x_wconf 86' lang='lat' dir='ltr'><strong>nulla</strong></span> <span class='ocrx_word' id='word_1_809' title='bbox 2403 4953 2759 5007; x_wconf 79' lang='lat' dir='ltr'><strong>tentationttm</strong></span> <span class='ocrx_word' id='word_1_810' title='bbox 2792 4969 2957 5008; x_wconf 85' lang='lat' dir='ltr'><strong>causa</strong></span> <span class='ocrx_word' id='word_1_811' title='bbox 2985 4959 3219 5015; x_wconf 75' lang='lat' dir='ltr'><strong>vexarit.</strong></span> 
     </span>
    </p>
   </div>
   <div class='ocr_carea' id='block_1_111' title="bbox 1890 5044 3424 5117">
    <p class='ocr_par' dir='ltr' id='par_1_111' title="bbox 1890 5044 3424 5117">
     <span class='ocr_line' id='line_1_112' title="bbox 1890 5044 3424 5117; baseline 0.009 -18"><span class='ocrx_word' id='word_1_812' title='bbox 1890 5044 1977 5099; x_wconf 89' lang='lat' dir='ltr'><strong>Ill.</strong></span> <span class='ocrx_word' id='word_1_813' title='bbox 2013 5044 2356 5115; x_wconf 87' lang='lat' dir='ltr'><strong>Quapropter</strong></span> <span class='ocrx_word' id='word_1_814' title='bbox 2385 5054 2440 5100; x_wconf 87' lang='lat' dir='ltr'><strong>et</strong></span> <span class='ocrx_word' id='word_1_815' title='bbox 2486 5062 2583 5100; x_wconf 90' lang='lat' dir='ltr'><strong>nos</strong></span> <span class='ocrx_word' id='word_1_816' title='bbox 2631 5046 2871 5117; x_wconf 89' lang='lat' dir='ltr'><strong>gaudere</strong></span> <span class='ocrx_word' id='word_1_817' title='bbox 2916 5048 2968 5103; x_wconf 92' lang='lat' dir='ltr'><strong>in</strong></span> <span class='ocrx_word' id='word_1_818' title='bbox 3028 5055 3424 5113; x_wconf 85' lang='lat' dir='ltr'><strong>tentationibus</strong></span> 
     </span>
    </p>
   </div>
   <div class='ocr_carea' id='block_1_112' title="bbox 1816 5137 3419 5217">
    <p class='ocr_par' dir='ltr' id='par_1_112' title="bbox 1816 5137 3419 5217">
     <span class='ocr_line' id='line_1_113' title="bbox 1816 5137 3419 5217; baseline 0.006 -24"><span class='ocrx_word' id='word_1_819' title='bbox 1816 5145 2054 5207; x_wconf 81' lang='lat' dir='ltr'><strong>oportet,</strong></span> <span class='ocrx_word' id='word_1_820' title='bbox 2103 5146 2157 5192; x_wconf 89' lang='lat' dir='ltr'><strong>et</strong></span> <span class='ocrx_word' id='word_1_821' title='bbox 2214 5145 2430 5207; x_wconf 90' lang='lat' dir='ltr'><strong>portare</strong></span> <span class='ocrx_word' id='word_1_822' title='bbox 2460 5137 2721 5192; x_wconf 88' lang='lat' dir='ltr'><strong>debemus</strong></span> <span class='ocrx_word' id='word_1_823' title='bbox 2750 5183 2764 5207; x_wconf 89' lang='lat'><strong>,</strong></span> <span class='ocrx_word' id='word_1_824' title='bbox 2803 5154 2899 5208; x_wconf 88' lang='lat' dir='ltr'><strong>per</strong></span> <span class='ocrx_word' id='word_1_825' title='bbox 2929 5157 3051 5211; x_wconf 77' lang='lat' dir='ltr'><strong>qua:</strong></span> <span class='ocrx_word' id='word_1_826' title='bbox 3102 5154 3157 5200; x_wconf 89' lang='lat' dir='ltr'><strong>et</strong></span> <span class='ocrx_word' id='word_1_827' title='bbox 3203 5149 3419 5217; x_wconf 90' lang='lat' dir='ltr'><strong>probati</strong></span> 
     </span>
    </p>
   </div>
   <div class='ocr_carea' id='block_1_113' title="bbox 1815 5230 3399 5308">
    <p class='ocr_par' dir='ltr' id='par_1_113' title="bbox 1815 5230 3399 5308">
     <span class='ocr_line' id='line_1_114' title="bbox 1815 5230 3399 5308; baseline 0.003 -23"><span class='ocrx_word' id='word_1_828' title='bbox 1815 5240 2034 5286; x_wconf 73' lang='lat' dir='ltr'><strong>aeterna:</strong></span> <span class='ocrx_word' id='word_1_829' title='bbox 2067 5231 2194 5285; x_wconf 78' lang='lat' dir='ltr'><strong>vita:</strong></span> <span class='ocrx_word' id='word_1_830' title='bbox 2223 5230 2447 5299; x_wconf 56' lang='lat' dir='ltr'><strong>praemio</strong></span> <span class='ocrx_word' id='word_1_831' title='bbox 2468 5245 2813 5285; x_wconf 89' lang='lat' dir='ltr'><strong>coronemur.</strong></span> <span class='ocrx_word' id='word_1_832' title='bbox 2848 5233 2960 5287; x_wconf 85' lang='lat' dir='ltr'><strong>lloc</strong></span> <span class='ocrx_word' id='word_1_833' title='bbox 2984 5236 3148 5290; x_wconf 82' lang='lat' dir='ltr'><strong>etiam</strong></span> <span class='ocrx_word' id='word_1_834' title='bbox 3178 5240 3293 5308; x_wconf 83' lang='lat' dir='ltr'><strong>ipse</strong></span> <span class='ocrx_word' id='word_1_835' title='bbox 3321 5240 3399 5293; x_wconf 84' lang='lat' dir='ltr'><strong>Do</strong></span> 
     </span>
    </p>
   </div>
   <div class='ocr_carea' id='block_1_114' title="bbox 1814 5321 3423 5394">
    <p class='ocr_par' dir='ltr' id='par_1_114' title="bbox 1814 5321 3423 5394">
     <span class='ocr_line' id='line_1_115' title="bbox 1814 5321 3423 5394; baseline 0.002 -15"><span class='ocrx_word' id='word_1_836' title='bbox 1814 5325 1992 5379; x_wconf 90' lang='lat' dir='ltr'><strong>minus</strong></span> <span class='ocrx_word' id='word_1_837' title='bbox 2042 5326 2091 5378; x_wconf 90' lang='lat' dir='ltr'><strong>itt</strong></span> <span class='ocrx_word' id='word_1_838' title='bbox 2127 5321 2426 5394; x_wconf 80' lang='lat' dir='ltr'><strong>Evangelio</strong></span> <span class='ocrx_word' id='word_1_839' title='bbox 2468 5337 2566 5375; x_wconf 90' lang='lat' dir='ltr'><strong>suo</strong></span> <span class='ocrx_word' id='word_1_840' title='bbox 2611 5322 2949 5387; x_wconf 88' lang='lat' dir='ltr'><strong>declaravit,</strong></span> <span class='ocrx_word' id='word_1_841' title='bbox 3004 5326 3234 5382; x_wconf 88' lang='lat' dir='ltr'><strong>dicens:</strong></span> <span class='ocrx_word' id='word_1_842' title='bbox 3276 5328 3423 5385; x_wconf 73' lang='lat' dir='ltr'><strong>Beati</strong></span> 
     </span>
    </p>
   </div>
   <div class='ocr_carea' id='block_1_115' title="bbox 1809 5416 3422 5489">
    <p class='ocr_par' dir='ltr' id='par_1_115' title="bbox 1809 5416 3422 5489">
     <span class='ocr_line' id='line_1_116' title="bbox 1809 5416 3422 5489; baseline 0.004 -18"><span class='ocrx_word' id='word_1_843' title='bbox 1809 5418 1930 5471; x_wconf 80' lang='lat' dir='ltr'><strong>estis</strong></span> <span class='ocrx_word' id='word_1_844' title='bbox 1973 5434 2089 5471; x_wconf 87' lang='lat' dir='ltr'><strong>cum</strong></span> <span class='ocrx_word' id='word_1_845' title='bbox 2118 5434 2208 5473; x_wconf 84' lang='lat' dir='ltr'><strong>vos</strong></span> <span class='ocrx_word' id='word_1_846' title='bbox 2234 5416 2539 5470; x_wconf 84' lang='lat' dir='ltr'><strong>maledicent</strong></span> <span class='ocrx_word' id='word_1_847' title='bbox 2562 5458 2576 5481; x_wconf 92' lang='lat'><strong>,</strong></span> <span class='ocrx_word' id='word_1_848' title='bbox 2606 5425 2656 5471; x_wconf 89' lang='lat' dir='ltr'><strong>et</strong></span> <span class='ocrx_word' id='word_1_849' title='bbox 2685 5428 3056 5489; x_wconf 84' lang='lat' dir='ltr'><strong>persequentur</strong></span> <span class='ocrx_word' id='word_1_850' title='bbox 3098 5434 3116 5472; x_wconf 89' lang='lat'><strong>:</strong></span> <span class='ocrx_word' id='word_1_851' title='bbox 3168 5430 3214 5475; x_wconf 83' lang='lat' dir='ltr'><strong>et</strong></span> <span class='ocrx_word' id='word_1_852' title='bbox 3252 5422 3422 5477; x_wconf 84' lang='lat' dir='ltr'><strong>dicent</strong></span> 
     </span>
    </p>
   </div>
   <div class='ocr_carea' id='block_1_116' title="bbox 1810 5507 3418 5581">
    <p class='ocr_par' dir='ltr' id='par_1_116' title="bbox 1810 5507 3418 5581">
     <span class='ocr_line' id='line_1_117' title="bbox 1810 5507 3418 5581; baseline 0.006 -23"><span class='ocrx_word' id='word_1_853' title='bbox 1810 5522 1959 5561; x_wconf 87' lang='lat' dir='ltr'><strong>omne</strong></span> <span class='ocrx_word' id='word_1_854' title='bbox 1987 5508 2185 5561; x_wconf 86' lang='lat' dir='ltr'><strong>malum</strong></span> <span class='ocrx_word' id='word_1_855' title='bbox 2205 5507 2482 5561; x_wconf 85' lang='lat' dir='ltr'><strong>adversum</strong></span> <span class='ocrx_word' id='word_1_856' title='bbox 2512 5521 2602 5561; x_wconf 80' lang='lat' dir='ltr'><strong>vos</strong></span> <span class='ocrx_word' id='word_1_857' title='bbox 2634 5519 2843 5581; x_wconf 84' lang='lat' dir='ltr'><strong>propter</strong></span> <span class='ocrx_word' id='word_1_858' title='bbox 2863 5507 3149 5577; x_wconf 83' lang='lat' dir='ltr'><strong>justitiam.</strong></span> <span class='ocrx_word' id='word_1_859' title='bbox 3181 5510 3418 5568; x_wconf 80' lang='lat' dir='ltr'><strong>Gaudete</strong></span> 
     </span>
    </p>
   </div>
   <div class='ocr_carea' id='block_1_117' title="bbox 1808 5598 3411 5668">
    <p class='ocr_par' dir='ltr' id='par_1_117' title="bbox 1808 5598 3411 5668">
     <span class='ocr_line' id='line_1_118' title="bbox 1808 5598 3411 5668; baseline 0.004 -15"><span class='ocrx_word' id='word_1_860' title='bbox 1808 5608 1855 5653; x_wconf 87' lang='lat' dir='ltr'><strong>et</strong></span> <span class='ocrx_word' id='word_1_861' title='bbox 1881 5598 2156 5666; x_wconf 72' lang='lat' dir='ltr'><strong>exsultate,</strong></span> <span class='ocrx_word' id='word_1_862' title='bbox 2189 5599 2434 5668; x_wconf 83' lang='lat' dir='ltr'><strong>quoniam</strong></span> <span class='ocrx_word' id='word_1_863' title='bbox 2462 5614 2652 5655; x_wconf 80' lang='lat' dir='ltr'><strong>merces</strong></span> <span class='ocrx_word' id='word_1_864' title='bbox 2684 5610 2854 5654; x_wconf 83' lang='lat' dir='ltr'><strong>vestra</strong></span> <span class='ocrx_word' id='word_1_865' title='bbox 2877 5598 3091 5666; x_wconf 80' lang='lat' dir='ltr'><strong>cOpiosa</strong></span> <span class='ocrx_word' id='word_1_866' title='bbox 3119 5610 3194 5654; x_wconf 84' lang='lat' dir='ltr'><strong>est</strong></span> <span class='ocrx_word' id='word_1_867' title='bbox 3224 5603 3275 5656; x_wconf 84' lang='lat' dir='ltr'><strong>in</strong></span> <span class='ocrx_word' id='word_1_868' title='bbox 3308 5622 3411 5659; x_wconf 74' lang='lat' dir='ltr'><strong>rre-</strong></span> 
     </span>
    </p>
   </div>
   <div class='ocr_carea' id='block_1_118' title="bbox 1808 5690 3416 5766">
    <p class='ocr_par' dir='ltr' id='par_1_118' title="bbox 1808 5690 3416 5766">
     <span class='ocr_line' id='line_1_119' title="bbox 1808 5690 3416 5766; baseline 0.007 -21"><span class='ocrx_word' id='word_1_869' title='bbox 1808 5692 1872 5747; x_wconf 83' lang='lat' dir='ltr'><strong>tis</strong></span> <span class='ocrx_word' id='word_1_870' title='bbox 1900 5690 2280 5763; x_wconf 68' lang='lat' dir='ltr'><strong>(Matt/LXXIII,</strong></span> <span class='ocrx_word' id='word_1_871' title='bbox 2309 5690 2567 5760; x_wconf 75' lang='lat' dir='ltr'><strong>il).Quis</strong></span> <span class='ocrx_word' id='word_1_872' title='bbox 2600 5710 2730 5766; x_wconf 83' lang='lat' dir='ltr'><strong>ergo</strong></span> <span class='ocrx_word' id='word_1_873' title='bbox 2753 5704 2875 5765; x_wconf 87' lang='lat' dir='ltr'><strong>post</strong></span> <span class='ocrx_word' id='word_1_874' title='bbox 2899 5692 3207 5762; x_wconf 85' lang='lat' dir='ltr'><strong>ltujusmodi</strong></span> <span class='ocrx_word' id='word_1_875' title='bbox 3229 5712 3416 5757; x_wconf 82' lang='lat' dir='ltr'><strong>vocent</strong></span> 
     </span>
    </p>
   </div>
   <div class='ocr_carea' id='block_1_119' title="bbox 1807 5782 3409 5857">
    <p class='ocr_par' dir='ltr' id='par_1_119' title="bbox 1807 5782 3409 5857">
     <span class='ocr_line' id='line_1_120' title="bbox 1807 5782 3409 5857; baseline 0.006 -18"><span class='ocrx_word' id='word_1_876' title='bbox 1807 5782 2006 5839; x_wconf 85' lang='lat' dir='ltr'><strong>tentari</strong></span> <span class='ocrx_word' id='word_1_877' title='bbox 2039 5800 2228 5842; x_wconf 86' lang='lat' dir='ltr'><strong>senon</strong></span> <span class='ocrx_word' id='word_1_878' title='bbox 2260 5782 2437 5840; x_wconf 84' lang='lat' dir='ltr'><strong>sinat?</strong></span> <span class='ocrx_word' id='word_1_879' title='bbox 2462 5784 2595 5852; x_wconf 89' lang='lat' dir='ltr'><strong>Quis</strong></span> <span class='ocrx_word' id='word_1_880' title='bbox 2626 5785 2694 5842; x_wconf 90' lang='lat' dir='ltr'><strong>ab</strong></span> <span class='ocrx_word' id='word_1_881' title='bbox 2724 5783 3040 5842; x_wconf 84' lang='lat' dir='ltr'><strong>hominibus</strong></span> <span class='ocrx_word' id='word_1_882' title='bbox 3070 5789 3317 5857; x_wconf 84' lang='lat' dir='ltr'><strong>persequi</strong></span> <span class='ocrx_word' id='word_1_883' title='bbox 3348 5804 3409 5848; x_wconf 86' lang='lat' dir='ltr'><strong>se</strong></span> 
     </span>
    </p>
   </div>
  </div>
