4012 6190
540 309 651 365 9.)ὶό

1577 300 1635 357 S.
1679 294 2067 356 lilERONYMl
2105 286 2394 352 OPERUM
2434 290 2804 351 MANTISSA.

3735 298 3847 359 9.84

541 423 769 494 justitize
807 435 964 479 causa
996 434 1103 474 non
1147 416 1335 489 optet?
1365 417 1499 487 Quis
1537 426 1644 471 n‘ou
1675 414 1922 469 tribulari
1954 411 2087 467 velit
2115 409 2137 463 ιν

2315 408 2403 463 Vl.
2435 408 2478 463 0
2508 409 2552 463 si
2584 409 2698 464 haec
2726 424 2867 463 nunc
2895 407 3123 481 gloriosi
3150 419 3205 466 et
3253 411 3449 468 divites
3490 412 3761 481 lugerent.
3791 428 3847 474 et

552 518 689 584 Quis
716 532 775 570 se
808 530 911 569 non
944 512 1189 566 maledici
1223 510 1497 565 desideret
1530 526 1543 563 :
1576 518 1635 562 ιιι
1680 518 1954 562 mereatur
1986 503 2143 560 Chri-

550 609 617 663 sti
650 622 785 662 voce
809 604 1037 668 laudari,
1072 613 1123 657 et
1146 602 1359 657 caelein
1385 601 1713 670 capiesaque
1740 597 1994 654 mercede
2026 611 2145 651 mu-

550 700 777 755 uerari?
810 698 1022 754 Utinam
1051 696 1121 752 ob
1148 696 1361 750 Domini
1402 696 1507 750 mei
1544 709 1739 749 nomen
1771 703 1937 762 atque
1976 692 2138 761 justi-

550 794 676 846 tiam
709 799 907 846 cuncta
954 787 1247 842 inﬁdelium
1279 787 1430 841 turba
1464 800 1549 840 me
1581 795 1938 855 persequatur
1964 792 2019 839 et
2048 784 2145 837 tri-

548 884 696 937 buiet
718 884 732 937 ι
758 882 969 938 Utinam
1002 882 1053 934 in
1071 879 1419 950 cpprobrium
1446 894 1622 931 meum
1652 878 1860 933 Solidus
1880 877 1966 931 hic
1989 893 2146 929 num-

553 978 653 1029 dns
675 983 935 1044 essurgat
972 991 985 1027 :
1018 982 1225 1027 tantum
1256 980 1313 1024 ut
1342 985 1441 1042 ego
1474 985 1685 1024 merear
1710 986 1736 1021 a
1770 967 1993 1024 Christo
2024 970 2143 1023 lau-

546 1065 687 1125 dari:
714 1074 897 1121 ctsua:
932 1062 1336 1135 pollicitationis
1367 1076 1588 1129 sperare
1616 1056 1954 1114 mercedem!
1981 1059 2142 1114 Grata

549 1162 730 1230 itaque
763 1167 817 1215 ct
841 1155 1202 1213 desideranda
1247 1156 1474 1210 tentatio
1514 1164 1627 1219 est,
1655 1153 1810 1223 cujus
1860 1154 2143 1223 praemium

549 1262 801 1323 speratur
821 1267 852 1307 a
872 1251 1090 1307 Christo
1116 1250 1169 1304 in
1191 1248 1361 1304 coelo:
1388 1262 1489 1302 nec
1512 1246 1818 1300 maledictio
1840 1246 2018 1316 gravis
2040 1255 2146 1312 est,

550 1361 671 1416 qua:
693 1346 870 1399 divina
894 1342 1053 1398 laude
1074 1349 1331 1396 mutatur.
1352 1340 1733 1395 Sustineamus
1754 1348 1883 1409 ergo
1904 1352 2002 1392 nos
2020 1352 2141 1408 pau-

551 1439 720 1493 lulum
764 1438 816 1491 in
848 1438 949 1491 hac
981 1436 1087 1489 vita
1136 1433 1355 1499 tentari,
1386 1440 1447 1487 ut
1493 1441 1750 1485 aeternam
1804 1431 2148 1499 postmodum

555 1549 625 1603 po
658 1534 829 1587 simus
856 1547 952 1600 pro
970 1527 1256 1598 ietnporali
1281 1541 1475 1597 capere
1499 1524 1795 1579 tentatione
1813 1519 2147 1580 mercedem.

631 1625 718 1681 iV.
739 1626 1027 1680 ilomiuum
1043 1637 1256 1693 quoque
1272 1618 1561 1691 opprobria
1577 1617 2048 1688 detractionesque
2064 1632 2150 1688 pa-

556 1718 754 1774 tirnter
766 1730 816 1773 et
832 1715 1145 1788 lcniter[Al.
1169 1712 1385 1784 leviter!
1406 1712 1720 1778 toleremus,
1738 1722 1793 1766 ut
1810 1711 2018 1766 Domini
2036 1711 2151 1764 lau-

2245 502 2333 572 qui
2367 501 2507 555 alios
2532 501 2783 570 irrident,
2809 503 2937 557 dum
2962 504 3176 572 tempus
3197 514 3300 571 εει,
3332 516 3387 560 et
3412 506 3511 575 ipsi
3542 523 3602 563 se
3628 509 3842 579 tierent,

2245 609 2352 649 non
2386 609 2610 651 necesse
2638 595 2907 651 haberent
2949 612 3017 652 eo
3045 608 3288 667 tempore
3316 614 3561 669 gemere,
3592 618 3704 673 quo
3723 607 3848 659 nul-

2247 685 2455 756 lusjam
2488 688 2722 754 gemitus
2753 688 3025 758 ﬂetusque
3078 690 3346 758 proﬁciet.
3383 693 3549 762 Cujus
3578 698 3849 767 temporis

2245 779 2507 834 indit-ium
2538 780 2732 835 beatus
2778 784 3061 850 aposmius
3086 782 3321 839 Jacobus
3351 788 3594 841 cernitur
3637 802 3845 844 memo-

2246 887 2390 935 rare,
2424 872 2551 926 dum
2582 872 2777 928 divites
2821 882 2879 928 ut
2910 875 2961 928 in
2992 876 3246 944 prmsenti
3273 890 3335 931 se
3363 875 3605 948 lugeant,
3658 878 3847 935 horta-

2249 974 2336 1018 tur
2367 977 2419 1019 et
2445 975 2776 1035 commooet,
2807 966 3025 1022 «licens:
3045 968 3197 1041 Agite
3222 986 3383 1037 nunc,
3410 970 3851 1043 ditites:plorate

2248 1057 2510 1112 ululantes
2539 1059 2593 1111 in
2624 1059 2846 1113 miseriis
2873 1051 2997 1130 quae
3022 1062 3297 1116 advenient
3330 1064 3493 1118 vobis.
3528 1063 3739 1122 Divitias
3763 1082 3853 1122 ve-

2248 1161 2371 1205 stra:
2403 1152 2706 1221 putrefacta
2736 1163 2853 1208 sunt
2886 1170 2904 1208 :
2934 1165 2982 1209 et
3004 1156 3306 1210 vestimenta
3334 1169 3500 1212 vestra
3521 1175 3552 1213 α
3584 1160 3737 1216 tineis
3766 1176 3857 1215 co-

2251 1251 2409 1296 ntesta
2434 1253 2552 1298 sunt
2582 1259 2600 1298 :
2628 1258 2819 1298 aurum
2860 1254 2908 1299 et
2952 1254 3224 1315 argentum
3249 1259 3474 1302 vestrum
3508 1251 3806 1320 eruginavit
3836 1268 3856 1307 :

2250 1343 2297 1390 et
2327 1351 2503 1407 terugo
2543 1352 2721 1391 eorum
2749 1337 2802 1391 in
2833 1338 3183 1393 testimonium
3212 1338 3349 1394 vobis
3374 1342 3492 1407 erit,
3546 1351 3597 1396 et
3623 1342 3859 1398 mandu-

2251 1428 2385 1482 cabit
2416 1426 2596 1483 carnes
2622 1441 2815 1485 vestras
2841 1433 2973 1485 sicut
3000 1432 3159 1504 ignis.
3196 1432 3410 1501 Epulati
3437 1436 3581 1499 estis,
3610 1444 3658 1489 et
3684 1436 3741 1490 in
3765 1435 3858 1490 lu-

2250 1523 2415 1576 :ruriis
2436 1524 2670 1577 nutristis
2712 1524 2871 1577 corda
2901 1539 3069 1579 vestra
3100 1526 3152 1578 in
3203 1525 3285 1580 die
3321 1527 3595 1580 occisionis
3615 1526 3632 1597 (
3645 1524 3770 1583 Jac.
3798 1543 3855 1597 ν,

2256 1616 2279 1669 i
2317 1631 2453 1685 seqq.
2474 1615 2511 1686 ).
2538 1616 2755 1671 Sciebat
2783 1616 2927 1671 enim
2960 1618 3100 1687 quod
3133 1618 3376 1687 quisquis
3404 1632 3464 1674 se
3494 1620 3548 1673 in
3594 1621 3860 1689 praesenti

2257 1720 2497 1782 tempore
2527 1713 2733 1777 ﬂesset,
2761 1713 2811 1766 in
2836 1713 3016 1767 l'uturo
3045 1728 3150 1768 non
3178 1711 3358 1769 ﬂeret.
3392 1714 3505 1769 iioc
3528 1724 3583 1769 et
3608 1715 3723 1784 ipse
3750 1714 3860 1768 Do-

556 1812 715 1866 tlihus
745 1811 889 1881 digni
921 1824 1043 1865 esse
1068 1808 1358 1879 possimus.
1390 1805 1521 1860 Nam
1551 1807 1594 1861 si
1616 1804 1902 1859 humanam
1929 1796 2144 1859 laudem
2177 1801 2227 1864 B
2257 1807 2434 1859 minus
2464 1806 2594 1859 dicit
2624 1824 2637 1859 :
2674 1804 2821 1859 Beati
2840 1807 2929 1875 qui
2956 1807 3168 1878 lugent,
3192 1807 3440 1877 quoniam
3480 1806 3581 1878 ipsi
3618 1806 3859 1862 console.

500 1963 507 1971 ,
557 1904 871 1976 qumtimus,
904 1902 1141 1957 divinam
1173 1899 1493 1954 amittimus.
1517 1897 1774 1969 Quisquis
1795 1898 1938 1952 enim
1958 1897 2023 1951 ab
2054 1896 2150 1951 ho-

559 1996 790 2051 minibus
822 1995 1090 2061 laudatur,
1112 1992 1363 2062 culpatur
1390 2007 1419 2044 a
1452 1990 1691 2055 Christo,
1716 1991 1857 2045 sicut
1879 1991 2147 2061 scriptum

554 2096 639 2144 est
672 2105 685 2142 :
732 2085 818 2141 να
858 2085 998 2140 vobis
1029 2083 1293 2150 divitibus,
1346 2084 1435 2152 qui
1466 2082 1871 2137 consolationem
1928 2091 2150 2136 vestram

553 2181 773 2237 habetis.
810 2178 896 2235 γω
922 2178 1061 2234 vobis
1082 2180 1170 2251 qui
1192 2180 1415 2233 saturati
1441 2177 1579 2239 estis,
1613 2176 1736 2249 quia
1768 2176 2021 2231 esurietis.
2061 2175 2151 2231 Va:

552 2275 694 2331 vobis
719 2275 809 2346 qui
832 2274 1009 2328 ridetis
1035 2283 1081 2327 et
1112 2271 1346 2343 gaudetis
1378 2287 1536 2338 nunc,
1565 2271 1689 2341 quia
1720 2270 1961 2340 lugebitis
1988 2278 2036 2324 et
2062 2271 2153 2341 fle-

555 2368 692 2423 bitis.
736 2365 823 2421 Va:
852 2382 967 2421 cum
986 2364 1339 2420 benedixerint
1368 2362 1504 2418 vobis
1535 2378 1711 2415 omnes
1732 2360 1966 2415 homines
1991 2361 2145 2429 (Luc.

552 2476 627 2527 vt,
657 2460 727 2515 24
757 2476 895 2532 seqq.
913 2460 953 2532 ).
1010 2459 1141 2515 Vide
1170 2473 1300 2528 ergo
1326 2473 1488 2528 quam
1518 2456 1696 2525 gravis
1725 2464 1779 2511 et
1809 2457 2038 2511 molesta
2082 2459 2151 2513 sit

557 2554 793 2611 humana
826 2553 1083 2620 laudatio,
1114 2552 1200 2607 cui
1229 2551 1302 2605 ita
1331 2548 1587 2604 Dominus
1616 2550 2003 2604 comminatur.
2039 2550 2150 2605 llo-

559 2648 733 2703 tniues
760 2646 1024 2702 animales
1064 2657 1224 2715 atque
1256 2644 1476 2705 terreni,
1512 2658 1618 2697 non
1648 2642 1748 2697 nisi
1786 2659 1905 2714 qua:
1938 2653 2148 2715 tempo-

557 2741 694 2794 ralia
725 2751 780 2796 et
811 2748 1023 2795 terrena
1052 2746 1197 2804 sunt,
1231 2736 1463 2806 diligunt
1489 2756 1500 2791 :
1537 2747 1589 2791 et
1621 2752 1736 2807 qua:
1754 2738 2006 2808 diligunt,
2037 2737 2151 2793 haec

558 2833 786 2887 laudare
810 2832 1082 2887 videntur.
1124 2832 1197 2887 De
1229 2832 1334 2886 illis
1375 2831 1636 2901 scriptum
1670 2815 1795 2886 est':
1828 2830 1993 2887 Omne
2031 2834 2149 2886 ani-

562 2923 670 2979 mal
698 2925 865 2997 diligit
887 2924 1055 2979 simile
1082 2924 1179 2978 sibi
1209 2939 1227 2978 :
1256 2932 1309 2979 et
1333 2924 1411 2978 sic
1437 2926 1615 2979 omnis
1645 2923 1807 2979 homo
1849 2925 2148 2981 secundum

558 3032 733 3087 genus
763 3033 918 3081 suum
950 3015 1129 3071 laudat
1154 3031 1309 3084 Opes,
1339 3016 1527 3084 epulas
1550 3058 1566 3081 ,
1599 3026 1653 3070 et
1684 3016 1899 3071 divitias
1925 3059 1940 3082 ,
1974 3026 2029 3071 et
2058 3033 2151 3072 eos

558 3111 646 3176 qui
682 3110 933 3178 pretiosis
965 3118 1013 3163 e!
1048 3108 1298 3164 mollibus
1324 3108 1628 3178 gloriantur
1657 3108 1710 3163 in
1740 3109 1997 3173 vestibus,
2030 3125 2151 3180 quae

559 3202 740 3258 omnia
768 3202 849 3257 lex
874 3210 1055 3257 sancta
1091 3200 1344 3270 prohibet
1369 3208 1530 3269 atque
1564 3201 1910 3256 condemnat.

637 3297 698 3351 V.
736 3296 844 3351 Eos
870 3310 997 3349 vero
1022 3295 1113 3367 qui
1141 3336 1155 3361 ,
1189 3294 1481 3348 dilectione
1506 3305 1560 3347 et
1591 3293 1784 3348 timore
1813 3292 2026 3348 Domini
2059 3310 2154 3351 co-

560 3398 742 3458 gente,
767 3390 1030 3460 abjiciunt
1061 3387 1179 3443 hinc
1199 3386 1402 3455 omnia,
1429 3392 1485 3441 et
1508 3395 1725 3441 sanctos
1753 3386 2054 3440 secundum
2081 3387 2157 3441 ic-

561 3484 647 3553 gis
678 3481 923 3537 ordinem
948 3496 1007 3536 se
1036 3480 1320 3548 exhibent,
1356 3478 1584 3533 irrident
1607 3487 1769 3547 atque
1796 3477 2155 3546 subsannant,

564 3574 807 3630 infelices
832 3585 995 3645 atque
1011 3572 1195 3628 miseri
1219 3586 1439 3627 suorum
1466 3573 1733 3625 malorum
1758 3570 2033 3625 nimietate
2054 3586 2158 3625 etc-

566 3665 671 3720 Cati
709 3683 723 3718 :
750 3666 941 3735 quibus
971 3681 1080 3719 non
1112 3665 1315 3720 sullicit
1335 3664 1477 3734 quod
1502 3664 1717 3733 propria
1751 3662 1944 3717 uolunt
1972 3664 2157 3733 lugere

568 3768 828 3827 peccata;
862 3756 1037 3811 adhuc
1066 3758 1288 3823 insuper
1315 3770 1409 3809 eos
1439 3756 1529 3824 qui
1562 3753 1751 3824 lugere
1776 3753 2051 3822 videntur,
2086 3756 2159 3807 ir-

565 3851 768 3914 rident,
803 3860 857 3903 et
905 3851 958 3903 in
982 3848 1458 3904 subsannationem
1490 3847 1692 3903 habent
1716 3890 1731 3915 ,
1764 3863 1899 3920 quos
1950 3848 2159 3903 debue-

569 3953 692 3996 rant
720 3942 942 3998 imitari.
976 3943 1080 3998 Sed
1106 3943 1288 3998 veniet
1314 3953 1525 4012 tempus
1552 3954 1609 3997 ut
1652 3958 1839 3999 eorum
1870 3944 2011 3997 risus
2039 3959 2159 3996 ver-

569 4045 713 4092 tatur
740 4038 796 4090 in
830 4036 1057 4100 luctum,
1090 4036 1287 4106 quibus
1320 4052 1461 4091 nunc
1494 4048 1679 4092 noster
1703 4036 1953 4107 planctus
1984 4046 2067 4091 est
2092 4036 2161 4089 ri-

566 4142 660 4183 sus
698 4146 711 4183 :
744 4136 796 4183 et
824 4137 879 4181 ut
906 4143 964 4183 se
1010 4128 1177 4181 lu‘sse
1206 4127 1408 4183 divites
1439 4129 1679 4199 lugeant,
1716 4131 1807 4200 qui
1836 4144 1979 4183 nunc
2004 4129 2161 4182 Chri—

567 4222 634 4276 sti
663 4221 991 4291 pauperibus
1024 4221 1369 4290 impudenter
1398 4221 1677 4276 insultant.
1709 4221 1781 4276 De
1810 4220 2004 4291 quibus
2022 4219 2159 4275 Seti-

570 4328 723 4387 ptura
751 4316 883 4372 dicit
915 4334 926 4370 :
964 4316 1106 4370 Tunc
1146 4317 1351 4370 stabunt
1385 4308 1521 4389 justi
1550 4319 1600 4370 in
1633 4333 1820 4385 ntagna
1866 4315 2159 4368 constantia

561 4410 812 4463 adversus
842 4424 927 4463 eos
953 4409 1041 4479 qui
1072 4424 1126 4462 se
1145 4410 1567 4479 angustiareruut
1598 4424 1615 4462 :
1642 4418 1690 4462 et
1710 4408 1799 4478 qui
1828 4406 2160 4462 abstulerunt

565 4501 767 4557 labores
793 4518 990 4556 eorum.
1029 4500 1272 4557 Videntes
1301 4502 1645 4557 turbabuntur
1664 4504 1845 4557 timore
1874 4500 2113 4556 [terribili
2136 4515 2158 4556 :

563 4602 611 4647 et
632 4594 947 4647 subitatione
968 4593 1249 4663 insperatae
1268 4594 1453 4648 salutis
1477 4595 1645 4649 dicent
1673 4595 1811 4649 intra
1834 4611 1888 4648 se
1914 4595 2161 4665 paeniten-
2189 4581 2239 4642 D

566 4690 689 4745 tiam
720 4698 933 4760 agentes
956 4728 971 4753 ,
1016 4697 1063 4742 et
1092 4704 1203 4760 pra:
1230 4691 1471 4760 angustia
1518 4689 1731 4760 spiritus
1762 4700 2017 4760 gementes
2044 4705 2061 4742 :
2090 4688 2162 4741 Hi

567 4790 687 4837 sunt
712 4798 838 4852 quos
864 4782 1148 4853 aliquando
1170 4781 1443 4836 habuimus
1462 4783 1518 4836 in
1547 4782 1798 4848 derisum,
1828 4794 1877 4837 et
1900 4783 1952 4836 in
1975 4782 2161 4838 simili-

570 4873 799 4927 tudinem
820 4874 1139 4945 improperii.
1169 4872 1284 4928 Nos
1305 4874 1575 4938 insensati,
1604 4876 1758 4929 vitam
1782 4874 1995 4931 illorum
2019 4879 2163 4933 msti-

572 4965 839 5018 mabamus
866 4966 1149 5033 insaniam,
1179 4973 1225 5020 et
1248 4967 1405 5035 ﬁnem
1434 4982 1612 5021 eorum
1639 4970 1748 5022 sine
1769 4967 1985 5025 honore.
2021 4970 2164 5035 Quo-

572 5059 726 5112 modo
752 5074 873 5129 ergo
904 5077 1038 5115 nunc
1067 5063 1353 5131 computati
1383 5073 1502 5116 sunt
1526 5063 1656 5116 inter
1688 5064 1825 5133 ﬁlios
1860 5062 1977 5125 Dei.
2012 5074 2057 5118 et
2080 5065 2163 5118 in-

568 5160 645 5206 ter
671 5158 877 5204 sanctos
902 5168 1012 5207 sors
1051 5154 1262 5208 illorum
1288 5164 1363 5209 cst
1394 5154 1567 5228 (Sap.
1599 5172 1650 5223 ν)
1683 5158 1704 5211 i
1762 5174 1899 5227 seqq.
1924 5159 1939 5223 )
1965 5156 1988 5209 ‘i
2022 5158 2164 5228 Ergo

568 5261 675 5299 non
709 5244 1009 5300 erravimus
1037 5262 1065 5300 a
1094 5248 1177 5301 via
1209 5248 1453 5304 verititis
1478 5268 1489 5303 :
1510 5260 1564 5305 et
1590 5250 1817 5319 justitire
1846 5252 2024 5306 iumen
2055 5268 2161 5306 non

568 5334 703 5389 luxit
761 5334 919 5390 nobis
950 5354 963 5390 :
997 5346 1048 5390 et
1076 5338 1155 5391 sol
1192 5354 1298 5392 non
1330 5349 1408 5395 ρει
1442 5350 1595 5394 ortus
1630 5341 1804 5397 nobis.
1836 5341 2048 5398 Lassati
2074 5358 2165 5399 su-

571 5443 693 5483 mus
724 5428 778 5483 in
812 5428 1112 5498 iniquitatis
1154 5431 1236 5485 via
1268 5440 1321 5486 et
1371 5432 1729 5501 perditionis:
1762 5444 1816 5489 et
1864 5436 2165 5491 ambulavi-

571 5537 693 5575 mus
722 5523 773 5576 in
796 5522 1121 5579 solitudines
1151 5524 1423 5590 difﬁciles,
1451 5526 1579 5581 dum
1607 5528 1746 5583 viam
1772 5530 1988 5584 Domini
2015 5532 2167 5602 igua.

572 5615 829 5670 ravimus.
863 5615 1004 5682 Quid
1036 5618 1240 5685 proluit
1264 5618 1422 5674 nobis
1451 5622 1704 5686 superbia
1737 5634 1949 5689 nostra,
1974 5635 2065 5679 aut
2088 5626 2166 5681 di-

570 5707 823 5763 vitiarum
851 5710 1076 5776 jactatio
1127 5712 1256 5780 quid
1285 5713 1516 5768 contulit
1544 5714 1749 5771 nobis?
1807 5717 2167 5775 Transierunt

571 5798 753 5856 omnia
784 5799 886 5866 ista
918 5807 1193 5871 tamquam
1224 5801 1441 5859 umbra.

2252 1897 2441 1951 buntur
2470 1896 2488 1969 (
2520 1897 2708 1953 Matth.
2732 1913 2770 1961 ι.
2796 1897 2889 1969 5).
2925 1898 3027 1966 Qui
3065 1898 3279 1971 lugent,
3327 1899 3497 1970 inquit
3526 1940 3541 1964 ,
3575 1899 3675 1956 hoc
3720 1909 3859 1956 tem-

2262 2005 2411 2059 porc,
2446 1992 2544 2062 ipsi
2577 1991 2922 2061 postmodum
2966 1993 3401 2049 consolabuntur
3433 2009 3458 2046 a
3484 1994 3723 2049 Christo.
3759 1994 3857 2048 [ii-

2251 2086 2507 2141 dcntibus
2529 2103 2656 2142 vero
2688 2088 2889 2143 dicitur
2917 2104 2931 2142 :
2966 2087 3054 2142 Vte
3074 2089 3214 2144 vobis
3244 2089 3334 2160 qui
3355 2088 3533 2143 ridetis
3556 2105 3709 2153 nunc,
3735 2091 3859 2160 quia

2253 2176 2514 2248 lugebitis.
3722 2228 3729 2232 .

2326 2270 2435 2326 VII.
2463 2270 2566 2328 Sed
2591 2287 2657 2327 ne
2686 2272 2807 2343 quis
2838 2280 2987 2341 putet
3015 2271 3159 2343 quod
3206 2273 3467 2329 Dominus
3515 2274 3862 2343 generaliter

2252 2364 2506 2418 omnibus
2559 2364 2861 2419 ridentibus
2914 2366 3304 2431 COilllllillellll',
3365 2381 3485 2421 cum
3528 2366 3657 2433 alibi
3712 2365 3858 2421 dicat

2254 2456 2531 2526 Scriptura
2562 2475 2574 2511 :
2609 2458 2702 2512 Vir
2734 2468 2909 2513 autem
2935 2461 3146 2529 sapiens
3175 2462 3367 2515 tacitus
3397 2460 3584 2515 ridebit
3607 2460 3786 2533 (Eccl.
3818 2478 3859 2529 t,

2252 2549 2323 2605 ι29
2351 2550 2389 2619 ).
2434 2550 2529 2604 Est
2565 2567 2695 2621 ergo
2733 2556 2850 2607 sine
2879 2553 3108 2608 crimine
3135 2553 3281 2608 risus
3304 2562 3359 2608 et
3381 2562 3465 2609 est
3485 2554 3632 2609 risus
3662 2555 3717 2609 in
3746 2555 3860 2610 cri-

2254 2642 2420 2698 mine.
2446 2642 2717 2713 Sapientis
2741 2644 2905 2713 risus,
2938 2644 3067 2700 nihil
3099 2645 3157 2699 in
3186 2660 3245 2702 se
3273 2646 3517 2701 criminis
3546 2646 3729 2702 habet.
3765 2649 3865 2704 ille

2252 2748 2385 2790 vero
2440 2733 2692 2805 indignus
2722 2746 2823 2799 est,
2860 2738 2950 2805 qui
2999 2746 3241 2804 sanctos,
3298 2748 3351 2793 et
3381 2754 3477 2794 eos
3519 2742 3609 2809 qui
3652 2755 3714 2796 se
3748 2742 3865 2797 Deo

2255 2824 2533 2891 exhibent,
2571 2827 2760 2882 irridet
2791 2846 2802 2881 :
2835 2828 2903 2883 de
2929 2845 3037 2900 quo
3064 2830 3269 2885 dictttm
3295 2845 3419 2886 esse
3446 2839 3577 2901 puto
3605 2850 3616 2884 :
3653 2832 3759 2899 Qui
3791 2834 3867 2887 ir-

2254 2920 2385 2973 ridet
2417 2921 2640 2991 inopem,
2702 2922 2772 2976 ad
2800 2922 3125 2977 iracundiam
3175 2934 3418 2990 provocat
3448 2940 3563 2978 eum
3600 2926 3692 2995 qui
3740 2926 3867 2992 fecit

2254 3011 2424 3067 illum.
2454 3013 2559 3068 Sed
2589 3018 2709 3083 quis
2756 3024 2837 3070 est
2867 3015 2967 3069 iste
2998 3014 3179 3083 inops,
3213 3015 3372 3086 cujus
3404 3016 3867 3073 subsannationis

2257 3121 2418 3160 causa
2447 3106 2707 3161 Dominus
2733 3120 3064 3176 provocatur
3095 3108 3161 3162 ad
3189 3109 3321 3164 iram
3348 3124 3362 3164 :
3394 3110 3494 3163 nisi
3524 3109 3615 3162 ille
3636 3109 3731 3179 qui
3762 3110 3870 3163 hu-

2179 3187 2228 3253 Π
2263 3214 2450 3252 manas
2481 3209 2834 3263 terrenasque
2884 3216 3016 3270 opes
3050 3201 3258 3258 ideirco
3288 3202 3644 3272 contempsit,
3680 3212 3736 3258 ut
3784 3203 3869 3259 illi

2262 3292 2503 3360 placeret
2532 3308 2758 3363 pauper,
2788 3295 2873 3348 cui
2906 3293 3131 3350 difficile
3158 3295 3391 3361 Opuiens
3417 3295 3632 3363 placere
3656 3298 3871 3365 potuis-

2258 3383 2376 3439 set?
2402 3384 2589 3439 Merito
2622 3385 2729 3440 illis
2773 3387 3023 3442 irascitur
3052 3386 3348 3451 Dominus,
3392 3388 3482 3457 qui
3534 3396 3756 3457 propter
3806 3403 3871 3443 se

2262 3492 2555 3546 pauperem
2602 3477 2803 3533 factum
2846 3479 3082 3534 irridere
3113 3496 3219 3535 non
3252 3488 3520 3536 metuunt.
3555 3479 3873 3538 lrridebant

2260 3570 2405 3623 enim
2457 3570 2653 3625 scriba:
2701 3580 2755 3625 et
2812 3570 3065 3641 pharisaei
3114 3571 3393 3626 Christum
3424 3602 3437 3637 ,
3468 3566 3603 3642 quia'
3644 3572 3871 3629 divitias

2260 3669 2666 3730 contempserat
2707 3680 2720 3715 :
2771 3664 2912 3717 sicut
2957 3664 3220 3733 scriptum
3260 3673 3391 3719 est:
3429 3662 3559 3718 Ηαιε
3593 3665 3871 3721 audientes

2258 3756 2437 3811 scriba:
2478 3763 2525 3808 et
2554 3753 2829 3823 pltarisa'i,
2864 3756 2953 3826 qui
3002 3766 3147 3810 erant
3186 3757 3367 3824 avari,
3402 3756 3684 3811 irridebant
3720 3773 3869 3811 eum.

2262 3848 2533 3903 Habemus
2561 3854 2617 3902 et
2644 3862 2743 3901 nos
2768 3849 2999 3914 scribas,
3030 3848 3293 3903 habemus
3324 3851 3487 3903 etiam
3522 3847 3832 3917 pharisaeus
3854 3892 3869 3917 ,

2262 3941 2351 4011 qui
2380 3956 2526 3996 nunc
2549 3940 2850 4009 discipulos
2876 3939 3078 3994 Christi
3103 3950 3428 4009 spernentes
3456 3939 3699 4008 divitias,
3738 3940 3870 3996 irri-

2262 4038 2392 4090 deat
2435 4053 2446 4088 :
2478 4034 2623 4091 sicut
2646 4034 2723 4088 illi
2764 4036 2982 4090 irrisere
3009 4024 3295 4088 hominum
3328 4049 3390 4088 ac
3423 4033 3769 4102 imagisttum.

2340 4128 2467 4185 Vlii.
2501 4129 2605 4185 Sed
2636 4128 2926 4184 dicemlum
2974 4138 3058 4182 est
3096 4130 3199 4193 eis,
3247 4127 3389 4197 quod
3433 4137 3562 4183 tunc
3604 4130 3869 4198 temporis

2262 4224 2466 4280 dictum
2526 4235 2607 4279 cst
2649 4224 2756 4278 illis
2799 4242 2814 4275 :
2858 4222 2957 4276 Vos
3008 4224 3127 4276 estis
3168 4223 3256 4293 qui
3281 4223 3592 4292 justi/iratis
3636 4240 3726 4277 vos
3780 4239 3871 4278 co-

2262 4335 2373 4372 ram
2403 4318 2714 4371 hominibus.
2753 4315 2904 4383 Quod
2934 4317 3068 4369 enim
3100 4316 3391 4369 hominibus
3422 4316 3587 4369 altum
3615 4326 3714 4381 est,
3737 4317 3867 4370 abo-

2263 4413 2484 4465 miitatio
2512 4420 2585 4465 est
2608 4412 2749 4479 apud
2776 4409 2939 4463 Deum
2969 4409 3133 4480 (Luc.
3169 4425 3289 4477 va,
3331 4409 3449 4480 15).
3502 4409 3618 4466 Non
3649 4420 3874 4481 oportet

2264 4521 2394 4577 ergo
2424 4520 2523 4560 nos
2550 4505 2909 4575 quorumdam
2933 4504 3045 4559 risu
3074 4505 3160 4558 vel
3190 4505 3617 4560 subsnnnatione
3648 4507 3869 4571 terreri,

2268 4616 2388 4657 cum
2422 4603 2585 4656 etiam
2619 4602 2793 4669 ipsum
2826 4599 3108 4653 Dotniuum
3138 4616 3165 4652 a
3199 4599 3398 4654 talibus
3422 4613 3528 4655 non
3552 4599 3873 4670 ignoremus

2268 4697 2485 4753 irrisum
2517 4713 2528 4748 :
2558 4694 2657 4750 sed
2689 4694 2967 4750 exsultare
3014 4693 3192 4762 potius
3219 4702 3275 4749 ct
3301 4692 3543 4763 gaudere
3574 4693 3868 4761 debemus,

2268 4791 2315 4847 si
2342 4801 2396 4847 et
2420 4805 2519 4846 nos
2551 4790 2641 4845 illa
2668 4789 2848 4845 omnia
2872 4804 2992 4857 qtt2e
3025 4787 3288 4843 Dominus
3325 4796 3513 4843 noster
3537 4798 3665 4843 aute
3689 4800 3876 4857 pertuo

2269 4884 2354 4951 lit,
2386 4882 2742 4953 perieramus,
2777 4882 3050 4952 recepturi
3074 4881 3243 4936 etiam
3275 4896 3373 4949 pro
3423 4880 3538 4948 ipsa
3565 4884 3876 4936 subsanna-

2270 4975 2419 5031 tiuue
2449 4974 2779 5030 mercedem.
2808 4973 2943 5042 Quia
2976 4972 3108 5026 nihil
3136 4972 3380 5040 estquod
3406 4970 3563 5026 nobis
3590 4986 3690 5041 pro
3713 4970 3877 5027 Chri-

2268 5070 2337 5124 sti
2368 5069 2587 5125 nomine
2617 5068 2735 5123 sine
2768 5066 2994 5137 praemio
3043 5066 3333 5134 irrogetur.
3365 5064 3501 5120 Vide
3530 5078 3661 5131 ergo
3701 5080 3874 5133 quam

2268 5163 2409 5219 beati
2440 5162 2550 5219 sint
2598 5171 2762 5231 atque
2810 5161 3020 5224 felices,
3054 5158 3257 5227 quibus
3287 5159 3452 5213 etiam
3486 5156 3876 5227 insipientium

2269 5258 2412 5312 risus
2444 5255 2654 5326 prolicit
2679 5254 2746 5309 ad
2775 5253 3031 5309 salutem.
3071 5252 3145 5306 ita
3174 5253 3319 5307 enim
3348 5252 3603 5307 Dominus
3633 5250 3871 5323 diligen-

2270 5358 2352 5404 tes
2382 5363 2443 5403 se
2485 5346 2677 5415 diligit,
2716 5346 2790 5401 ita
2828 5360 2889 5400 se
2935 5345 3191 5399 timentes
3225 5343 3458 5400 honorat
3487 5362 3499 5397 :
3529 5352 3589 5398 ut
3618 5359 3723 5401 nec
3752 5347 3877 5401 irii-

2271 5440 2385 5497 deri
2411 5454 2506 5494 eos
2532 5438 2764 5508 gratuito
2789 5438 2954 5503 sinat,
2988 5436 3182 5507 quibus
3222 5447 3276 5492 et
3318 5449 3415 5506 pro
3443 5436 3876 5495 subsannatione

2270 5534 2521 5591 retribuit
2544 5530 2827 5585 ultionem.

2344 5626 2434 5681 ιχ.
2478 5623 2603 5679 lLec
2626 5621 2784 5692 igitur
2808 5630 2863 5675 tu
2884 5663 2898 5688 ,
2920 5623 3142 5691 sapiens
3165 5616 3461 5691 sanctaque
3482 5622 3665 5678 anima
3683 5664 3701 5690 ,
3721 5624 3867 5688 vide,

2275 5736 2341 5776 ne
2369 5714 2742 5786 insipientium
2774 5724 2828 5769 et
2856 5713 3153 5768 iulidelium
3187 5713 3387 5767 tabulis
3431 5715 3690 5769 terrearis
3722 5735 3735 5769 :
3769 5732 3878 5785 quo

2274 5812 2454 5869 minus
2483 5822 2544 5865 ea
2576 5821 2697 5878 quae
2727 5815 2851 5860 sunt
2879 5803 3008 5875 legis
3033 5845 3046 5869 ,
3079 5804 3259 5859 i.,cias.
3290 5802 3475 5873 Neque
3507 5806 3654 5862 enim
3688 5807 3760 5862 de
3786 5823 3880 5877 ες-
