4012 6190
159 264 275 319 2i5

1062 266 1390 335 EPISTULl
1439 266 1574 323 XLI.
1618 266 1707 324 DE
1748 266 2095 329 FERENDIS
2133 272 2566 333 OPPROBRIIS.

3370 284 3475 340 286

165 373 365 428 henna:
396 373 613 443 ignibus
642 388 740 431 nos
786 375 1070 433 hominum
1104 376 1301 433 fabula:
1342 386 1598 447 poterunt
1627 378 1762 433 libe-
1796 383 1839 439 Α
1872 381 1939 437 da
1962 416 1977 447 ,
2025 399 2148 454 quae
2203 398 2301 453 jro
2332 392 2549 445 nomine
2595 401 2650 447 et
2681 408 2845 461 opere
2873 390 3068 449 Christi
3097 403 3243 452 tanta
3272 408 3475 469 quanta

161 482 289 522 rare
312 468 398 522 vel
429 469 572 524 risus
595 486 611 528 :
635 470 729 525 sed
757 470 961 527 Christi
986 472 1147 527 timor
1180 480 1342 542 atque
1366 469 1509 541 justi
1538 471 1606 528 la.
1638 472 1771 525 Nolo

164 568 217 612 te
251 574 356 614 nec
385 560 438 614 in
474 562 575 616 hac
604 571 756 631 parte
785 564 1065 630 confundi,
1098 565 1144 620 si
1176 566 1270 620 tibi
1303 581 1402 635 pro
1431 563 1575 620 Chri.
1603 566 1637 617 ti
1671 581 1769 619 no-

163 653 313 709 mine
336 654 419 708 vel
448 670 615 723 Opere
632 698 646 721 ,
670 671 700 711 a
735 658 992 727 perituris
1013 670 1065 714 et
1090 658 1244 713 vanis
1269 660 1579 715 hominibus
1604 658 1771 715 dero-

158 757 338 815 getur:
360 748 553 817 quibus
568 757 623 805 et
642 751 919 806 interitum
946 752 1175 807 felicitas
1197 762 1444 821 praestat.
1463 751 1571 809 Sed
1598 751 1771 823 gaude

164 841 350 907 potius
374 851 427 896 et
457 841 676 912 laetare,
700 844 880 900 sciens
914 846 1007 900 tibi
1030 846 1318 916 repositam
1343 848 1505 902 etiam
1534 862 1631 919 pro
1655 849 1769 917 ipsa

157 932 523 1003 derogatione
550 937 883 992 mercedem.
902 937 1035 993 Nam
1056 940 1186 994 satis
1204 939 1440 1008 iniquum
1466 948 1522 995 et
1546 941 1767 1009 impium

155 1035 280 1092 est,
306 1028 353 1083 si
386 1037 442 1083 tu
492 1030 589 1085 tibi
620 1046 720 1101 pro
749 1032 867 1100 ejus
897 1033 1114 1087 nomine
1145 1047 1243 1087 nec
1263 1032 1475 1087 detrahi
1507 1033 1729 1102 patiaris
1748 1078 1762 1101 ,

154 1121 245 1190 qui
285 1130 512 1191 pr0pter
534 1132 585 1177 te
615 1130 757 1177 tanta
792 1139 1085 1194 perpessus
1112 1134 1210 1178 est.
1236 1124 1409 1193 Quam
1436 1140 1571 1180 vero
1598 1140 1763 1196 grave

154 1214 223 1266 sit
259 1228 366 1281 pro
384 1216 611 1269 Domino
637 1228 743 1269 non
766 1218 1039 1272 sustinere
1062 1217 1239 1271 omnia
1264 1257 1279 1283 ,
1303 1233 1423 1287 qua:
1444 1218 1765 1275 advenerint

154 1306 208 1359 in
234 1309 339 1362 hac
363 1308 467 1360 vita
489 1350 502 1373 ,
532 1309 645 1362 sive
666 1307 862 1363 damna
879 1349 893 1373 ,
919 1310 1033 1364 sive
1054 1309 1433 1379 derogatioues
1454 1353 1470 1377 ,
1495 1311 1763 1382 suspicio-

155 1416 259 1455 nes
286 1444 303 1469 ,
334 1400 720 1467 detractiones,
739 1402 826 1457 vel
854 1412 1050 1457 caetera
1068 1444 1082 1468 ,
1106 1402 1321 1472 quando
1350 1403 1440 1457 ille
1470 1418 1593 1459 cum
1619 1404 1763 1460 Deus

154 1502 207 1548 et
252 1494 348 1549 Dei
381 1494 555 1550 Filius
600 1506 781 1562 esset,
817 1511 912 1566 pro
944 1508 1033 1552 tua
1062 1498 1237 1553 salute
1268 1498 1555 1569 opprobria
1588 1498 1761 1553 homi-

153 1603 285 1641 num
331 1588 661 1660 injuriasqne
690 1590 976 1645 sustinuit!
1015 1592 1181 1647 Valde
1208 1593 1277 1647 ab
1316 1608 1380 1647 eo
1414 1593 1617 1648 alienus
1644 1601 1756 1659 est,

151 1680 241 1747 qui
272 1694 376 1735 nec
401 1680 765 1736 detractiones
795 1682 991 1738 saltem
1032 1685 1302 1740 sustinere
1329 1693 1618 1741 contentus
1654 1695 1757 1741 est.

1879 490 1976 543 pro
2010 478 2169 533 nobis
2199 479 2292 534 ille
2319 483 2605 552 sustinuit,
2632 486 2868 541 Voluerit
2896 489 3181 544 sustinere.

1948 570 2088 626 Xlll.
2129 573 2402 629 Caeterum
2455 577 2658 646 grande
2712 580 3013 646 periculum
3067 591 3151 637 est
3202 584 3467 655 justitiie,

1874 663 1992 729 eius
2014 668 2349 721 erubescere
2374 670 2625 740 exemplo
2650 671 2836 728 vivere
2859 712 2873 739 ,
2903 675 2992 743 qui
3021 684 3263 730 nostram
3293 678 3461 747 injus«

1874 758 2051 813 titiam
2081 775 2189 814 non
2217 763 2435 817 erubuit
2464 765 2756 821 sustinere.
2793 768 2997 825 Deinde
3024 770 3069 824 si
3100 785 3257 838 arqno
3286 773 3467 827 animo

1876 866 2168 917 pensamus
2201 856 2252 908 id
2283 858 2490 926 ipsum,
2540 873 2649 929 quo
2680 860 2837 915 nobis
2861 863 2983 932 quis
3008 864 3298 921 detrahere
3324 866 3473 922 vide-

1873 952 1962 996 tur
1991 944 2189 1013 injuste
2212 988 2227 1011 ,
2258 948 2465 1003 laudari
2499 965 2599 1005 nos
2627 965 2814 1022 ponus
2836 994 2852 1021 ,
2879 971 3041 1025 quam
3063 958 3310 1014 accusari
3342 973 3471 1029 pro-

1870 1031 2083 1089 bamur.
2116 1034 2247 1090 Nam
2268 1039 2399 1107 quid
2432 1040 2577 1095 aliud
2608 1042 2844 1109 faciunt,
2869 1061 2993 1101 cum
3016 1063 3144 1103 vera
3176 1048 3244 1104 de
3271 1051 3471 1106 sanctis

1866 1124 2086 1193 dicunt,
2117 1129 2217 1181 nisi
2246 1138 2305 1183 ut
2330 1145 2392 1185 ea
2426 1132 2613 1188 dicant
2638 1151 2760 1205 qua:
2789 1138 3016 1194 facimus
3038 1180 3051 1204 ,
3076 1140 3317 1211 jejunus,
3348 1143 3472 1199 abs-

1868 1217 2103 1272 tinentes
2121 1261 2135 1283 ,
2158 1220 2373 1276 sobrios
2399 1238 2413 1276 :
2438 1225 2529 1292 qui
2560 1227 2671 1293 jam
2697 1227 2906 1284 deliciis
2931 1246 3037 1285 non
3061 1232 3397 1289 delectamur
3417 1242 3473 1291 et

1864 1310 2069 1377 epulis,
2097 1312 2187 1379 qui
2214 1312 2429 1367 divitias
2452 1330 2564 1382 aper
2582 1318 2763 1371 nimus
2784 1359 2797 1384 ,
2828 1331 2883 1373 et
2915 1323 3173 1390 pretiosis
3204 1340 3312 1379 non
3354 1327 3471 1395 glo-

1864 1402 2068 1457 rinmur
2096 1404 2148 1458 in
2170 1404 2434 1461 vestibus.
2462 1408 2565 1474 Qui
2587 1411 2703 1463 auri
2722 1410 3023 1481 cupiditate
3045 1416 3269 1471 minime
3298 1419 3469 1488 capti-

1864 1511 2073 1566 v.mur,
2102 1501 2191 1569 qui
2222 1515 2328 1554 non
2356 1500 2708 1570 adipiscimur
2730 1518 3019 1576 argentum
3048 1548 3063 1575 ,
3106 1518 3161 1565 et
3191 1525 3467 1580 quaecum-

1863 1606 1967 1659 que
1987 1590 2217 1646 humana
2243 1594 2452 1648 vanitas
2470 1594 2683 1651 videtur
2697 1600 3017 1669 complecti,
3033 1604 3459 1659 contemnimus.

1866 1682 2056 1738 Nullus
2089 1684 2175 1739 hic
2219 1686 2557 1743 confusionis
2588 1700 2673 1743 est
2705 1690 2874 1758 locus,
2908 1694 3089 1747 nullus
3114 1696 3461 1751 verecundia:

153 1770 288 1824 Nam
318 1772 596 1841 quomodo
627 1789 750 1828 eum
794 1789 979 1829 amare
1024 1775 1291 1845 dicimus,
1324 1776 1367 1830 si
1403 1792 1499 1847 pro
1530 1791 1597 1833 eo
1625 1777 1758 1832 nihil
1864 1775 2059 1829 aditus.
2087 1775 2169 1830 Illi
2202 1779 2375 1847 magis
2395 1780 2720 1837 erubescere
2749 1784 2946 1839 debent
2978 1793 3142 1856 atque
3169 1786 3457 1857 confundi,

153 1865 438 1919 sustinere
466 1866 636 1933 parati
659 1866 890 1921 sumus?

222 1955 293 2010 Χ.
342 1958 498 2025 Quod
531 1960 575 2013 si
609 1959 659 2013 in
690 1960 848 2015 nobis
876 1968 958 2016 est
980 1960 1149 2033 ipsius
1181 1976 1306 2017 vera
1334 1961 1580 2029 dilectio,
1606 1978 1758 2034 quie-

156 2066 385 2119 cumque
416 2067 518 2118 pro
547 2052 662 2122 ejus
694 2050 943 2120 nomine,
968 2055 1218 2124 quamvis
1246 2053 1429 2125 gravia
1449 2096 1463 2119 ,
1499 2056 1743 2126 irrogen-

159 2153 262 2209 tur,
296 2146 493 2216 exigua
524 2162 816 2203 ct-rtsemus
840 2189 853 2213 ,
900 2157 956 2203 ct
983 2147 1259 2205 dicimus:
1296 2150 1463 2204 Parva
1496 2160 1624 2205 sunt
1655 2152 1752 2205 ista

162 2255 277 2308 qua:
315 2242 589 2308 patimur:
636 2240 839 2312 majora
880 2242 968 2296 ille
1002 2256 1098 2310 pro
1139 2241 1243 2296 vita
1279 2254 1467 2297 nostra
1502 2244 1747 2312 pertulit.

160 2330 297 2384 Νιιιιί
332 2329 489 2386 nobis
517 2333 735 2402 dignum
768 2350 863 2404 pro
886 2334 1004 2404 ejus
1033 2333 1253 2389 nomine
1283 2335 1569 2403 irrogatur.
1594 2336 1751 2402 Quod

158 2425 198 2477 si
227 2426 512 2479 sententia:
559 2427 731 2495 ipsius
783 2442 1053 2483 memores
1084 2443 1270 2482 sumus
1294 2468 1309 2495 ,
1360 2429 1746 2499 intelligemus.

160 2515 243 2568 Ait
268 2516 443 2570 enim:
479 2516 599 2571 Non
628 2527 700 2573 est
727 2520 1017 2590 discipulus
1059 2536 1218 2590 super
1248 2524 1561 2590 magistrum
1588 2538 1607 2576 .'
1658 2538 1750 2576 nec

161 2624 325 2662 servus
346 2625 503 2678 super
525 2608 808 2665 Dominum
831 2629 983 2666 suum
1012 2612 1166 2684 (Luc.
1195 2629 1263 2677 vr,
1294 2613 1404 2683 40).
1429 2614 1491 2669 Si
1512 2626 1745 2685 patrm:-

162 2701 379 2768 familias
400 2701 685 2757 Beelzebub
714 2716 1039 2771 vocaverunt,
1075 2714 1270 2773 quanto
1302 2708 1467 2778 magis
1494 2707 1745 2761 domesti-

160 2811 240 2848 cos
269 2797 382 2867 ejus
400 2798 419 2850 .'
439 2798 501 2851 Et
522 2814 621 2853 nos
643 2812 771 2867 ergo
794 2800 836 2852 si
857 2798 1131 2870 discipuli,
1158 2801 1202 2853 si
1226 2799 1512 2856 domestici
1540 2803 1745 2857 Christi

162 2901 358 2955 sumus,
376 2888 1446 2964 debemusopprobria,dctractioaesque
1460 2896 1739 2964 amplecti,

162 2989 209 3031 ct
230 2981 495 3036 suSIincre
524 2983 786 3038 libenter:
809 2994 864 3038 et
888 2998 1042 3054 :equo
1064 2984 1247 3039 animo
1273 3000 1335 3040 ea
1361 2988 1541 3040 omnia
1570 2988 1707 3042 ferre
1727 3028 1742 3053 ,

162 3088 273 3142 qua:
304 3088 398 3142 pro
444 3074 603 3130 nobis
634 3078 889 3145 magister
914 3085 967 3131 et
998 3075 1253 3130 Dominus
1281 3078 1499 3147 pertulit
1531 3092 1733 3134 nosrer.

1826 1852 1837 1865 ’
1861 1864 1950 1935 qui
1982 1880 2044 1921 ea
2071 1882 2191 1936 qua:
2221 1870 2423 1923 sanctis
2452 1870 2741 1939 displicent
2760 1914 2776 1937 ,
2798 1852 3214 1945 concupiscunt.

1937 1958 2075 2014 XIV.
2121 1960 2461 2017 Erubescaut
2488 1962 2651 2031 igitur
2672 1964 2910 2031 ebriosi,
2936 1982 3193 2034 voraces,
3229 1970 3410 2040 injusti
3439 2014 3455 2039 ,

1863 2060 2113 2120 raptores
2134 2093 2148 2117 ,
2172 2052 2439 2121 adulteri,
2486 2066 2537 2109 et
2566 2055 2891 2127 quicumque
2921 2058 3032 2113 suis
3059 2059 3363 2129 gloriantur
3395 2065 3449 2118 in

1862 2141 2035 2203 malis,
2061 2157 2197 2212 quos
2222 2146 2487 2213 gehennze
2506 2145 2644 2215 ignis
2672 2159 2980 2216 οιερθειιιιε
3005 2159 3059 2205 et
3082 2150 3278 2220 quibus
3309 2168 3441 2222 sup-

1861 2236 2013 2303 plicia
2049 2248 2425 2305 praaparantur
2453 2251 2681 2294 aeterna.
2713 2239 3004 2297 Facientes
3031 2255 3211 2298 autem
3240 2245 3451 2301 Domini

1858 2328 2225 2396 voluntatem,
2256 2329 2514 2385 eonfundi
2561 2347 2666 2385 non
2696 2332 2938 2388 debent;
2975 2338 3025 2390 in
3070 2338 3269 2406 quibus
3309 2342 3457 2395 nulla

1855 2418 2189 2475 confusionis
2212 2429 2345 2477 sunt
2372 2437 2560 2493 Opera.
2606 2424 2652 2481 0
2674 2441 2836 2495 quam
2867 2428 3147 2498 indignum
3178 2441 3266 2488 est
3293 2442 3457 2504 atque

1855 2524 2245 2581 prteposterum
2266 2555 2281 2576 ,
2303 2525 2358 2568 ιιι
2380 2516 2514 2583 justi
2536 2516 2945 2576 confundantur
2965 2522 3015 2576 in
3041 2522 3198 2580 battis
3214 2566 3229 2593 ,
3254 2535 3309 2581 et
3332 2542 3458 2595 pec-

1853 2616 2067 2661 catores
2093 2606 2398 2675 glorientur
2421 2608 2474 2664 in
2507 2610 2661 2664 malis
2692 2611 2705 2665 l
2758 2611 2947 2669 Videat
2973 2630 3105 2685 ergo
3132 2619 3309 2672 anima
3344 2620 3453 2673 lico

1852 2696 2079 2763 devota,
2115 2714 2182 2755 ne
2212 2698 2581 2769 insipientium
2634 2703 2779 2758 risus
2825 2721 2979 2774 eam,
3014 2719 3107 2763 aut
3158 2712 3449 2767 stultorum

1852 2789 2130 2847 hominum
2183 2794 2514 2852 vanissimus
2564 2812 2746 2853 sermo
2792 2800 3132 2869 confundat,
3176 2815 3231 2861 ct
3270 2822 3300 2860 a
3349 2822 3450 2863 suo

1854 2886 2134 2953 proposito
2164 2888 2443 2944 retrahat:
2477 2890 2529 2945 in
2557 2908 2667 2961 quo
2700 2896 2868 2965 magis
2910 2911 3007 2966 per
3054 2898 3177 2955 dies
3206 2902 3447 2973 singulos

1848 2981 2117 3049 prolicere
2148 2979 2309 3037 debet
2342 2982 2393 3037 in
2427 2984 2642 3040 melius.
2678 2986 2866 3041 Videat
2900 3006 2967 3044 ne
3012 2993 3133 3062 quis
3163 3008 3193 3046 a
3250 2994 3448 3052 timore

1852 3070 2051 3125 Christi
2080 3086 2140 3127 se
2164 3084 2420 3139 revocet,
2448 3092 2517 3145 ne
2549 3078 2669 3148 quis
2701 3079 2769 3134 ab
2798 3080 2915 3149 ejus
2941 3083 3233 3139 dilectione
3263 3100 3323 3141 se
3368 3089 3450 3141 di-

226 3166 311 3220 Xl.
352 3168 452 3235 Qui
481 3184 611 3224 vero
634 3169 751 3224 hzec
781 3169 1060 3225 sustinere
1085 3185 1191 3225 non
1218 3172 1360 3239 vult,
1388 3186 1488 3227 nec
1509 3172 1743 3242 discipu-

1853 3164 2052 3231 vellat,
2086 3178 2308 3236 propter
2340 3185 2501 3239 quem
2541 3186 2762 3227 omnem
2795 3175 2981 3229 smculi
3033 3177 3265 3247 gloriam
3295 3195 3448 3248 pom-

162 3262 259 3317 luta
284 3262 403 3331 ejus
432 3278 491 3319 se
513 3264 801 3333 deprumat
831 3280 952 3320 esse
969 3305 984 3331 ,
1012 3279 1111 3320 nec
1136 3280 1386 3331 servum,
1408 3282 1505 3320 nec
1532 3266 1699 3321 filium
1724 3308 1738 3334 ,

160 3373 255 3412 nec
292 3358 671 3414 domesticum.
705 3359 798 3414 Ille
826 3362 969 3414 enim
1001 3360 1297 3425 innocens,
1329 3362 1739 3429 immaculatus,

160 3450 385 3507 intactus
410 3495 423 3515 ,
472 3454 523 3507 in
574 3469 680 3523 quo
713 3455 857 3508 nulla
888 3456 1062 3523 potuit
1092 3455 1302 3524 peccati
1336 3455 1546 3509 macula
1586 3471 1742 3525 repe-

160 3544 273 3597 riri:
300 3544 365 3598 de
388 3562 493 3614 quo
522 3544 789 3614 l’rOpheta
821 3545 1151 3615 praedixerat
1176 3563 1189 3598 :
1214 3546 1317 3613 Qui
1343 3557 1611 3614 peccatum
1634 3563 1738 3600 nou

159 3638 285 3705 fecit,
318 3655 411 3691 nec
432 3636 587 3691 dolus
616 3640 852 3692 intentus
882 3648 955 3692 est
983 3640 1033 3691 in
1067 3654 1153 3692 ore
1182 3642 1292 3710 eius
1322 3637 1455 3711 (1.5".
1489 3655 1605 3705 LIII,
1635 3641 1733 3704 ll);

160 3728 308 3784 ΙΡει.
361 3746 421 3793 ιι,
452 3730 568 3801 2:2),
606 3747 704 3800 pro
759 3732 913 3786 nobis
965 3730 1242 3801 sacrilegis
1273 3742 1329 3787 et
1360 3732 1736 3802 peccatoribus

157 3833 203 3875 ct
228 3832 430 3879 aeterno
453 3824 725 3893 supplicio
755 3826 1081 3894 mancipatis
1103 3868 1116 3891 ,
1151 3834 1421 3896 tamquam
1453 3826 1735 3881 atrocissi-

157 3934 262 3972 mus
311 3933 439 3973 reus
468 3918 539 3973 ab
564 3918 762 3987 iniquis
808 3918 1011 3988 judicio
1038 3919 1276 3985 sistitur,
1307 3920 1536 3989 flagellis
1565 3922 1732 3977 cardi-

157 4014 252 4075 tttr,
286 4012 690 4079 sputaminibus
725 4012 1030 4066 irridetur:
1085 4020 1141 4066 et
1186 4028 1285 4067 nos
1338 4025 1560 4083 propter
1608 4018 1731 4069 cum

154 4101 527 4177 confundimur
555 4103 914 4171 erube~cere,
947 4105 1036 4174 qui
1067 4114 1287 4175 propter
1311 4120 1411 4160 nos
1438 4113 1583 4161 tanta
1609 4123 1732 4177 per-

156 4176 465 4260 pessusest.
492 4195 587 4250 Ille
618 4196 760 4251 enim
808 4214 903 4268 pro
935 4199 1109 4253 salute
1134 4209 1321 4253 nostra
1352 4200 1576 4256 dorsum
1606 4217 1731 4257 ver-

154 4288 363 4344 berilsus
385 4332 401 4355 ,
429 4291 824 4359 sputaminibus
857 4291 1048 4348 faciem
1076 4335 1089 4357 ,
1122 4294 1370 4349 maxillas
1400 4296 1593 4365 palmis
1621 4312 1728 4352 non

149 4385 485 4440 confunditur
518 4401 746 4456 parare:
775 4398 827 4443 et
860 4404 957 4443 nos
989 4404 1085 4458 pro
1114 4403 1182 4444 eo
1229 4389 1353 4445 leve
1379 4390 1542 4446 etiam
1596 4406 1727 4446 con-

153 4474 417 4530 fundimur
444 4477 635 4532 audire
665 4478 1004 4533 convitium?
1049 4479 1394 4538 Gaudeamus
1423 4484 1600 4553 potius
1621 4523 1637 4550 ,
1671 4492 1725 4539 et

1848 3270 2080 3325 pimque
2124 3262 2490 3330 contempsit,
2522 3263 2609 3316 cui
2656 3262 2790 3317 nihil
2841 3264 3060 3333 dignum
3110 3267 3447 3333 pmnitentizn

1845 3350 2215 3420 comparavit,
2240 3367 2402 3421 quem
2432 3354 2751 3422 parentibus
2785 3356 2915 3421 lilii,
2940 3373 3100 3425 quem
3135 3358 3321 3416 liberis
3351 3378 3445 3433 pa-

1847 3449 1985 3507 tres,
2006 3458 2168 3512 quem
2203 3442 2471 3513 conjugiis
2496 3446 2793 3513 praeferunt
2818 3449 3181 3505 continentes.

1916 3531 2030 3586 XV.
2073 3533 2295 3588 Crescat
2328 3534 2383 3589 in
2407 3536 2566 3590 nobis
2588 3538 2833 3606 quotidie
2863 3554 3019 3594 amor
3058 3542 3259 3598 Christi
3282 3584 3298 3614 ,
3322 3561 3441 3602 crc-

1842 3639 1957 3682 scat
1982 3627 2140 3695 ﬁdes,
2157 3628 2281 3699 quia
2309 3645 2498 3702 magna
2523 3647 2624 3686 nos
2654 3647 2750 3702 pro
2772 3632 2867 3687 Dei
2885 3649 3073 3691 amore
3106 3653 3315 3697 merces
3341 3656 3440 3697 es-

1840 3728 2090 3789 spectat:
2116 3730 2321 3776 tantum
2351 3738 2419 3776 ne
2447 3723 2517 3777 ab
2542 3723 2661 3793 ejus
2690 3725 2905 3782 cultura
2928 3768 2943 3795 ,
2967 3730 3051 3785 vel
3074 3712 3241 3800 Opere
3269 3736 3439 3792 semel

1839 3814 2034 3867 devota
2067 3828 2221 3869 mens
2242 3830 2303 3870 se
2327 3816 2598 3886 retrahat,
2624 3833 2691 3874 ne
2711 3817 2763 3874 ei
2785 3820 2997 3877 dicatur
3014 3840 3029 3877 :
3049 3822 3235 3881 Habeo
3256 3828 3439 3883 adver-

1837 3925 1953 3962 sum
1994 3918 2042 3962 te
2102 3925 2306 3979 pauca,
2348 3911 2487 3980 quod
2536 3910 2843 3970 charitatem
2887 3918 3111 3986 priorem
3155 3922 3433 3991 reliquisti.

1802 4034 1819 4045 .
1837 4000 2027 4071 (Apoc.
2054 4016 2115 4069 ιι,
2140 4001 2219 4070 ὁ).
2275 4001 2429 4057 Unde
2455 4014 2664 4060 certum
2690 4015 2773 4061 est
2791 4049 2805 4074 ,
2831 4025 2937 4063 non
2968 4011 3280 4067 hominibus
3308 4014 3427 4082 pla-

1836 4094 2101 4159 cendum,
2134 4094 2230 4149 sed
2258 4094 2507 4151 Christo:
2548 4112 2649 4152 nec
2690 4099 2978 4157 humanam
3009 4102 3223 4159 laudem
3250 4106 3421 4174 qnteri

1839 4185 2061 4252 delere,
2087 4187 2181 4243 sed
2211 4188 2468 4246 divinam.
2494 4191 2633 4259 Quid
2664 4193 2819 4249 nobis
2852 4197 3105 4265 prodest,
3131 4198 3173 4251 si
3208 4197 3287 4251 illi
3318 4213 3421 4254 nos

1834 4276 2093 4344 laudent,
2117 4279 2313 4347 quibus
2337 4281 2559 4352 placere
2582 4295 2861 4354 peccatum
2886 4288 3005 4342 est?
3022 4287 3229 4356 Quidve
3249 4288 3430 4355 obest,

1832 4373 1877 4424 si
1904 4372 2207 4441 vituperent
2233 4371 2319 4441 hi,
2348 4389 2579 4445 quorum
2607 4392 2717 4432 non
2750 4377 2871 4447 plus
2908 4379 3235 4450 vituperatio
3264 4381 3431 4451 prod-

1833 4476 1936 4533 est,
1975 4484 2133 4538 quam
2159 4470 2315 4525 obest
2341 4470 2614 4526 laudatio?
2652 4473 2949 4529 Audiamus
2973 4477 3145 4547 magis
3167 4476 3297 4546 quid
3335 4477 3429 4534 ille

150 4569 394 4632 Letemur,
421 4572 465 4624 si
495 4588 592 4640 pro
625 4581 730 4627 tam
761 4574 967 4642 magnis
991 4573 1106 4643 ejus
1128 4584 1182 4629 et
1206 4590 1305 4645 pro
1334 4550 1518 4632 nostra
1546 4578 1727 4635 salute
1752 4553 1757 4613 ί

1851 4579 1925 4619 ras
1953 4564 2237 4620 electionis
2258 4564 2450 4621 doctor
2469 4568 2708 4635 gentium
2730 4569 2898 4635 dicat,
2917 4579 2968 4622 ct
2991 4585 3099 4639 quo
3122 4584 3221 4624 nos
3239 4585 3309 4626 ne
3329 4569 3431 4625 ho~

151 4666 473 4729 passionibus
497 4666 583 4720 vel
618 4680 781 4735 parva
812 4669 1199 4723 sustineamus.

208 4757 313 4813 ΧΗ.
354 4757 635 4814 Caeterum
663 4776 784 4829 qnze
811 4777 936 4830 spes
963 4760 1120 4816 nobis
1148 4773 1263 4828 est,
1292 4767 1335 4818 si
1365 4764 1433 4818 ob
1473 4781 1595 4819 eum
1622 4781 1721 4821 au-

155 4845 253 4903 dire
286 4849 716 4919 blaSpbemiam,
746 4864 839 4907 aut
887 4853 1157 4909 sustinere
1187 4854 1589 4923 confundimur,
1622 4860 1718 4929 qui

153 4942 301 4998 nostri
328 4957 494 4998 causa
524 4943 592 4999 de
618 4944 772 5000 emlis
797 4944 1082 5001 descendit
1109 4946 1176 5000 ad
1209 4955 1385 5003 terras
1408 4990 1422 5014 ,
1451 4958 1507 5005 et
1536 4958 1596 5006 ut
1622 4967 1721 5008 nos

152 5036 395 5092 exultaret
421 5077 435 5099 ,
470 5037 774 5093 humiliavit
801 5038 897 5093 se?
929 5038 997 5093 Et
1026 5055 1147 5095 cum
1185 5041 1506 5097 immortalis
1537 5054 1680 5098 esset
1708 5085 1723 5109 ,

146 5126 266 5182 mori
293 5138 587 5186 contentus
616 5139 737 5185 est:
768 5142 823 5186 ut
849 5146 949 5186 nos
976 5130 1045 5187 ab
1075 5141 1279 5187 aeterno
1311 5134 1503 5189 mortis
1535 5137 1724 5205 laqueo

146 5219 399 5278 liberaret.
425 5221 739 5279 Coronatus
764 5233 849 5279 est
890 5224 1062 5294 spinis
1086 5265 1099 5286 ,
1127 5236 1184 5279 ut
1215 5240 1313 5281 nos
1339 5228 1429 5296 qui
1461 5238 1586 5284 ante
1616 5230 1725 5299 spi-

143 5314 216 5368 ιιθί
238 5326 287 5369 et
315 5315 648 5372 infructuosi
678 5324 1042 5379 steteramns,
1072 5317 1305 5372 fraetum
1332 5319 1486 5373 home
1512 5321 1723 5376 arboris

144 5417 557 5474 apportaremus.
611 5407 762 5463 Felle
786 5416 842 5462 et
869 5417 1024 5464 aceto
1052 5419 1269 5478 potatus
1296 5419 1381 5466 cst
1409 5430 1422 5466 :
1456 5421 1510 5467 ut
1542 5414 1593 5467 in
1626 5429 1722 5466 no-

142 5498 209 5554 bis
228 5502 330 5569 jam
368 5518 472 5559 nec
512 5502 661 5557 fellis
691 5503 1021 5571 amaritudo,
1048 5520 1147 5558 nec
1172 5504 1312 5560 aceti
1344 5513 1491 5560 esset
1518 5505 1724 5573 asperi-

143 5600 226 5646 tas.
269 5594 306 5649 ε
310 5598 412 5651 lius
442 5595 685 5650 hominis
718 5577 887 5651 laetus
913 5606 1029 5660 est,
1079 5605 1135 5651 ut
1163 5612 1261 5651 nos
1293 5598 1433 5652 filios
1462 5598 1558 5652 Dei
1582 5597 1721 5651 face-

141 5696 223 5740 ret.
252 5687 377 5747 ‘i'ide
402 5703 543 5761 ergo
567 5688 618 5744 si
646 5702 762 5756 -pro
791 5688 895 5741 isto
921 5686 1178 5743 confundi
1224 5689 1718 5778 debeinusaliquid

140 5782 400 5845 sustinere.
431 5784 578 5842 Vere
601 5781 695 5841 illa
717 5789 802 5838 est
821 5781 999 5838 anima
1031 5780 1160 5839 felix
1189 5790 1245 5839 et
1266 5783 1475 5855 angelis
1501 5800 1720 5856 aequan-

1833 4658 2069 4712 miuibus
2090 4658 2305 4730 placere
2319 4660 2602 4725 vellemus,
2623 4658 2867 4715 hortetur
2882 4661 3129 4731 exemplo
3146 4680 3157 4715 :
3175 4662 3237 4719 Si
3258 4664 3431 4719 Itami-

1830 4750 1999 4816 nibus,
2026 4753 2197 4824 inquit
2222 4795 2236 4817 ,
2266 4750 2467 4819 placere
2488 4752 2689 4818 vellem,
2713 4750 2906 4806 Christi
2926 4768 3101 4807 servus
3128 4770 3233 4808 non
3265 4770 3427 4812 essem

1826 4844 1973 4916 (Gal.
2022 4859 2061 4908 ι,
2113 4844 2225 4911 10).
2260 4844 2414 4900 Unde
2462 4843 2598 4899 nulli
2639 4843 2863 4898 dubium
2915 4855 3029 4911 est,
3064 4861 3160 4903 eos
3205 4848 3421 4905 Christo

1825 4937 2035 4993 servire
2057 4950 2165 4990 non
2196 4952 2382 5004 pOSse,
2399 4936 2491 5007 qui
2510 4936 2822 4991 hominibus
2842 4946 3033 5008 optant
3054 4941 3234 5011 potius
3256 4960 3416 5015 quam

1829 5033 2045 5087 Christo
2076 5030 2315 5099 placere.
2339 5028 2595 5085 Contenti
2621 5045 2753 5099 ergo
2784 5030 3005 5088 interim
3035 5036 3207 5093 simus
3236 5039 3425 5095 homi-

1830 5126 1987 5182 nibus
2018 5125 2344 5193 displicere,
2371 5131 2577 5178 tantum
2612 5132 2669 5177 ut
2699 5122 2918 5181 Christo
2946 5129 3281 5198 placeamus.
3315 5132 3425 5187 Nec

1827 5236 2013 5275 eorum
2040 5217 2287 5273 laudibus
2310 5217 2669 5285 delectemur,
2694 5218 2787 5287 qui
2816 5234 2923 5275 non
2954 5224 3092 5280 alios
3116 5241 3277 5295 quam
3307 5225 3415 5279 sibi

1825 5313 2031 5368 similes
2049 5308 2288 5365 laudant.
2305 5309 2414 5365 Nos
2439 5308 2619 5379 potius
2638 5308 2859 5364 laudent
2880 5315 3184 5383 prophetae,
3221 5326 3273 5368 et
3298 5330 3425 5378 apo.

1827 5407 1973 5469 sloii,
1998 5402 2178 5459 laudet
2201 5402 2253 5457 in
2284 5401 2582 5471 Evangelia
2607 5415 2707 5455 suo
2732 5399 3000 5459 Christus.
3032 5407 3185 5461 Tunc
3214 5408 3421 5463 erimus

1827 5515 1955 5553 vere
1986 5496 2177 5552 felices
2199 5538 2211 5561 ,
2237 5499 2330 5551 sia
2358 5496 2561 5550 talibus
2588 5493 2795 5547 laudari
2816 5495 2961 5565 digni
2997 5498 3421 5555 fuerimus.0m-

1826 5595 1971 5647 nium
2004 5588 2145 5645 enitn
2181 5590 2373 5646 horum
2405 5607 2538 5645 voce
2568 5587 2937 5643 laudabimur:
2973 5592 3017 5646 si
3063 5607 3419 5664 quaecumque

1825 5684 2085 5739 Dominus
2116 5696 2208 5750 ιρι·
2233 5686 2507 5753 apostolus
2531 5681 2617 5737 vel
2646 5682 2940 5755 prophetas
2961 5683 3179 5743 videtur
3210 5702 3415 5758 praece-

1823 5782 1967 5853 pisse
1984 5819 2001 5847 ,
2028 5778 2449 5859 servaverimus.
