4030 6288
576 306 682 367 287

1603 315 1659 373 S.
1702 314 2092 375 HIERONYIII
2132 318 2417 379 OPERUM
2458 321 2819 383 MANTISSA.

3778 340 3891 401 288

647 427 784 486 XVI.
825 426 989 485 Nobis
1015 425 1177 499 igitur
1199 426 1621 490 detrahentibus
1641 434 1857 489 eunetis
1877 443 1935 490 et
1956 434 2167 505 vitupe-
2194 434 2247 496 Δ
2272 434 2469 506 digium
2493 435 2660 506 factus
2695 455 2811 493 sum
2840 439 3054 509 multis;
3080 451 3126 497 et
3148 450 3206 499 tu
3237 444 3451 519 adjutor
3481 448 3653 521 fortis.
3686 451 3754 508 Et
3784 454 3887 512 ite-

579 521 824 579 rantibus
846 519 1116 577 universis
1136 560 1152 586 ,
1177 521 1349 579 simus
1370 524 1569 593 sobrii,
1595 526 1802 597 sancti,
1828 526 2064 584 humiles
2083 571 2097 595 ,
2122 537 2178 585 et
2279 542 2396 583 rum
2428 547 2441 582 :
2491 528 2806 587 Maledieent
2834 533 2949 602 illi,
2972 542 3023 589 et
3070 543 3129 589 tu
3157 536 3443 595 benedices.
3473 542 3575 610 Qui
3592 544 3880 619 insurgunt

583 616 795 687 pudici,
819 622 878 671 et
922 614 1094 670 Deum
1124 631 1343 689 semper
1368 618 1516 676 ﬁdeli
1563 620 1729 676 corde
1760 636 2084 691 precemur:
2118 633 2176 681 ut

582 710 701 776 ipse
728 721 946 778 semper
988 707 1043 762 in
1073 716 1261 764 nostra
1288 722 1471 766 mente
1500 711 1602 778 sit,
1630 723 1686 767 et
1712 712 1805 768 lex
1833 715 1953 785 ejus
1986 724 2175 773 nostro

575 816 797 873 semper
820 801 873 857 in
902 812 1152 873 pectore,
1174 812 1232 858 ut
1259 805 1529 874 possimus
1558 807 1874 877 prOphetica
1901 809 2047 879 loqui
2080 825 2176 865 vo-

571 906 673 953 ce:
702 895 809 951 Pro
837 912 898 952 eo
926 906 981 951 ut
1019 913 1101 951 me
1140 896 1451 969 diligerent,
1497 890 1837 957 detrahebant
1870 902 2034 957 mihi:
2078 920 2173 974 ego

569 998 740 1044 autem
762 989 975 1044 orabam
997 1006 1095 1062 pro
1117 990 1199 1047 eis
1220 990 1447 1059 (Psalm.
1471 1009 1634 1061 cvm,
1667 994 1749 1066 4).
1786 995 1853 1050 Ει
1875 996 2001 1053 alibi
2022 1013 2036 1051 :
2056 997 2108 1052 Η
2114 1015 2176 1053 u-

570 1082 773 1136 miliaui
800 1083 854 1136 in
868 1083 1082 1156 jejunio
1109 1084 1340 1138 animam
1368 1102 1570 1159 meam,
1593 1096 1640 1141 et
1663 1090 1859 1159 factum
1880 1100 1954 1144 est
1972 1092 2098 1145 mihi
2119 1092 2173 1146 in

573 1173 935 1246 approbrium.
963 1174 1029 1229 Et
1059 1178 1209 1246 posui
1232 1178 1590 1233 vestimentum
1619 1196 1792 1235 meum
1821 1180 2050 1237 cilicium
2068 1230 2080 1251 ,
2121 1195 2170 1238 et

571 1271 742 1337 factus
764 1282 879 1321 sum
909 1265 1017 1323 illis
1047 1269 1105 1323 in
1135 1270 1435 1342 parabolant
1462 1270 1694 1344 (Psalm.
1724 1290 1913 1343 xxnv,
1960 1277 2070 1348 15).
2105 1277 2173 1333 Et

567 1359 765 1416 iterum
785 1380 799 1417 :
818 1359 1001 1416 Genua
1021 1379 1135 1418 mea
1158 1364 1424 1433 inﬁrmata
1445 1375 1565 1419 sunt
1579 1367 1813 1439 jejunio,
1836 1377 1885 1423 et
1904 1370 2172 1438 inﬁrmata

568 1460 645 1506 est
673 1468 797 1508 caro
825 1469 939 1508 mea
969 1465 1182 1528 propter
1210 1456 1404 1512 oleum.
1446 1455 1515 1510 Et
1542 1474 1638 1529 ego
1660 1459 1832 1530 factus
1857 1477 1974 1515 sum
2000 1462 2054 1516 in
2078 1480 2172 1535 op-

574 1546 843 1617 probrium
872 1549 977 1603 illis
997 1564 1018 1604 :
1054 1550 1294 1605 viderunt
1318 1568 1400 1606 me
1418 1591 1433 1617 ,
1475 1561 1523 1607 et
1548 1564 1815 1609 mouerunt
1843 1557 2019 1628 capita
2045 1574 2166 1613 sua.

568 1639 774 1714 Adjuva
818 1640 1182 1709 mefDomine
1226 1644 1368 1699 Deus
1408 1662 1552 1700 nteus
1591 1644 1847 1718 (Psalm.
1888 1664 2053 1717 cvm,
2095 1649 2169 1704 24

567 1733 758 1806 seqq.).
783 1735 946 1792 Vides
969 1751 1099 1807 ergo
1140 1752 1331 1792 omnes
1354 1738 1652 1809 prephetas
1674 1750 1731 1797 et
1755 1750 1979 1799 sanctos
2005 1759 2171 1815 prop-

568 1833 654 1881 ter
683 1828 784 1884 hoe
808 1843 1027 1895 semper
1052 1829 1334 1885 hominum
1367 1831 1824 1889 subsannationes
1852 1836 2164 1905 pertulisse,
2199 1831 2246 1892 Β

568 1918 692 1990 quia
730 1921 839 1976 Deo
862 1921 1067 1978 vellent
1094 1923 1330 1980 ﬁdeliter
1374 1925 1600 1982 servire.
1646 1927 1759 1982 Iioc
1785 1938 1839 1984 et
1868 1928 2165 2001 Apostolus

565 2013 677 2067 ait:
706 2012 910 2069 Fidelis
936 2033 1126 2072 sermo.
1166 2016 1222 2073 In
1252 2017 1356 2073 hoc
1376 2018 1524 2075 enim
1553 2019 1895 2087 laboramus,
1917 2031 1973 2078 et
1999 2023 2166 2079 male-

564 2107 822 2176 dicimur,
850 2109 946 2180 qui
976 2125 1259 2181 speramus
1286 2112 1341 2167 in
1374 2113 1541 2169 Deum
1568 2112 1748 2169 vivum
1772 2155 1787 2182 ,
1811 2116 1901 2188 qui
1929 2126 2014 2172 est
2038 2116 2162 2172 Sal-

562 2209 720 2256 vator
746 2203 989 2258 omnium
1009 2243 1025 2269 ,
1050 2205 1289 2259 maxime
1320 2204 1585 2263 fidelium.

636 2291 799 2349 XVII.
841 2292 982 2363 Quid
1008 2295 1197 2365 plura?
1220 2296 1346 2365 nisi,
1365 2308 1423 2352 ut
1447 2313 1593 2369 saepe
1615 2298 1725 2369 jam
1750 2299 2009 2367 diximus,
2036 2316 2164 2356 cur-

565 2402 686 2443 sum
711 2402 873 2459 quem
906 2390 959 2445 in
995 2400 1192 2447 tunore
1214 2391 1311 2448 Dei
1351 2394 1647 2463 empimus,
1690 2409 2159 2454 eonsummemus.

559 2480 745 2538 Simus
764 2482 999 2551 caeteris,
1028 2483 1079 2538 in
1102 2500 1291 2541 amore
1312 2485 1433 2551 Dei,
1462 2485 1630 2540 forma
1660 2487 2069 2545 :custodientcs
2093 2505 2161 2546 ne

556 2574 682 2643 quis
728 2573 781 2628 in
833 2574 990 2630 nobis
1026 2575 1232 2648 aliquid
1276 2576 1624 2634 seurrilitatis
1657 2578 2023 2649 reprehendat
2067 2592 2162 2639 aut

558 2663 843 2733 vanitatis,
874 2665 969 2721 sed
998 2668 1169 2736 magis
1189 2665 1456 2737 quidquid
1487 2675 1574 2723 est
1617 2669 1904 2738 gravitatis
1951 2680 2010 2728 et
2037 2689 2155 2728 mo-

559 2754 751 2812 destiae
775 2772 790 2812 :
823 2759 951 2829 quia
980 2758 1271 2815 Christiani
1298 2760 1407 2814 vita
1433 2761 1687 2818 omnibus
1715 2761 1772 2818 in
1798 2766 2025 2835 speculo
2057 2784 2155 2838 po-

556 2850 662 2904 sita
692 2860 799 2906 est.
823 2851 925 2918 Qui
955 2850 1120 2907 etiam
1151 2853 1197 2908 si
1228 2854 1502 2924 quippiam
1529 2855 1881 2926 titubaverit,
1909 2858 2021 2929 jam
2064 2876 2156 2919 ee-

554 2941 754 3000 cidisse
775 2943 1040 3015 jaetatur,
1066 2953 1122 3001 et
1146 2947 1378 3016 amplius
1404 2949 1568 3003 etiam
1593 2949 1791 3006 dicitur
1816 2969 1979 3023 quam
2001 2954 2154 3011 vidc-

556 3045 666 3093 tur.
688 3038 869 3096 Simus
891 3055 1021 3111 ergo
1045 3041 1355 3111 sapientes,
1377 3058 1570 3114 graves
1586 3088 1602 3113 ,
1627 3047 1825 3117 quieti;
1857 3065 2149 3120 numquam

555 3131 853 3186 vanitatem
873 3172 888 3195 ,
915 3147 1207 3202 numquam
1239 3148 1406 3202 opera
1437 3133 1714 3191 hominum
1746 3137 1926 3207 lingua
1958 3150 2144 3197 nostra

550 3221 831 3293 loquatur,
863 3224 958 3279 sed
990 3227 1110 3281 sine
1144 3226 1546 3281 intermissione
1592 3229 1767 3300 legem
1818 3232 1916 3288 Dei
1969 3238 2148 3292 n05tri
2176 3224 2224 3290 C
2254 3255 2317 3311 ιίι

552 3315 865 3373 meditetur.
917 3317 1070 3374 Tunc
1099 3319 1145 3374 si
1168 3320 1290 3389 quis
1316 3321 1584 3376 exstiterit
1608 3337 1720 3378 sua:
1752 3325 1947 3383 salutis
1970 3328 2148 3385 inimi~

552 3424 653 3465 cus
676 3452 692 3477 ,
717 3411 808 3481 qui
830 3411 1130 3469 subsannet
1155 3423 1209 3469 et
1234 3414 1484 3471 detrahat
1509 3423 1566 3472 et
1588 3416 1867 3475 derideat:
1896 3420 2011 3478 haec
2040 3440 2144 3480 non

550 3503 726 3558 solum
755 3518 863 3559 non
893 3514 1225 3573 metuamus,
1252 3508 1346 3562 sed
1385 3508 1566 3577 p0tius
1595 3512 1947 3581 gaudeamus.

624 3596 811 3651 XVIII.
856 3599 916 3652 Et
943 3599 1067 3657 hinc
1089 3614 1188 3655 nos
1209 3601 1550 3671 aliquatenus
1572 3606 1940 3675 consolemur,
1960 3610 2005 3665 si
2033 3628 2146 3667 tne-

552 3702 771 3742 reamur
796 3689 921 3744 odio
951 3694 1123 3763 magis
1148 3695 1331 3750 saeculi
1362 3695 1579 3764 vivere,
1606 3714 1765 3769 quam
1788 3699 2015 3760 Christi.
2041 3704 2142 3761 Ca-

550 3793 776 3834 veamus
794 3796 1009 3852 quoque
1029 3784 1313 3842 ambulare
1340 3787 1657 3845 indecenter
1676 3800 1731 3846 et
1750 3791 2015 3863 inquiete,‘
2041 3798 2146 3855 sic-

550 3884 609 3926 ut
637 3882 692 3928 et
720 3883 941 3931 sanctus
982 3878 1259 3947 apostolus
1287 3892 1499 3950 monet,
1548 3882 1767 3940 dicens:
1793 3885 1938 3960 Rogo
1970 3900 2144 3945 autem

547 3982 665 4032 vos,
692 3975 748 4021 ut
769 3968 1083 4027 subtrahatis
1104 3988 1193 4028 uos
1216 3975 1280 4029 ab
1306 3977 1448 4031 omni
1473 3977 1638 4048 fratre
1683 3979 1981 4039 ambulante
2002 3986 2146 4040 inor-

548 4060 727 4115 dinate
744 4102 758 4124 ,
779 4069 827 4114 et
849 4079 951 4117 non
967 4068 1247 4121 secundum
1270 4070 1628 4139 traditionem,
1650 4089 1809 4144 quam
1830 4087 2139 4149 acceperunt

549 4166 582 4204 a
635 4152 782 4207 nobis
832 4153 900 4225 (Il
929 4154 1108 4211 Thess.
1149 4175 1231 4223 Ill,
1274 4160 1355 4233 6).
1396 4162 1531 4219 Cum
1563 4163 1679 4221 Iure
1708 4180 1739 4221 a
1770 4166 1926 4223 nobis
1958 4172 2137 4225 omnia

553 4245 776 4300 omnino
807 4257 989 4303 nostra
1023 4251 1223 4308 virtute
1251 4253 1448 4310 fuerint
1478 4255 1747 4311 custodita
1772 4276 1786 4313 :
1811 4260 2141 4331 quicumque

548 4336 820 4404 putaverit
844 4338 1216 4411 derogandum
1245 4346 1401 4400 nobis
1421 4387 1435 4412 ,
1463 4347 1799 4417 prophetica:
1823 4350 1996 4407 simus
2016 4368 2143 4409 sen-

548 4428 734 4483 tentia:
766 4444 1072 4495 memores,
1130 4449 1224 4502 per
1274 4451 1435 4505 quam
1485 4438 1746 4495 Dominus
1789 4443 1871 4497 sui
1908 4446 2139 4511 nominis

543 4533 705 4574 causa
730 4521 1016 4579 tribulatos
1040 4523 1306 4595 hortatur,
1336 4528 1556 4584 dicens:
1580 4530 1648 4584 Et
1671 4542 1725 4586 tu
1742 4574 1759 4598 ,
1784 4535 1864 4604 ﬁli
1884 4537 2136 4599 hominis.

540 4626 604 4665 ne
631 4612 865 4668 timueris
888 4632 1005 4685 eos,
1035 4634 1195 4685 neque
1221 4637 1406 4692 paveas
1433 4640 1466 4676 a
1495 4625 1631 4694 [acie
1653 4643 1829 4682 eorum
1850 4673 1865 4699 ,
1888 4633 2132 4700 quoniam
2166 4611 2215 4671 D

541 4703 808 4759 ittsanient
839 4715 885 4760 et
911 4710 1211 4764 convenient
1239 4714 1487 4771 adversus
1517 4725 1585 4773 te.
1615 4717 1671 4773 lu
1698 4735 1831 4794 gyro
1856 4731 1912 4778 et
1942 4723 1993 4777 in
2023 4740 2136 4780 me-

539 4792 633 4849 dio
660 4797 1009 4867 scorpionum
1061 4809 1114 4855 tu
1144 4800 1353 4859 habitas
1377 4849 1392 4872 ,
1420 4794 1586 4863 verba
1615 4792 1804 4867 eorum
1835 4830 1903 4869 ne
1935 4818 2134 4875 timue-

540 4885 619 4942 ris
640 4929 656 4954 ,
682 4898 737 4945 ct
761 4906 790 4944 a
824 4889 960 4949 faeie
987 4909 1176 4950 eorum
1207 4913 1275 4953 ne
1306 4914 1523 4968 paveas.
1559 4903 1623 4958 Et
1652 4905 1780 4960 alibi
1831 4907 1997 4964 dicit:
2030 4912 2137 4965 Au-

540 4977 646 5032 dite
667 4997 747 5035 me
785 4984 873 5052 qui
897 4988 1064 5041 nostis
1076 4990 1341 5059 judicium
1358 5034 1373 5057 ,
1399 4994 1589 5066 papule
1615 5013 1754 5052 meus
1773 5040 1787 5065 ,
1832 5002 1885 5054 in
1910 5020 2130 5073 quarunt

539 5071 696 5126 corde
726 5073 811 5127 lea:
834 5093 943 5132 mea
972 5092 1080 5136 est:
1103 5082 1282 5139 Nolite
1313 5086 1489 5142 timere
1521 5090 1800 5162 opprobria
1821 5092 2092 5151 hominum
2115 5142 2130 5166 ,

550 5176 600 5222 et
632 5166 984 5236 blasphemias
1010 5193 1186 5233 eorum
1230 5198 1294 5237 ne
1323 5186 1563 5241 metuatis
1596 5203 1615 5241 .·
1656 5190 1777 5257 quia
1806 5195 1939 5246 sicut
1983 5197 2137 5250 vesti-

539 5274 769 5319 mentum
786 5305 801 5330 ,
826 5266 904 5320 ita
934 5286 1025 5338 per
1045 5280 1241 5346 tempus
1266 5277 1544 5347 deﬁcient;
1574 5292 1698 5337 etut
1723 5285 1898 5340 lanam
1924 5331 1938 5353 ,
1961 5306 2134 5345 corrre-

536 5355 620 5411 det
645 5372 733 5411 808
759 5357 1150 5420 tinea.Justitia
1180 5378 1359 5425 autem
1394 5387 1512 5427 mea
1540 5376 1591 5428 ἰιι
1620 5385 1880 5433 aeternum
1910 5394 2117 5440 manet.

540 5449 795 5507 Salutare
817 5468 948 5510 vero
979 5473 1157 5513 meum
1190 5460 1241 5516 in
1268 5465 1527 5520 saeculum
1558 5470 1765 5525 saeculi.
1794 5471 2131 5532 Servandum

539 5555 653 5610 prae
681 5546 936 5603 omnibus
962 5567 974 5601 :
1006 5567 1074 5607 ne
1100 5553 1326 5610 alterius
1354 5556 1565 5614 Iaudem
1595 5563 1828 5619 velimus
1859 5565 1967 5639 [ΑΙ.
2012 5586 2131 5624 ma-

541 5633 723 5708 limus]
769 5653 1012 5708 servare,
1045 5659 1207 5714 quam
1250 5648 1493 5705 Christi:
1542 5661 1675 5710 utet
1705 5672 1805 5711 nos
1835 5674 1955 5714 eum
1990 5662 2125 5717 Pro-

537 5723 702 5790 pheta
732 5730 1001 5796 possimus
1025 5734 1244 5793 dicere:
1266 5741 1418 5809 Apud
1441 5752 1489 5796 te
1515 5743 1630 5802 laus
1659 5749 1786 5803 mihi
1816 5753 1867 5807 in
1892 5753 2128 5811 Ecclesia

521 5830 715 5887 magna
740 5817 972 5889 (Psalm.
1012 5841 1128 5894 ut,
1180 5829 1294 5902 26).
1332 5833 1397 5889 Et
1427 5835 1659 5896 iterum:
1688 5843 1977 5916 Tamquam
2004 5868 2124 5921 pro-

2277 621 2332 674 in
2362 638 2462 688 me,
2490 625 2884 696 confundantur
2905 668 2920 694 ,
2949 645 3128 686 servus
3154 641 3326 689 autem
3355 645 3477 690 tuus
3522 638 3789 696 (relabitur
3821 643 3879 697 in

2276 721 2325 769 te
2351 714 2584 787 (Psalm.
2617 734 2771 787 cvm,
2801 721 2921 793 28).

2348 812 2490 869 XIX.
2536 815 2661 872 Hmc
2683 817 2749 872 ad
2776 819 3211 878 consolationem
3245 823 3299 879 in
3321 824 3419 882 Dei
3454 826 3683 899 timore,
3707 830 3882 891 devo-

2277 904 2347 961 tis
2370 908 2673 974 mentibus,
2702 920 2863 981 prout
2892 911 3093 982 ingenii
3124 917 3357 973 tenuitas
3387 920 3596 991 potuit,
3622 938 3884 994 prosecu-

2287 1007 2373 1055 tus
2402 1014 2520 1055 sum
2556 1001 2817 1059 breviter.
2844 1004 2999 1062 Nunc
3026 1021 3278 1080 superest
3309 1022 3367 1067 ut
3392 1016 3597 1087 aliquid
3648 1022 3884 1091 amplius

2274 1091 2440 1148 faciat
2468 1110 2621 1151 mens
2642 1096 2867 1167 devota,
2892 1116 3056 1171 quam
3081 1115 3267 1160 nostra
3294 1110 3531 1176 parvitas
3552 1111 3755 1170 sufﬁcit
3782 1116 3882 1170 ad-

2274 1201 2517 1243 monere.
2565 1188 2814 1248 Salutate
2840 1208 3033 1251 omnes
3058 1198 3151 1268 qui
3187 1199 3421 1271 diligunt
3451 1204 3738 1263 Dominum
3770 1224 3875 1263 no-

2274 1287 2446 1335 strum
2478 1279 2663 1338 Iesum
2691 1284 2995 1355 Christum,
3032 1289 3118 1344 cui
3153 1305 3277 1346 cum
3308 1292 3466 1351 Patre
3496 1299 3883 1367 omnipotente

2272 1369 2341 1426 sit
2371 1371 2487 1428 laus
2505 1412 2520 1440 ,
2543 1373 2719 1430 virtus
2746 1385 2801 1431 et
2820 1378 2992 1448 gloria
3020 1395 3142 1436 cum
3168 1382 3370 1454 Spiritu
3400 1397 3611 1454 sancto,
3637 1402 3696 1446 et
3727 1409 3884 1449 nime

2272 1471 2328 1520 et
2355 1478 2574 1537 semper
2596 1475 2653 1523 et
2682 1468 2736 1524 itt
2766 1472 2951 1527 omnia
2978 1475 3180 1530 saacula
3213 1478 3553 1536 saeculorum.
3579 1483 3786 1541 Amen.

2404 1605 2721 1664 MONITUM
2759 1609 2828 1666 IN
2868 1611 3259 1671 EPISTOLAM
3299 1615 3747 1687 SEQUENTEM.

2346 1707 2515 1793 Nerua
2540 1714 2884 1793 nort_se1ttiat,
2909 1720 3245 1773 recentiorem
3282 1722 3418 1776 hanc
3442 1740 3549 1778 esse
3580 1723 3878 1793 Epistulam

2274 1787 2425 1858 (etate
2456 1782 2674 1858 Sulpitii
2703 1784 2879 1858 Severi
2902 1827 2918 1853 ,
2943 1804 3094 1858 quem
3123 1801 3305 1846 auctor
3336 1792 3547 1850 honoris
3574 1782 3738 1852 ca'usa
3770 1817 3870 1853 no-

2274 1851 2439 1932 minat
2461 1894 2475 1914 ,
2528 1851 2589 1906 a'c
2633 1854 2798 1932 Ifitam
2829 1851 3144 1915 Sfbiartini
3172 1863 3235 1915 ab
3266 1880 3326 1917 eo
3357 1869 3608 1932 scriptam
3658 1851 3866 1924 laudat.

2274 1920 2485 2005 Stylum
2523 1925 2668 2008 quod
2706 1938 2930 2008 spectat,
2957 1941 3130 2008 -atgne
3160 1937 3331 2005 operis
3359 1920 3873 2008 argumentumtita

2269 1997 2500 2082 prasinae
2528 1999 2595 2082 ad
2617 1999 2732 2080 ejus
2761 1999 2923 2055 libelli
2933 1997 3443 2082 indolem'accedit:
3462 2012 3550 2082 qui
3576 2010 3647 2082 de
3671 1997 3873 2082 Singu-

2274 2065 2491 2150 laritate
2537 2065 2876 2150 Clericprum
2926 2074 3249 2150 inscribitur,
3297 2065 3715 2150 atqueg'habetur
3742 2065 3871 2139 eisin

2267 2136 2415 2227 alibi,
2436 2141 2827 2227 tumprtecipue
2846 2144 2982 2227 inter
2995 2136 3328 2227 supposititin
3436 2136 3690 2227 Cypriani
3701 2136 3873 2227 scrip;

2267 2213 2339 2297 tiu,
2358 2217 2411 2261 ut
2429 2210 2585 2297 facile
2600 2212 2764 2295 videri
2782 2215 2946 2297 possit
2958 2210 3131 2297 abillo
3144 2224 3279 2297 velut
3297 2210 3582 2292 exentplt'tri
3597 2210 3871 2297 expressit.

2267 2274 2531 2359 Contende
2557 2274 2793 2359 invicem,
2818 2297 2866 2339 et
2891 2286 3149 2359 siquidem
3172 2290 3267 2346 ille
3287 2308 3393 2347 non
3418 2274 3691 2351 immeritor
3724 2298 3871 2353 circa

2264 2349 2511 2430 {cuculum
2550 2354 2887 2430 millesimum
2910 2398 2924 2421 ,
2951 2349 3064 2428 'quo
3108 2372 3336 2430 tempore
3363 2364 3428 2417 lis
3481 2349 3581 2420 illa
3622 2349 3680 2422 in
3711 2349 3868 2423 occ-iv;

2265 2421 2920 2507 dentetnaa'imcfervebat
2938 2474 2952 2499 ,
2972 2421 3293 2503 deputatur:
3311 2450 3425 2506 qua:
3445 2436 3602 2507 huius
3623 2421 3870 2495 habenda

2262 2491 2329 2544 sit
2356 2496 2491 2549 ratio
2520 2491 2800 2569 intelliges.

2794 2610 3133 2672 EPISTOLA
3171 2616 3332 2675 XLII.

2870 2745 2939 2784 AD
2969 2743 3242 2792 OCEANUI.

2664 2867 2681 2882 -
2718 2837 2798 2897 De
2835 2841 2953 2899 Vita
2994 2845 3337 2905 Clericorum.

2328 2953 2667 3028 Sophronius
2699 2960 3361 3091 Eusebigsllfieronymus
3409 2968 3632 3030 Oceano
3686 2989 3793 3033 suo

2984 3051 3014 3091 u
3041 3052 3150 3091 em-

2984 3051 3150 3098 utem.

2326 3162 2365 3219 Ι.
2400 3164 2727 3236 Depreeatus
2753 3183 2832 3237 es,
2863 3181 2923 3226 ut
2951 3172 3045 3228 tibi
3075 3173 3316 3232 breviter
3341 3192 3698 3249 exponerem,
3726 3199 3869 3255 qua—

2319 3272 2379 3312 er
2407 3258 2588 3315 clerici
2621 3261 2848 3319 debeant
2887 3266 3136 3322 victitare
3169 3269 3220 3324 in
3251 3269 3350 3325 hae
3380 3272 3487 3328 vita
3514 3276 3861 3333 mortalium.

2250 3348 2388 3405 Hine
2437 3368 2523 3408 me
2568 3355 2808 3427 plerique
2854 3359 3155 3417 maledictis
3196 3365 3377 3420 tumuli
3427 3370 3861 3440 praestolamur,

2248 3442 2372 3512 quia
2412 3459 2519 3499 non
2564 3445 2699 3501 sileo
2738 3448 3015 3508 veritatem
3048 3468 3062 3511 :
3093 3462 3292 3523 tamen,
3329 3458 3462 3514 mihi
3492 3460 3845 3529 eharissimc,

2247 3538 2315 3593 ab
2346 3540 2606 3608 Apostolo
2636 3557 2912 3599 sumamus
2938 3548 3243 3615 exordium,
3283 3555 3376 3623 qui
3402 3556 3481 3609 ait
3514 3571 3527 3607 :
3571 3554 3864 3613 flumanus

2246 3647 2413 3687 sermo
2442 3642 2488 3687 et
2518 3636 2658 3689 omni
2687 3638 2981 3706 acceptione
3019 3641 3229 3713 dignus.
3266 3645 3327 3702 Si
3353 3648 3469 3716 quis
3500 3651 3864 3720 episcopatum

2246 3724 2526 3794 desiderat,
2557 3727 2744 3782 bonum
2772 3746 2903 3800 opus
2931 3732 3210 3792 desiderat.
3247 3739 3463 3809 Oportet
3488 3744 3624 3797 enim
3650 3747 3867 3814 episco-

2246 3832 2370 3886 pum
2403 3818 2896 3891 irreprehensibilem
2931 3841 3070 3893 esse,
3112 3828 3363 3899 sobrium,
3397 3834 3667 3905 pudicum,
3707 3837 3863 3893 beni-

2244 3926 2422 3980 gnunt,
2455 3921 2715 3980 ornatum,
2749 3915 3078 3987 hospitalem,
3111 3920 3407 3991 docibilem,
3441 3943 3543 3981 non
3571 3944 3854 3997 percusso-

2244 4015 2375 4068 rem,
2412 4002 2503 4055 sed
2540 4003 2845 4072 modestum,
2880 4024 2983 4063 non
3022 4010 3325 4080 litigiosum,
3357 4032 3458 4070 non
3505 4018 3856 4083 vinolentum.

2244 4092 2423 4147 domui
2458 4111 2567 4150 sua:
2604 4097 2691 4167 qui
2717 4098 2838 4151 bene
2878 4110 3059 4171 prwest
3090 4102 3131 4174 (l
3168 4104 3305 4159 Tim.
3335 4123 3418 4176 ιιι,
3469 4109 3493 4163 I
3536 4110 3703 4183 seqq.)
3742 4129 3757 4171 :
3789 4124 3853 4170 et

2243 4186 2474 4258 reliqua.
2524 4188 2714 4244 Totum
2759 4193 3175 4262 comprehendit
3216 4213 3339 4256 esse
3366 4203 3690 4272 cavendum,
3719 4220 3853 4263 cum

2244 4278 2777 4349 irreprehensibilem
2812 4287 2983 4354 ponit.

2316 4372 2377 4427 Il.
2406 4374 2691 4442 Quomodo
2721 4377 2889 4455 igitur
2909 4380 3140 4436 alterum
3165 4386 3555 4455 reprehendet,
3579 4405 3702 4448 cum
3730 4394 3853 4464 ipse

2240 4465 2334 4533 qui
2363 4466 2571 4535 accepit
2594 4479 2915 4537 potestatem
2942 4482 2999 4527 ut
3018 4473 3215 4531 doceat
3234 4522 3248 4545 ,
3273 4479 3345 4533 sit
3365 4484 3849 4551 reprehensibilis?

2242 4555 2376 4623 Quia
2403 4558 2513 4613 vita
2543 4562 2806 4633 episcopi,
2838 4564 3008 4621 forma
3037 4567 3201 4624 debet
3229 4586 3353 4628 esse
3382 4576 3733 4634 clericorum.
3767 4583 3849 4638 Ex

2240 4649 2497 4721 episeopo
2532 4653 2730 4722 gradus
2766 4658 2947 4712 caueri
2985 4659 3314 4718 clericorum
3350 4667 3676 4726 eondiscuut
3706 4689 3850 4743 quo-

2241 4743 2402 4797 modo
2440 4744 2670 4801 debeant
2717 4748 2899 4804 vivere
2942 4750 2994 4807 in
3041 4753 3144 4810 hac
3181 4756 3290 4811 vita
3335 4760 3576 4817 mortali.
3625 4762 3853 4835 Scipsos

2242 4835 2532 4891 imitabiles
2568 4838 2770 4894 debent
2810 4856 3116 4913 proponere
3155 4848 3471 4907 sacerdotes
3502 4871 3513 4905 :
3554 4862 3613 4908 ut
3638 4855 3731 4912 alii
3761 4861 3848 4926 ju-

2242 4928 2445 4993 niores,
2474 4932 2676 5001 gradus
2709 4934 2939 4989 humiles
2966 4941 3268 5005 consecuti,
3304 4942 3419 4997 vita
3446 4955 3500 5000 et
3530 4949 3852 5006 testimonio

2238 5021 2579 5076 sacerdotum
2627 5024 2836 5093 possint
2870 5040 3185 5099 exsurgere.
3227 5032 3511 5105 Praecipue
3550 5037 3683 5091 illud
3716 5056 3853 5098 reor

2237 5116 2497 5170 attentius
2537 5116 2632 5173 tibi
2674 5133 2796 5174 esse
2828 5120 3224 5188 providendum
3260 5143 3274 5182 :
3305 5128 3429 5197 quia
3462 5128 3631 5199 prima
3664 5140 3852 5190 tenta-

2237 5218 2418 5263 menta
2447 5220 2575 5264 sunt
2616 5211 2960 5277 clericorum,
2995 5214 3284 5273 mulierum
3318 5219 3626 5291 frequentes
3655 5239 3853 5283 acces-

2237 5313 2349 5353 sus.
2378 5300 2482 5356 Iste
2508 5317 2673 5358 sexus
2705 5302 3161 5371 reprehensibiles
3183 5309 3407 5367 exhibet
3426 5312 3680 5372 clericos.
3702 5317 3848 5385 Quid

2238 5391 2329 5447 tibi
2367 5408 2550 5448 revera
2595 5411 2718 5451 eum
2764 5396 3003 5464 feminis,
3037 5402 3128 5471 qui
3158 5403 3226 5459 ad
3255 5405 3426 5463 altare
3453 5422 3577 5465 cum
3608 5410 3850 5472 Domino

2239 5482 2531 5540 fabularis?
2573 5486 2650 5542 Te
2692 5491 2871 5545 cuncti
2912 5491 2965 5546 in
3009 5494 3248 5563 publico,
3280 5506 3332 5553 te
3374 5498 3427 5554 in
3458 5516 3593 5569 agro
3622 5507 3845 5574 ruSIit-i,

2236 5586 2481 5631 aratores
2510 5592 2574 5631 ac
2603 5577 2865 5637 vinitores
2890 5585 3136 5654 quotidie
3162 5590 3407 5657 graviter
3432 5592 3773 5662 lacerabunt,
3802 5602 3845 5656 si

2235 5680 2419 5725 contra
2458 5671 2779 5742 dispositum
2823 5676 2970 5742 ﬁdei,
3009 5695 3130 5734 cum
3160 5681 3374 5738 feminis
3412 5684 3661 5743 habitare
3702 5707 3844 5747 con.

2237 5763 2431 5821 tendis.
2462 5765 2527 5821 Et
2555 5768 2704 5836 quia,
2736 5782 2793 5824 ut
2823 5772 3085 5838 arbitror,
3112 5776 3456 5845 concupiscis
3487 5779 3845 5851 irreprehen-

2234 5856 2407 5916 sibilis
2441 5858 2690 5929 inveniri,
2726 5863 3041 5922 testimonio
3078 5867 3221 5925 bono
3262 5878 3437 5929 utere.
3479 5872 3761 5950 Numquid
3790 5883 3843 5939 in
