4012 6190
132 203 221 271 289

1062 195 1399 263 EPISTOLA
1438 197 1600 261 XLII.
1643 200 1734 261 DE
1772 194 1937 261 VITA
1963 193 2423 261 CLERICORUM.

3302 197 3411 261 290

129 325 276 383 choro
300 321 671 394 apostolorum
695 318 910 378 feminae
934 320 1242 378 all'uerunt?
1262 319 1501 378 Prohibe
1526 331 1703 376 tecum
1732 324 1783 383 Α
1810 318 2040 374 solatur.
2067 318 2249 375 Potuit
2270 320 2415 378 enim
2440 327 2495 375 et
2515 317 2683 376 Maria
2710 316 2884 376 Mater
2910 316 3123 377 Domini
3146 318 3216 377 de
3238 320 3410 380 choro

127 416 340 489 virgines
377 416 604 484 morari,
637 419 801 472 etiam
835 431 955 485 qum
984 416 1053 471 de
1080 429 1283 486 genere
1312 423 1404 470 tuo
1429 424 1574 469 sunt.
1609 414 1700 469 Di-

127 514 215 584 lige
251 525 364 581 eas,
407 512 647 567 exterius
686 511 897 576 ordina,
932 509 1247 581 frequenter
1287 510 1441 564 visita
1479 509 1701 579 junctus

127 603 362 675 obsequio
400 603 719 661 clericorum
764 620 781 660 :
830 619 899 660 ne
938 603 1065 659 dum
1108 603 1422 659 secretaliter
1462 617 1527 657 ac
1552 601 1701 657 solus

128 697 425 770 ingrederis,
458 698 699 755 macules
728 698 1099 754 testimonium
1128 708 1303 753 tuum.

184 791 265 847 ιιι.
292 791 433 848 lllud
470 792 634 849 etiam
664 791 1027 861 adjiciendum
1068 800 1193 853 est:
1224 792 1347 863 quia
1390 791 1436 846 si
1480 805 1702 847 uxorem

126 887 355 955 duceres,
398 887 487 943 lex
530 898 583 943 te
627 903 734 943 non
777 886 1094 958 prohiberet
1135 886 1379 941 habitare
1421 900 1545 941 cum
1576 901 1707 940 con-

123 996 284 1037 serva.
315 978 454 1036 Cum
481 980 672 1037 uxoris
703 981 847 1037 enim
876 993 1148 1036 consensu
1176 977 1439 1049 ejusmodi
1469 977 1535 1031 ad
1568 977 1707 1047 regi-

124 1091 230 1132 men
254 1075 551 1153 sacerdotii
586 1082 980 1146 promoventur
1006 1090 1022 1128 :
1054 1073 1290 1127 maxime
1314 1088 1435 1127 cum
1459 1070 1703 1138 Apostoli

124 1168 345 1238 Epistola
379 1176 706 1239 praeceptum
740 1169 841 1222 hoc
868 1165 1067 1221 habeat
1095 1181 1110 1219 :
1138 1163 1306 1219 Unius
1332 1164 1511 1218 uxoris
1538 1163 1702 1215 virum

121 1260 176 1316 ad
215 1260 482 1315 honorem
524 1260 809 1316 clericatus
850 1257 1181 1329 eligendum.
1216 1256 1291 1311 Te
1322 1271 1455 1311 vero
1494 1269 1599 1309 non
1627 1253 1701 1309 ita

121 1354 368 1411 salutaria
416 1362 684 1425 praecepta
728 1353 1126 1422 constringunt.
1174 1350 1349 1406 Aliter
1387 1348 1699 1419 coniugati,

118 1447 262 1502 aliter
290 1444 527 1516 virgines
564 1445 933 1500 admouentur
961 1444 1318 1500 ecclesiastici
1350 1458 1488 1497 onus
1516 1440 1703 1497 subire

120 1539 413 1597 ministerii.
436 1538 781 1595 Feminarum
812 1553 933 1594 cum
962 1537 1178 1593 clericis
1208 1535 1358 1591 nullo
1388 1545 1551 1607 pacto
1573 1550 1703 1589 con-

117 1636 284 1705 iuueta
313 1632 620 1702 praecipitur
645 1631 1013 1688 conversatio.
1039 1629 1211 1685 Janua
1240 1628 1464 1694 diaboli,
1491 1628 1575 1682 via
1601 1627 1704 1682 ini-

1800 412 2172 482 apostolorum
2218 428 2323 467 non
2370 413 2671 477 discedere,
2715 414 2759 468 si
2793 413 3004 470 liceret.
3037 413 3238 471 Thecla
3287 424 3409 486 post

1804 505 2156 561 tentationem
2189 515 2215 543 α
2247 505 2537 577 passionis,
2581 508 2925 563 Antiochiam
2964 522 2995 564 a
3026 506 3195 564 Paulo
3222 510 3407 581 prohi-

1802 598 1959 655 betur
1986 598 2184 669 pariter
2214 616 2468 672 pergere.
2499 601 2671 659 Nemo
2696 604 2851 660 miles
2880 618 3007 660 cum
3038 619 3205 661 uxore
3229 607 3404 677 pergit

1804 691 1871 747 ad
1904 692 2130 749 bellum.

1877 783 1966 839 Vl.
2010 784 2129 841 Non
2163 786 2381 844 invideo
2404 786 2657 845 charitati
2690 799 2795 845 tute
2825 805 2840 845 :
2872 790 2947 846 sit
2974 791 3070 847 tibi
3098 806 3223 848 cum
3251 793 3413 849 castis

1804 878 2109 948 virginibus
2150 882 2394 954 longteva
2439 882 2683 941 dilectio.
2713 884 2862 940 Tunc
2894 885 2948 940 in
2989 886 3136 942 bono
3160 889 3412 943 meritum

1806 971 2123 1041 collocabis,
2166 984 2221 1028 et
2269 973 2472 1030 famam
2519 975 2855 1042 meliorabis,
2889 977 2937 1033 si
2964 981 3416 1049 congregationcs

1806 1066 2097 1122 constituis
2130 1067 2432 1136 puellarum
2472 1090 2485 1124 :
2520 1069 2749 1138 pulchre
2770 1085 2973 1128 censeo
2998 1073 3051 1127 in
3077 1072 3413 1129 hebdomada

1804 1158 2038 1213 secunda
2064 1160 2369 1216 visitatione
2390 1162 2455 1215 ad
2480 1163 2912 1220 benedicendum
2935 1170 3414 1238 congregationem

1803 1252 1991 1308 venias
2023 1270 2035 1305 :
2063 1253 2157 1308 sed
2191 1269 2297 1307 non
2330 1254 2503 1320 solus,
2535 1271 2604 1312 ne
2635 1258 2951 1327 rumigeruli
2980 1259 3177 1331 linguis
3202 1270 3254 1317 te
3276 1261 3419 1317 lace-

1803 1345 2048 1401 rantibus
2112 1347 2405 1402 maculent.
2456 1347 2704 1403 Alienum
2750 1349 2896 1404 enim
2962 1351 3191 1421 cupiunt
3246 1353 3412 1408 vicini

1803 1437 2079 1494 discutere
2125 1438 2315 1505 vitam,
2350 1456 2457 1494 ncn
2489 1455 2664 1496 suam.
2707 1440 3003 1512 Pr0pterea
3032 1443 3193 1514 digne
3230 1447 3417 1517 accipe

1805 1545 2049 1587 meorum
2082 1545 2353 1603 pra-cepta
2386 1533 2675 1589 verborum
2708 1551 2725 1594 :
2758 1543 2814 1591 et
2837 1538 3039 1591 monita
3065 1537 3410 1605 humilitatis,

1805 1639 1926 1695 qum
1958 1624 2202 1681 fraterno
2231 1625 2451 1696 affectu,
2482 1629 2702 1684 calamo
2742 1627 3421 1703 bgimperante,expressi-

120 1726 349 1797 quitatis,
380 1724 683 1796 scorpionis
716 1723 1025 1795 percussio,
1048 1724 1408 1792 nocivumque
1433 1736 1603 1791 genus
1624 1731 1707 1776 eSt
1738 1721 1787 1781 B
1812 1730 1951 1776 mus.
1978 1717 2211 1774 dulciter
2244 1721 2379 1788 lege.

120 1820 303 1875 lemina
339 1836 354 1873 :
388 1834 510 1875 cum
557 1818 864 1888 proximat,
912 1816 1180 1882 stimulat,
1226 1815 1464 1869 incendit
1500 1814 1703 1884 ignem.

118 1911 474 1982 Flammigero
501 1910 624 1981 igne
654 1910 893 1980 percutit
921 1908 1119 1963 femina
1149 1907 1535 1961 conscientiam
1566 1905 1710 1975 pari-

120 2016 183 2061 ter
209 2005 513 2060 habitantis
544 2022 557 2056 :
587 2005 875 2075 exuritque
904 2003 1252 2057 fundamenta
1281 2001 1562 2056 montium.
1598 2000 1711 2070 ligo

119 2098 306 2168 judico.
341 2098 392 2152 si
423 2112 545 2153 cum
577 2096 709 2152 viris
738 2095 955 2150 l'etninte
986 2094 1249 2161 habitent,
1282 2094 1569 2148 viscarium
1602 2106 1716 2145 non

122 2193 273 2247 deerit
301 2191 511 2247 diaboli
543 2208 558 2245 :
590 2206 655 2246 ex
685 2189 765 2245 eis
792 2199 1093 2259 aucupatus
1120 2198 1201 2244 est
1229 2188 1298 2243 ab
1328 2187 1485 2242 initio
1514 2202 1707 2257 pecca-

124 2296 235 2339 tum.
261 2281 499 2338 Ferreas
526 2291 735 2338 mentes
768 2280 935 2336 libido
961 2279 1170 2335 domat.
1202 2278 1263 2334 Si
1285 2278 1576 2352 alligaverit
1596 2277 1712 2347 quis

121 2379 277 2448 ignem
311 2378 367 2431 in
410 2376 531 2432 sinu
567 2392 684 2441 suo,
725 2375 1025 2429 vestimenta
1055 2376 1171 2446 ejus
1192 2389 1294 2427 non
1316 2373 1714 2427 comburentur?

126 2474 210 2525 Aut
246 2471 290 2525 si
326 2469 445 2541 quis
485 2467 825 2522 ambulaverit
867 2483 1024 2538 super
1061 2464 1309 2521 carbones
1348 2465 1522 2537 ignis,
1559 2462 1713 2536 pedes

122 2583 225 2620 suos
247 2583 350 2619 non
381 2563 690 2619 comburet?

181 2660 263 2715 IV.
300 2659 431 2715 Mihi
479 2659 663 2727 crede,
709 2672 815 2713 non
855 2665 1037 2730 potest
1083 2664 1198 2711 toto
1243 2653 1407 2711 corde
1439 2669 1559 2710 cum
1609 2653 1715 2708 Do-

126 2756 257 2808 mino
290 2752 567 2817 habitare,
591 2751 681 2821 qui
712 2749 1043 2806 feminarum
1066 2748 1376 2804 accessibus
1407 2748 1710 2817 capulatur.

125 2845 212 2899 Sed
238 2845 374 2901 dicis
402 2864 415 2899 :
454 2844 559 2911 Qui
589 2843 817 2897 ambulat
840 2842 1161 2914 simpliciter,
1195 2840 1423 2894 ambulat
1453 2840 1717 2908 conﬁden-

127 2947 190 2991 ter
214 2938 232 3011 (
248 2935 407 2993 Prov.
435 2953 500 3003 x,
532 2941 565 2993 9
587 2938 626 3006 ).
651 2937 792 2992 Bene
819 2945 874 2991 et
895 2946 1105 3005 argute.
1131 2934 1238 2990 Sed
1267 2941 1480 3004 oportet
1507 2943 1558 2987 te
1578 2932 1719 2986 testi-

128 3034 331 3083 monium
370 3031 568 3085 bonum
595 3028 777 3083 habere
806 3044 869 3082 ex
889 3028 969 3081 his
995 3029 1081 3095 qui
1106 3028 1233 3097 [oris
1255 3036 1375 3081 sunt
1407 3025 1450 3094 (Ι
1476 3024 1608 3078 Tim.
1636 3040 1717 3093 ιιι,

1882 1809 1995 1865 Vll.
2026 1810 2144 1865 .lam
2174 1827 2309 1867 vero
2339 1823 2392 1867 ut
2420 1815 2871 1885 reprehensibilis
2892 1817 3065 1872 divini
3088 1817 3277 1875 altaris
3301 1834 3413 1877 non

1810 1901 1882 1956 sit
1920 1902 2198 1968 sacerdos,
2246 1919 2412 1973 pauca
2455 1904 2524 1960 de
2562 1906 2789 1977 reliquis
2819 1910 3047 1977 apostoli
3079 1911 3409 1968 testimoniis

1812 2005 2071 2064 quantum
2100 1993 2364 2050 Dominus
2394 1995 2583 2061 donat,
2615 2012 2905 2067 exponam.
2937 2000 3222 2057 Sulliciant
3249 2018 3417 2075 supe-

1813 2084 1989 2141 riores
2022 2101 2222 2152 causm,
2254 2103 2372 2158 qum
2404 2088 2560 2143 dieue
2588 2100 2734 2145 sunt.
2766 2090 2968 2145 Verum
2998 2108 3064 2148 ne
3093 2094 3291 2164 aliquis
3318 2097 3419 2149 mi-

1814 2195 1917 2235 ntts
1943 2180 2269 2252 intelligens,
2295 2182 2361 2236 ad
2395 2185 2681 2255 episcopos
2711 2194 2919 2241 tantum
2951 2189 3153 2244 sentiat
3182 2190 3419 2260 Aposto-

1812 2270 1923 2327 lum
1970 2271 2133 2328 fuisse
2177 2273 2418 2328 locutum
2470 2292 2483 2332 :
2525 2276 2651 2344 quid
2680 2276 2749 2332 de
2782 2278 3106 2335 diacouibus
3133 2282 3198 2335 ad
3226 2280 3417 2338 Timo-

1815 2366 1998 2420 theum
2028 2378 2358 2438 prmceptum
2383 2369 2453 2424 sit
2482 2386 2495 2422 :
2521 2368 2647 2441 quid
2671 2369 2738 2425 de
2761 2373 3101 2445 presbyteris
3122 2374 3190 2429 ad
3213 2373 3422 2444 Titum,

1813 2474 2247 2518 commemorare
2277 2463 2545 2520 delectat?
2582 2465 2690 2522 Sed
2736 2468 3169 2536 prtetereundum
3204 2485 3312 2525 non
3341 2480 3427 2527 est

1814 2554 2154 2624 superiorem
2199 2558 2494 2627 explanare
2537 2562 2887 2629 sententiam,
2936 2560 3106 2618 Unius
3132 2566 3317 2620 uxoris
3346 2567 3425 2619 vi-

1818 2666 1933 2703 rum
1962 2650 2005 2721 (l
2035 2649 2173 2705 Tim.
2206 2667 2284 2717 tu,
2312 2654 2392 2723 ~2),
2419 2662 2475 2708 et
2502 2668 2639 2709 nova
2661 2663 2717 2708 et
2742 2664 2897 2709 vetus
2924 2658 3220 2727 praeceptio
3245 2673 3425 2714 sacer-

1816 2740 1995 2797 dotem
2027 2744 2239 2798 censuit
2266 2745 2573 2815 eligendum
2607 2765 2619 2800 :
2646 2748 2773 2818 quia
2802 2746 3048 2819 digamos
3078 2751 3144 2806 ad
3172 2752 3419 2809 ministe-

1820 2835 1955 2890 rium
1981 2836 2224 2908 plerique
2246 2839 2487 2908 episcopi
2504 2840 2899 2910 applicucrunt.
2925 2842 3109 2913 sicque
3133 2854 3415 2900 asserunt:

1820 2928 2129 2985 Concubina
2162 2928 2260 2985 luit
2287 2931 2375 2985 illa
2395 2974 2409 2997 ,
2445 2932 2560 2987 hazc
2588 2948 2752 2999 uxor;
2783 2934 2935 3005 quasi
2963 2950 3069 2990 non
3096 2936 3282 2993 eadem
3317 2938 3427 2993 siut

1820 3024 2145 3078 commercia
2179 3022 2438 3079 lmditatis
2468 3025 2519 3079 in
2545 3026 2634 3080 illa
2662 3069 2677 3091 ,
2709 3043 2831 3098 qurc.
2860 3028 2912 3081 in
2951 3027 3051 3084 hac
3076 3042 3425 3101 exercentur,

129 3119 192 3188 7).
232 3120 384 3177 Licet
420 3137 613 3177 coram
658 3121 768 3175 Deo
808 3130 956 3176 recte
997 3118 1220 3174 incedas
1263 3134 1276 3172 :
1319 3128 1499 3173 tamen
1542 3132 1722 3172 coram
1752 3103 1800 3171 ρ
1830 3133 1949 3188 quae
1987 3132 2124 3173 uxor
2162 3119 2443 3176 asseritur.
2484 3126 2587 3188 An,
2635 3122 2757 3192 quia
2803 3122 3041 3192 coujugii
3073 3123 3288 3179 tabulas
3317 3140 3425 3181 non

130 3213 427 3269 hominibus
462 3214 606 3269 bona
639 3212 970 3282 providenda
1000 3222 1124 3268 sunt
1155 3229 1171 3267 :
1199 3212 1321 3283 quia
1352 3221 1407 3267 et
1435 3213 1725 3267 astutiores

131 3317 237 3365 sunt
278 3306 406 3362 liliis
449 3306 593 3362 lucis
634 3305 726 3361 lilii
770 3305 1143 3363 tenebrarum.
1182 3304 1315 3359 Cum
1344 3318 1476 3374 ergo
1504 3303 1607 3357 hoc
1635 3316 1727 3372 ge-

131 3414 217 3455 nus
248 3415 277 3454 a
324 3410 376 3456 te
417 3414 541 3454 non
570 3405 882 3468 amputatur
933 3413 947 3452 :
995 3396 1093 3451 das
1125 3395 1644 3466 reprehendentibus
1674 3402 1727 3449 te

130 3492 288 3550 locum
322 3514 334 3549 :
372 3496 506 3567 ipse
537 3503 589 3549 te
615 3492 1020 3548 detrahentium
1053 3492 1328 3546 morsibus
1357 3489 1649 3556 tradidisti,
1681 3487 1726 3543 si

132 3592 487 3661 Agnpetarum
518 3587 856 3644 consortium
887 3601 993 3641 non
1022 3585 1315 3641 dimiseris.
1347 3584 1616 3654 Benignus
1645 3598 1725 3650 es,

131 3683 322 3750 gaudeo
353 3700 369 3737 :
402 3680 662 3754 pudicus,
699 3679 891 3735 falsum
922 3689 1024 3735 est.
1051 3679 1109 3734 Si
1139 3679 1336 3747 aliquis
1358 3678 1593 3733 senserit
1621 3676 1731 3732 cle-

131 3776 279 3831 ticum
313 3776 580 3833 habitare
601 3789 723 3829 cum
747 3773 987 3841 feminis,
1014 3788 1121 3827 non
1146 3772 1323 3827 credit
1342 3786 1464 3826 eum
1495 3784 1616 3826 esse
1644 3783 1732 3823 ca-

130 3877 278 3923 slum.
319 3872 376 3925 Si
422 3866 754 3939 pudicitiam
792 3866 1021 3936 qumris,
1055 3878 1223 3936 quare
1266 3864 1472 3919 habitas
1502 3878 1624 3917 cum
1656 3862 1735 3917 le-

136 3962 323 4017 miuis?
364 3961 670 4018 Feminam
708 3974 871 4030 quam
903 3959 1041 4014 bene
1068 3958 1270 4013 videris
1299 3966 1730 4023 conversantem,

133 4065 296 4111 mente
325 4056 535 4127 dilige,
568 4068 676 4109 non
706 4053 976 4125 corporali
1020 4051 1333 4122 frequentes
1365 4061 1580 4105 ornatu.
1615 4049 1731 4104 Non

132 4149 280 4203 \‘e~tis
324 4160 535 4205 tenera
580 4146 839 4202 clericum
882 4145 1028 4211 facit,
1070 4156 1162 4199 aut
1207 4144 1545 4200 sacerdotem
1581 4161 1593 4196 :
1638 4142 1733 4198 sed

137 4250 261 4292 casta
294 4240 504 4295 mentis
533 4238 790 4294 intentio.
824 4238 951 4292 Haec
976 4236 1121 4291 enim
1144 4235 1489 4290 devOtionem
1514 4234 1739 4288 honoris

136 4332 179 4386 in
202 4342 249 4389 te
271 4334 547 4390 custodit.
576 4332 848 4388 Honorem
872 4331 1087 4401 quidem
1113 4331 1437 4401 gloriosum,
1463 4328 1585 4383 boui
1608 4342 1739 4398 ope-

136 4425 196 4479 ris
222 4428 362 4481 fama
396 4432 726 4483 conservat.
755 4423 1078 4481 Sacerdotes
1102 4423 1302 4493 quippe
1322 4421 1501 4486 decet,
1527 4420 1610 4476 vel
1632 4436 1739 4477 ca:-

1825 3210 1972 3277 lecit,
2003 3214 2437 3282 concupiscentia
2467 3215 2642 3271 aliena
2674 3231 2785 3271 non
2810 3216 2947 3270 fuit?
2976 3215 3137 3270 Nullo
3167 3226 3326 3285 pacto
3346 3215 3432 3273 di-

1826 3321 2032 3377 gamos,
2049 3308 2135 3363 vel
2157 3309 2584 3363 concubinarum
2615 3309 2824 3363 catenis
2848 3309 3106 3373 insertus,
3122 3307 3281 3364 decet
3304 3310 3431 3367 sub-

1830 3400 1909 3454 ire
1937 3399 2223 3455 sacerdotii
2253 3401 2635 3455 ministerium.
2666 3400 2723 3455 lu
2764 3400 3009 3455 Levitico
3039 3401 3301 3471 scriptum
3351 3413 3437 3459 est

1830 3504 1894 3544 ac
1924 3492 2249 3560 prmlinitum
2289 3534 2303 3558 ,
2329 3491 2514 3562 quales
2536 3492 2657 3562 eligi
2687 3492 2919 3547 debeant
2941 3493 3272 3559 sacerdotes,
3300 3494 3442 3551 sicut

1831 3582 1998 3639 habes
2030 3603 2043 3637 :
2082 3584 2147 3637 Et
2176 3585 2310 3639 dixit
2348 3584 2601 3639 Dominus
2629 3585 2699 3638 ad
2732 3583 2953 3656 Moysen
2977 3602 2996 3639 :
3024 3585 3283 3641 Sacerdos
3308 3603 3442 3642 uxo-

1831 3693 1941 3730 rem
1986 3677 2205 3749 accipiat
2234 3677 2485 3749 virginem
2529 3677 2593 3732 de
2621 3678 2812 3733 semine
2839 3687 3047 3749 patrum
3076 3696 3307 3734 suorum.
3345 3678 3442 3734 Vi-

1838 3770 1996 3823 duam
2014 3787 2133 3825 vero
2146 3778 2234 3825 aut
2252 3771 2569 3838 destitutam,
2596 3780 2685 3826 aut
2713 3789 2745 3826 a
2770 3773 2878 3825 viro
2904 3772 3091 3827 marito
3116 3772 3443 3840 derelictam,

1843 3879 1944 3917 non
1971 3864 2210 3935 accipiat.
2238 3864 2381 3919 Bene
2409 3864 2587 3919 audivi
2611 3865 2963 3936 praecipiente
2990 3866 3218 3923 Domino
3241 3866 3437 3941 Moysi,

1838 3956 1961 4026 quia
1991 3970 2090 4011 nec
2118 3970 2259 4010 uxor
2286 3956 2445 4012 debet
2472 3958 2740 4013 sacerdoti
2779 3958 2991 4029 digama
3023 3962 3338 4029 convenire,
3372 3977 3441 4017 ne

1847 4049 2111 4106 honorem
2154 4050 2359 4121 polluat
2399 4052 2715 4107 sacerdotii.
2759 4052 2914 4110 Sicut
2944 4054 3107 4109 unius
3152 4053 3338 4109 uxoris
3367 4056 3448 4109 vi-

1836 4159 1981 4209 rum,
2010 4144 2089 4198 sic
2120 4144 2277 4199 unius
2302 4144 2401 4199 viri
2428 4144 2648 4200 mandat
2674 4160 2921 4202 uxorem.
2951 4146 3007 4202 Si
3048 4161 3179 4217 ergo
3205 4145 3443 4202 clericus

1838 4252 2197 4309 monogamus
2239 4239 2418 4303 fuerit,
2463 4248 2517 4295 et
2560 4254 2699 4294 uxor
2735 4240 2853 4309 ejus
2896 4239 3132 4310 digama,
3174 4238 3285 4294 noli
3317 4253 3443 4294 eum

1850 4330 2161 4385 ministerio
2203 4331 2503 4403 applicare.
2526 4331 2801 4403 D’gamam
2831 4332 2977 4388 enim
3007 4331 3160 4387 duxit
3198 4345 3448 4388 uxorem.

1845 4424 1972 4480 ilice
2018 4423 2136 4479 Tito
2177 4436 2447 4498 praecepta
2487 4426 2630 4481 idem
2678 4426 2977 4497 Apostolus
3020 4426 3089 4483 de
3128 4425 3446 4483 ordinandis

137 4526 263 4574 teres
290 4522 638 4577 clericorum
679 4516 897 4589 gradus,
932 4526 991 4572 ut
1018 4531 1183 4587 supra
1215 4515 1422 4571 dictum
1456 4523 1559 4581 cst,
1592 4530 1620 4568 a
1651 4514 1735 4569 l'e-
1768 4487 1819 4548 Β
1846 4519 2060 4575 clericis
2087 4519 2254 4574 dedit.

138 4610 278 4664 minis
307 4611 628 4685 segregari.

198 4700 253 4754 ν.
296 4702 351 4758 Si
398 4702 582 4774 igitur
619 4700 837 4772 generis
875 4700 1044 4771 gratia
1092 4699 1303 4770 judicas
1336 4699 1555 4755 easdem
1587 4698 1738 4753 nullo

140 4803 275 4859 parto
300 4796 599 4850 dimittere
630 4810 645 4850 :
676 4806 950 4850 memento
981 4795 1236 4857 Thamar,
1268 4793 1409 4865 quod
1431 4795 1501 4847 ab
1523 4796 1736 4848 Amnon

140 4884 283 4941 lratre
311 4902 419 4943 suo
449 4896 726 4955 corrupta
758 4886 849 4942 sit.
877 4884 1116 4956 ldipsum
1152 4900 1468 4955 persequor,
1493 4886 1740 4941 dilectis-

142 4979 293 5037 sime:
330 4984 427 5040 ubi
463 4982 640 5038 unius
668 4989 752 5037 est
782 4981 1112 5035 tabernaculi
1142 4981 1485 5035 conversatio
1515 4996 1530 5038 :
1561 4980 1742 5035 carnis

143 5088 232 5130 non
270 5076 435 5134 facile
474 5076 700 5132 tollitur
729 5073 1037 5129 delectatio.
1076 5072 1151 5127 De
1179 5071 1392 5126 duobus
1423 5072 1563 5125 enim
1596 5072 1741 5142 quod

143 5180 261 5223 unus
280 5169 604 5234 desiderat,
628 5167 732 5223 etsi
756 5168 899 5236 loqui
924 5181 1031 5220 non
1057 5171 1255 5234 potest,
1283 5171 1520 5218 tentatur
1542 5172 1740 5218 tamen.

142 5256 373 5318 RCNOliO
422 5263 610 5333 igitur
652 5258 774 5327 viri,
814 5258 1083 5314 castitatis
1117 5257 1353 5313 collocat
1378 5272 1530 5311 arma
1563 5273 1578 5314 :
1610 5272 1745 5312 con—

142 5355 284 5411 struit
322 5357 381 5411 in
421 5351 765 5411 melioribus
794 5360 972 5407 castra
1013 5366 1028 5405 :
1062 5348 1283 5421 pudoris
1322 5349 1585 5405 honorem
1614 5364 1747 5407 con-

205 5525 227 5554 ·
256 5516 606 5589 Legebatur_
622 5521 782 5589 antea
803 5511 1111 5589 incongrue
1141 5522 1333 5589 sensu,
1369 5516 1481 5577 post
1513 5508 1758 5562 tentatin-

144 5603 240 5642 nem
261 5579 536 5655 pai'sionis
565 5584 882 5647 Antiochiae,
907 5600 938 5635 η
964 5579 1137 5635 Paulo
1160 5581 1479 5652 prohibetur.
1513 5590 1645 5655 etc,
1665 5594 1763 5647 pro

148 5676 240 5728 quo
262 5651 650 5726 Antiochiam,
682 5657 1116 5729 interpunctioue
1145 5655 1305 5709 etiam
1337 5651 1643 5719 emendata,
1677 5665 1766 5706 re-

148 5734 477 5805 scripsimus.

1917 4611 2052 4667 VIII.
2105 4612 2171 4666 Et
2217 4612 2340 4682 quia
2367 4611 2478 4681 jam
2514 4612 2652 4668 liber
2691 4611 2849 4666 linem
2884 4618 3163 4681 exspectat
3208 4625 3223 4664 :
3270 4607 3336 4663 ad
3388 4607 3443 4665 id

1842 4704 2131 4761 redeamus
2171 4705 2317 4759 unde
2347 4704 2576 4773 digressi
2610 4719 2820 4758 sumus.
2853 4703 2960 4757 Nec
2991 4703 3037 4756 si
3067 4702 3190 4757 dum
3218 4701 3303 4756 vel
3336 4712 3448 4757 tres

1843 4798 2049 4867 pariter
2076 4795 2170 4850 Dei
2211 4795 2423 4848 ancilla:
2462 4803 2762 4854 morentur,
2797 4794 2971 4847 solum
3013 4792 3078 4847 ad
3112 4806 3204 4848 eas
3236 4792 3447 4863 ingredi

1844 4890 2099 4944 convenit
2129 4886 2487 4940 sacerdotem.
2522 4885 2576 4939 Si
2609 4885 2729 4955 quis
2761 4886 2874 4939 lucc
2908 4894 3175 4955 prtecepta
3206 4900 3315 4939 non
3350 4884 3444 4943 ob-

1844 4977 2173 5042 servaverit,
2225 4974 2392 5029 hostis
2422 4984 2507 5029 est
2533 4976 2727 5028 animae
2759 4990 2891 5029 sure.
2925 4975 3078 5043 Quod
3106 4976 3153 5032 si
3185 4987 3306 5047 post
3332 4994 3449 5036 mo-

1847 5073 1957 5128 nita
1992 5079 2174 5125 nostra
2205 5069 2402 5139 aliquis
2425 5069 2657 5123 clericus
2684 5078 2936 5139 agapetas
2958 5071 3190 5143 amplius
3219 5076 3447 5145 qumsie-

1847 5166 1917 5222 rit
1943 5181 2129 5221 amare
2156 5162 2315 5235 quam
2366 5162 2664 5228 Christum,
2694 5163 2988 5219 secundum
3020 5166 3333 5236 synodalem
3364 5183 3450 5223 re-

1846 5261 2027 5328 gulam
2069 5258 2422 5313 convcniatur
2463 5273 2477 5313 :
2523 5264 2577 5310 ct
2608 5266 2875 5327 prmcepta
2924 5269 3135 5328 patrum
3170 5263 3222 5314 in
3268 5260 3446 5314 Nicaea

1850 5351 2076 5409 definita
2108 5351 2159 5406 ei
2194 5352 2457 5422 legantur.
2499 5350 2615 5407 Jam
2655 5366 2787 5406 vero
2826 5351 2871 5407 si
2914 5364 3211 5408 conventus
3255 5351 3455 5420 ingerit

1940 5506 1967 5545 ι)
1999 5506 2260 5574 Equidem
2292 5517 2596 5577 praperante
2627 5508 2810 5562 malim
2842 5507 3086 5561 rescribi.
3107 5504 3291 5577 ,Verus
3326 5504 3452 5561 Ilie-

1864 5592 2127 5649 ronymus
2149 5579 2349 5629 calamo
2372 5575 2686 5644 temperante
2704 5579 2899 5632 alicubi
2921 5578 3072 5649 dixit.
3088 5575 3171 5649 Ah
3194 5592 3260 5630 eo
3284 5577 3450 5635 multa

1867 5663 1937 5707 ex
1971 5647 2054 5703 his
2084 5663 2204 5719 quae
2232 5658 2551 5720 sequuntur,
2582 5654 2766 5703 auctor
2809 5649 2895 5705 hic
2921 5647 3198 5705 delibavit.
