4012 6190
556 127 680 221 Μ’

1587 156 1646 214 S.
1688 151 2075 218 llIERONYill
2111 151 2395 210 OPERUM
2433 146 2800 218 MANIISSA.

3756 143 3867 201 9.“!

556 280 843 354 pra-dicta,
875 284 932 334 et
971 272 1297 346 reliquerit:
1327 269 1609 328 consecuti
1646 282 1836 324 sumus
1868 266 2160 322 maximum
2195 269 2238 334 Β
2266 263 2500 336 pugilem
2547 259 2808 354 describit
2846 255 3160 354 Apostolus.
3189 255 3309 354 AQui
3352 257 3716 354 conscientias
3759 274 3866 354 non

557 376 790 434 lucrum.
838 370 1093 442 Alioquin
1143 367 1189 423 si
1240 363 1582 437 neglexerit,
1629 362 1752 417 talis
1795 361 1864 416 ab
1911 360 2154 416 Ecclesia

559 467 762 534 Christi
807 460 1352 522 anathematizandus
1399 468 1504 516 est.
1553 455 1874 514 Germinant
1898 454 2042 510 enim
2072 454 2154 508 fe-

558 564 720 620 mina:
760 559 943 629 spinas
984 569 1107 616 cum
1136 554 1262 608 viris
1309 551 1660 608 habitantes:
1694 557 1749 604 et
1775 561 1974 602 arcana
1999 561 2156 602 men-

557 656 688 710 tium
737 658 896 704 acuto
937 660 1199 702 mucrone
1233 645 1564 714 percutiunt.
1599 640 1742 694 Proh
1783 637 1970 694 nefas!
2004 637 2158 694 dolor

554 755 640 803 est
663 744 864 808 dicere,
888 739 984 796 sed
1011 738 1294 811 prmtcrire
1321 752 1426 792 non
1451 736 1608 794 decet
1632 750 1646 788 :
1674 731 1888 790 Christo
1916 731 2034 787 istac
2056 746 2159 786 nu-

554 839 683 894 bere
712 843 1003 898 voverunt,
1035 847 1141 886 non
1165 831 1396 892 clericis.

625 927 720 984 1X.
762 925 917 983 Unde
963 925 1081 982 sine
1117 924 1323 994 nuptiis
1363 937 1534 995 genus
1566 935 1763 977 novum
1795 918 2058 976 uxorum?
2093 914 2160 972 Et

553 1020 656 1080 hoc
685 1019 753 1076 ad
783 1035 883 1076 nos
913 1018 1045 1090 quid
1079 1018 1340 1089 pertinet,
1370 1017 1512 1087 quod
1546 1015 1813 1071 infamare
1842 1031 1948 1070 non
1978 1028 2160 1069 cessa-

553 1117 709 1172 mus?
741 1117 781 1172 A
817 1116 1088 1170 machmra
1117 1127 1421 1170 cessemus.
1453 1111 1638 1168 Bonus
1669 1112 1841 1167 honor
1867 1121 1948 1166 est
1974 1109 2028 1164 in
2055 1110 2158 1165 Ec—

549 1207 739 1275 clesia,
770 1209 813 1262 si
845 1223 874 1260 a
897 1207 1186 1262 consortio
1210 1207 1451 1260 virorum
1477 1207 1692 1260 feminm
1714 1206 1818 1258 sint
1842 1204 2020 1272 lange.
2047 1202 2160 1258 Mo-

554 1301 788 1357 nachum
828 1301 912 1356 vel
953 1300 1210 1355 clericum
1257 1298 1496 1354 solitudo
1539 1297 1688 1363 facit,
1719 1312 1824 1353 non
1858 1296 2154 1366 publicum.

557 1397 696 1468 Quid
731 1407 782 1453 te
804 1396 1072 1467 virginale
1101 1394 1337 1450 delectat
1367 1391 1704 1464 alloquium?
1735 1391 1844 1446 Cur
1869 1390 2158 1447 sanctimo-

555 1491 732 1546 niales
752 1501 946 1545 contra
969 1488 1129 1544 Iidem
1158 1487 1471 1557 frequentas
1491 1487 1543 1540 in
1570 1485 1831 1553 Ecclesia,
1855 1484 1940 1539 vel
1966 1484 2017 1537 in
2042 1483 2159 1552 ipso

553 1584 805 1654 publico?
845 1582 902 1637 Si
949 1597 1047 1637 eos
1093 1594 1230 1652 quos
1272 1580 1505 1650 diligunt
1551 1577 1810 1644 viderint,
1853 1575 2159 1631 ridentibus

559 1677 730 1732 oculis
775 1675 1117 1730 salutationis
1168 1684 1351 1729 tenera
1396 1673 1557 1727 verba
1591 1670 1916 1742 producunt.
1955 1668 2158 1725 Deinde
2189 1670 2238 1730 Β

557 1782 680 1823 cum
707 1767 1086 1831 salutaverint,
1119 1767 1164 1820 si
1201 1781 1291 1820 cas
1326 1765 1416 1818 Dei
1447 1764 1590 1817 viros
1619 1763 1901 1834 praeterire
1929 1761 2160 1816 celerius

564 1859 818 1927 viderint,
861 1869 1263 1928 ccttteniptnrcs
1297 1872 1424 1912 suos
1449 1856 1716 1926 judicent,
1743 1867 1794 1911 et
1825 1854 2155 1910 irascuntur.

555 1951 848 2007 Ordinatur
864 1950 1058 2005 deinde
1074 1948 1307 2004 deserta:
1324 1947 1620 2003 satisfactio
1651 1965 1666 2004 :
1693 1959 1814 2018 post
1835 1947 2157 2004 satisfactio-

557 2059 682 2098 nem
724 2042 1034 2110 prandium,
1071 2041 1228 2112 quasi
1262 2056 1398 2096 nova
1424 2039 1615 2095 laetitia
1651 2041 1976 2111 disponitur.
2011 2040 2157 2096 Inter

549 2137 742 2204 pocula
772 2138 1145 2208 imprOperant
1176 2135 1341 2190 verba
1370 2142 1720 2204 contemptus
1753 2151 1768 2189 z
1802 2133 1896 2190 ille
1925 2150 2056 2188 vero
2080 2135 2155 2188 Ia-

546 2226 779 2283 mentari
813 2243 873 2283 se
916 2228 1161 2293 simulat,
1209 2227 1362 2296 quasi
1408 2226 1615 2296 peccati
1656 2241 1826 2297 genus
1870 2227 2150 2282 inducens.

546 2319 688 2390 Lege
728 2320 852 2389 quia
898 2319 1020 2374 talis
1065 2319 1226 2375 debet
1266 2334 1388 2375 esse
1417 2319 1715 2386 solitarius,
1752 2318 1971 2390 qualem
1999 2318 2151 2374 .lcre-

544 2413 682 2467 mins
711 2427 832 2467 esse
863 2410 1178 2482 descripsit.
1208 2410 1298 2466 Ait
1329 2413 1474 2466 enim
1503 2431 1514 2464 :
1545 2410 1753 2466 Sedebit
1794 2410 2062 2464 solitarius
2104 2420 2154 2464 ct

541 2506 726 2561 tacebit
760 2523 778 2561 :
803 2507 928 2578 quia
949 2506 1136 2561 levavit
1164 2523 1219 2561 se
1257 2520 1412 2575 super
1435 2523 1489 2560 se
1518 2523 1532 2560 :
1566 2504 1768 2560 Bonum
1793 2516 1866 2558 est
1896 2506 2004 2560 riro
2034 2520 2152 2558 cum

542 2599 785 2656 (enaverit
805 2602 998 2673 jugum
1025 2600 1087 2664 ab
1117 2599 1466 2655 adolescentia
1495 2616 1590 2654 sua
1623 2598 1773 2668 (Thr.
1802 2614 1882 2663 ιιι,
1910 2599 2004 2663 27,
2030 2596 2148 2668 ‘28).

544 2693 614 2748 Et
657 2694 783 2765 quia
826 2694 1008 2760 Jesus,
1050 2692 1254 2749 relictis
1298 2694 1583 2766 apostolis,
1626 2691 1776 2747 solus
1819 2693 1930 2747 ibat
1969 2707 2146 2748 orare.

546 2786 770 2842 Mariam
805 2802 1021 2858 quoque
1046 2788 1098 2842 in
1128 2788 1501 2858 penetralibus
1533 2788 1773 2859 Angelus
1799 2787 1972 2841 Solam
2000 2786 2150 2844 inve-

544 2879 649 2945 nit,
679 2894 787 2934 non
814 2895 937 2934 cum
969 2890 1196 2951 agapela
1230 2881 1543 2951 loquentem
1577 2897 1591 2934 :
1621 2889 1676 2936 et
1705 2879 1796 2934 illa
1823 2880 2030 2934 virilem
2065 2879 2148 2932 iu-

547 2972 769 3027 troitum
799 2973 1202 3043 trepidatit.Tn
1232 2990 1350 3046 qua:
1382 2974 1566 3028 fornax
1600 2989 1660 3031 es
1691 2973 1932 3041 malitiae,
1961 2972 2087 3045 quid
2115 2988 2143 3026 a

550 3064 668 3118 viro
700 3064 978 3121 desideras
1007 3065 1346 3136 frequentius
1371 3066 1634 3121 salutari?

611 3151 680 3212 X.
711 3159 794 3211 An
825 3157 1003 3213 nescis
1031 3158 1154 3228 quia
1186 3159 1479 3227 dupliciter
1511 3159 1707 3212 famam
1738 3158 1918 3228 perdis
1945 3174 1960 3214 :
1996 3167 2141 3212 luam

537 3247 699 3302 simul
741 3257 797 3303 et
841 3247 1026 3303 clerici
1077 3264 1091 3302 :
1137 3248 1292 3318 cujus
1321 3249 1428 3303 vita
1465 3249 1706 3304 Ecclesia
1735 3250 1936 3305 Christi
1982 3251 2144 3306 debet

539 3339 759 3394 ornari?
786 3339 1092 3396 Iuordinata
1120 3341 1455 3396 consuetudo
1487 3352 1592 3409 est,
1612 3351 1665 3396 et
1694 3342 1908 3398 delicati
1936 3356 2144 3397 sermo-

537 3435 625 3489 nis
675 3433 915 3490 fabulosa
964 3435 1268 3490 calamitas.
1302 3435 1407 3490 Sed
1437 3435 1482 3490 si
1530 3435 1959 3506 hospitalitatem
1989 3437 2142 3505 curiis

538 3528 740 3585 habere
772 3546 788 3585 :
819 3529 987 3584 habes
1019 3540 1136 3583 tuas
1165 3543 1402 3595 sorores,
1440 3529 1547 3584 illa:
1577 3527 1720 3598 apud
1754 3539 1807 3585 te
1844 3528 1902 3584 in
1921 3528 2141 3586 domum

539 3630 687 3677 tuam
716 3623 898 3677 vocari
929 3624 1148 3690 debent,
1182 3641 1286 3678 non
1319 3625 1531 3679 clerici.
1579 3624 1696 3679 Erit
1735 3625 1801 3679 ad
1830 3625 2136 3680 aedificatio-

538 3729 665 3769 nem
717 3724 882 3782 tuam,
929 3727 1120 3770 saneta
1144 3716 1320 3787 virgo,
1347 3717 1489 3788 quod
1520 3717 1730 3772 dixero.
1762 3719 1816 3773 In
1844 3718 2140 3775 beatissimi

541 3806 762 3864 Martini
781 3806 900 3861 Vita
926 3807 1154 3878 legimus
1175 3823 1635 3865 commemorasse
1659 3812 1969 3881 Sulpitinm,
1995 3811 2138 3883 quod

537 3897 810 3953 transiens
834 3911 1052 3954 sanctus
1073 3900 1354 3968 Martinus,
1380 3902 1664 3972 quamdam
1690 3902 1951 3976 virginem
1977 3905 2141 3960 mori-

537 3990 638 4048 bus
669 4003 726 4049 ct
757 3997 1008 4050 castitate
1039 3995 1377 4074 pra-celsam,
1401 3998 1624 4067 cupiens
1646 3999 1864 4055 visitare
1892 4017 1908 4063 ς
1933 4001 2020 4055 illa
2043 4017 2141 4057 no-

535 4086 656 4154 luit,
687 4087 783 4146 scd
819 4087 1036 4144 xenium
1071 4089 1218 4144 misit
1257 4089 1308 4146 ei
1343 4105 1358 4144 :
1390 4105 1453 4144 ae.
1499 4107 1594 4162 per
1625 4090 1921 4148 fenestram
1967 4095 2140 4164 respi-

530 4180 704 4246 ciens,
739 4182 815 4236 ait
839 4192 1026 4238 sancto
1057 4183 1175 4237 viro
1205 4200 1220 4242 :
1256 4184 1352 4253 lbi,
1387 4185 1546 4241 Pater
1587 4197 1793 4252 sancte,
1838 4201 1931 4244 ora
1965 4203 1980 4244 :
2013 4189 2139 4260 quia

530 4287 562 4328 a
588 4273 708 4328 viro
740 4291 1033 4345 numquam
1065 4293 1184 4330 sum
1218 4277 1451 4332 visitata.
1485 4279 1700 4335 Gratias
1731 4282 1840 4350 egit
1872 4280 1982 4336 Deo
2015 4295 2142 4336 san-

530 4375 650 4423 ctus
680 4367 964 4438 Martinus,
996 4371 1138 4442 quod
1173 4373 1368 4429 talibus
1395 4373 1599 4429 imbuta
1631 4375 1897 4443 moribus,
1931 4387 2136 4432 castam

527 4462 850 4518 custodierit
899 4464 1232 4522 voluntatem
1279 4485 1295 4524 :
1336 4477 1393 4524 et
1432 4468 1758 4526 benedicens
1797 4487 1916 4526 eam
1942 4513 1960 4540 ,
2001 4471 2135 4528 abiit
2165 4448 2218 4509 θ

528 4551 705 4610 laetus.

599 4645 692 4702 XI.
741 4647 1029 4721 IIucusquc
1075 4650 1307 4707 sufﬁciat
1349 4651 1417 4708 de
1457 4652 1676 4710 feminis
1720 4655 1944 4712 dictum.
1990 4656 2131 4715 Con-

525 4748 793 4793 summata
825 4741 1026 4812 quippe
1065 4743 1335 4814 virginum
1369 4759 1556 4810 causa,
1589 4755 1927 4802 transeamus
1954 4750 2020 4804 ad
2047 4767 2131 4806 re-

525 4828 694 4900 liqua.
728 4831 1058 4903 Ilospilalcm
1092 4836 1337 4908 praecipit
1363 4837 1656 4907 Apostolus
1686 4839 1943 4896 clericum
1974 4843 2125 4899 ordi-

525 4924 789 4978 nandum.
828 4926 938 4980 Iloc
971 4941 1242 5000 prmcepto
1277 4939 1427 4999 pater
1456 4930 1725 4986 Abraham
1757 4940 1812 4986 et
1841 4933 1980 4989 Lntb
2010 4939 2124 4991 An-

524 5014 680 5082 gelos
710 5029 1066 5087 susceperunt
1100 5038 1111 5074 :
1147 5025 1272 5092 quia
1297 5023 1715 5093 hospitalitatem
1742 5026 1882 5084 inter
1903 5042 2128 5088 caeteras

524 5106 836 5162 dilexerunt
878 5111 1123 5168 virtutes.
1163 5114 1252 5172 Sic
1280 5126 1333 5173 et
1370 5117 1740 5189 Onesiphorus
1772 5121 2002 5181 Paulqu
2029 5126 2129 5181 do-

523 5202 715 5258 ctrina:
745 5201 947 5258 fontem
981 5210 1234 5279 suscepit.
1271 5211 1364 5267 lla:
1402 5212 1734 5272 imitationes
1759 5217 1868 5274 sint
1890 5231 2121 5278 vestra):

523 5303 577 5349 ct
606 5311 674 5351 ne
704 5293 895 5349 sinatis
928 5297 1157 5354 incolam
1187 5305 1491 5373 praeterire,
1523 5307 1610 5375 qui
1644 5307 1784 5378 apud
1808 5325 1904 5367 vos
1929 5330 2126 5382 panem

523 5401 629 5442 non
658 5387 931 5444 comedat.
966 5390 1245 5461 Sequitur,
1275 5393 1398 5450 Non
1424 5414 1776 5469 percussorem
1803 5420 1822 5458 :
1844 5404 1952 5461 Nec
1975 5409 2119 5464 enim

595 5527 1000 5615 {Quamquam
1036 5528 1360 5615 llicronymo
1391 5539 1625 5615 ascripta
1662 5541 1790 5597 olim
1818 5544 1990 5615 vulgo
2032 5547 2126 5602 ιω-

527 5595 710 5686 betur,
731 5595 923 5686 notata
949 5599 1170 5686 dignum
1191 5595 1275 5659 est
1297 5615 1497 5686 tamen,
1520 5595 1636 5680 ejus
1656 5595 1840 5684 neque
1865 5595 2126 5686 iniiinii,

526 5681 706 5735 neque
731 5681 861 5720 mss.
894 5683 1029 5735 quos
1059 5673 1287 5731 vidimus
1314 5673 1488 5746 libris,
1516 5673 1708 5739 nomen
1733 5673 1958 5756 apponi,
1984 5673 2128 5759 quod

2171 3053 2220 3116 Ο

2262 357 2526 428 percutiat
2558 353 2927 426 singulorum;
2958 351 3048 407 sed
3076 352 3470 408 modestum:et
3497 352 3726 421 reliqua.
3765 351 3869 407 Do-

2260 465 2406 506 mum
2439 464 2591 504 suam
2625 449 2762 503 bene
2792 456 3069 517 regentem
3099 463 3112 500 :
3141 460 3400 515 perquam
3435 444 3695 502 horribile
3739 445 3865 515 erit,

2264 543 2308 597 si
2356 539 2546 598 domui
2581 539 2763 596 clerici
2803 537 3142 594 detrahatur.
3189 537 3373 591 La-det
3412 536 3715 600 sacerdotis
3746 538 3868 616 opi-

2261 633 2478 689 nionem
2512 631 2565 686 in
2600 631 2777 702 plebe,
2811 628 3026 702 quando
3066 627 3136 684 dc
3166 629 3427 700 proximis
3458 629 3574 699 ejus
3607 630 3750 685 male
3782 630 3863 685 Io-

2263 727 2449 798 quitur
2479 727 2729 797 populus.
2772 725 2948 796 Super
2989 723 3170 780 omnia
3216 724 3332 778 ha‘c
3360 725 3621 796 prati-epit
3646 727 3860 782 clericis

2263 819 2390 874 boni
2409 818 2703 874 testimonii
2719 816 3012 889 Apostolus
3028 817 3371 871 fundamenta
3396 833 3723 889 componere
3755 835 3772 876 δ
3803 831 3863 876 ut

2262 911 2528 969 bonorum
2560 926 2786 984 operum
2817 911 3145 977 testiﬁcatio,
3177 919 3328 966 casto
3375 911 3730 968 conﬁrmetur
3773 914 3858 968 af-

2260 1004 2709 1156 fecmlll0t‘\’l'l'U.\I
2751 1096 2817 1153 IN
2859 1096 3241 1154 EPISTULAM
3281 1096 3727 1167 SEQUENTE“.

2335 1216 2510 1272 Multa
2532 1226 2652 1272 sunt
2683 1216 2942 1290 apotéﬁm
2969 1216 3022 1270 id
3049 1230 3210 1284 genus
3236 1214 3496 1290 epistolae,
3528 1231 3643 1282 qua:
3674 1213 3868 1272 Hiero-

2263 1307 2476 1360 nymum
2525 1305 2685 1358 (equa:
2711 1285 2775 1342 ac
2806 1285 3091 1360 Damasum
3122 1288 3474 1360 mentiuntur;
3508 1304 3602 1360 nos
3641 1290 3744 1342 huc
3779 1305 3868 1342 ras

2262 1356 2599 1424 contulimus,
2651 1376 2754 1412 una
2803 1359 2956 1426 etiam
3001 1366 3153 1425 atque
3201 1356 3367 1410 altera
3408 1357 3620 1412 ineditis
3654 1369 3868 1426 auctas,

2264 1441 2444 1500 utpote
2471 1447 2589 1502 qua:
2631 1430 2867 1502 eumdem
2918 1435 3026 1499 fere
3064 1443 3242 1502 omnes
3287 1438 3539 1502 auctorem
3571 1429 3864 1484 redoleant.

2269 1498 2390 1557 Otio
2420 1498 2625 1566 abutar,
2656 1504 2702 1556 si
2723 1500 2872 1556 uelim
2897 1498 3125 1570 singula,
3153 1515 3244 1567 per
3264 1516 3380 1569 quia
3399 1501 3586 1558 νοθείαν
3615 1517 3872 1571 unaque-

2261 1591 2360 1643 que
2386 1573 2998 1646 redarguitur,pra'fari.
3029 1571 3178 1625 Hanc
3197 1573 3323 1646 satis
3344 1571 3546 1625 abunde
3576 1573 3699 1641 falsi
3733 1589 3866 1627 con-

2265 1642 2419 1698 uincit
2450 1642 2583 1698 unus
2611 1646 2699 1699 ile
2725 1642 2790 1697 de
2816 1643 3179 1714 Chrysostomo
3200 1642 3367 1711 locus,
3398 1659 3549 1712 quem
3572 1654 3623 1696 ut
3650 1653 3868 1714 prseter-

2262 1735 2398 1778 emn,
2432 1718 2476 1768 si
2511 1715 2866 1784 Hieronymus
2901 1731 3144 1785 umquam
3179 1714 3474 1775 laudasset,
3533 1723 3724 1767 eertum
3763 1726 3863 1783 est,

2261 1789 2460 1841 biennio
2487 1790 2672 1842 saltem
2689 1787 2752 1840 ab
2778 1788 2919 1841 obitu
2948 1785 3184 1846 Damasi,
3213 1786 3375 1855 fuisse
3403 1786 3622 1840 electum
3650 1789 3866 1858 presby-

2260 1871 2446 1928 terum,
2483 1869 2530 1912 et
2565 1859 2874 1931 Scripturas
2911 1869 3020 1911 tum
3054 1859 3258 1931 demunt
3295 1858 3506 1927 erupisse
3548 1870 3866 1931 commenta-

2259 1934 2372 1990 riis,
2406 1926 2494 1983 an!
2545 1926 2772 2012 Itomiliis
2803 1930 2870 1981 ad
2896 1926 3497 2012 populum”ill-ttslrare.‘
3535 1929 3686 2012 Quid
3723 1933 3864 2012 quod

2257 2018 2421 2072 neque
2449 2012 2524 2055 est
2554 1999 2910 2072 (Ihrysostomi
2939 1999 3086 2053 locus
3116 2000 3208 2072 ille
3246 2000 3299 2052 in
3340 1999 3686 2054 Matthwum?
3717 2002 3862 2055 Certe

2255 2074 2311 2125 in
2336 2071 2486 2126 Vneris
2527 2075 2640 2143 ejus
2680 2072 3068 2141 commentariis
3107 2071 3237 2125 nihil
3266 2072 3445 2143 simile
3488 2072 3721 2126 invenire
3760 2083 3859 2128 est.

2259 2143 2371 2197 Nec
2400 2145 2524 2197 satis
2547 2140 2724 2198 tamen
2745 2140 2930 2196 habuit
2949 2145 3222 2211 imposlor,
3255 2140 3658 2214 Hieronymiaui
3685 2147 3860 2197 norni-

2256 2216 2337 2267 m's
2377 2215 2558 2268 umbra
2605 2233 2726 2268 suas
2771 2232 2934 2284 nugas
2977 2225 3287 2285 praflexere:
3314 2212 3564 2282 conﬁnxit
3589 2212 3723 2285 idem
3748 2217 3864 2285 ipse

2261 2285 2474 2339 Damasi
2518 2282 2859 2354 responsum;
2897 2282 3004 2338 sive
3050 2283 3334 2351 decretum,
3393 2286 3528 2354 quod
3574 2282 3864 2340 Gratianus

2257 2357 2326 2414 10
2351 2368 2529 2420 quwst.
2572 2359 2624 2425 1,
2660 2375 2778 2428 cap.
2808 2357 2896 2424 lii,
2922 2358 3121 2428 profert
3150 2373 3168 2409 :
3192 2355 3341 2411 Hanc
3383 2357 3861 2420 consuetudinem,

2254 2445 2374 2497 qua:
2425 2440 2613 2484 contra
2658 2427 2898 2485 sanctam
2954 2427 3256 2484 Ecclesiam
3305 2429 3624 2485 catholicam
3668 2431 3866 2497 augeri

2255 2500 2496 2566 videtur,
2542 2502 2764 2554 Omnino
2809 2499 3212 2563 interdicimus,
3245 2509 3306 2554 ut
3347 2500 3494 2554 nullo
3540 2500 3704 2553 modo
3740 2516 3866 2554 um-

2254 2587 2412 2640 quam
2446 2571 2768 2635 oblationes,
2797 2587 2918 2641 qnae
2949 2571 3088 2625 intra
3120 2579 3364 2625 sanctam
3399 2569 3697 2626 Ecclesiam
3723 2573 3865 2628 olfe-

2254 2653 2470 2704 runtur,
2505 2644 2606 2697 sub
2633 2645 2856 2698 domino
2887 2642 3149 2697 Iaicorum
3178 2642 3546 2707 detineantur,
3579 2650 3687 2696 etc.
3719 2641 3862 2697 Con-

2252 2716 2332 2787 fer
2374 2715 2638 2787 utriusque
2673 2715 2946 2780 dictatum,
2996 2724 3046 2769 et
3089 2713 3153 2768 ab
3198 2731 3301 2770 uno
3336 2715 3617 2785 eodemque
3657 2715 3864 2787 artiﬁce

2251 2785 2602 2857 deprehendes
2631 2787 2902 2858 prodiisse.

2769 2921 3102 2980 EPISTOLA
3141 2921 3325 2979 XLIII.

2855 3061 2923 3100 Δί)
2963 3059 3233 3101 ΒΔΜΛΞΠΙ.

2663 3159 2743 3216 De
2772 3160 3136 3218 Oblationibus
3165 3163 3349 3220 altaris
3371 3173 3420 3219 ⁸.

2316 3277 2360 3335 Ι.
2399 3275 2627 3334 Noverit
2654 3291 2843 3336 sancta
2874 3281 3175 3337 auctoritas
3206 3290 3317 3349 tua,
3348 3296 3485 3352 papa
3515 3283 3862 3352 venerande,

2243 3370 2369 3440 quia
2397 3369 2468 3426 de
2515 3370 2838 3441 quzestione,
2871 3387 3032 3443 quam
3080 3373 3338 3430 clientulo
3369 3387 3460 3429 tuo
3490 3376 3861 3446 proposuisti,

2243 3472 2302 3518 et
2325 3476 2564 3531 congrua
2613 3479 2877 3534 responsa
2924 3480 3020 3533 per
3066 3466 3352 3536 epistolam
3398 3467 3696 3534 mandasti,
3751 3467 3868 3526 hoc

2244 3561 2348 3622 est,
2381 3553 2451 3610 de
2483 3553 2714 3624 panibus
2737 3570 2767 3610 a
2797 3555 3046 3612 ﬁdelibus
3072 3557 3126 3612 in
3155 3557 3313 3613 altari
3341 3558 3564 3625 oblatis,
3594 3560 3723 3631 quis
3746 3561 3865 3618 illis

2239 3646 2466 3718 jure-uti
2494 3647 2715 3704 debeat.
2742 3648 3016 3719 Quantum
3049 3653 3337 3723 praecipuis
3367 3653 3636 3710 Ecclesia:
3664 3654 3864 3713 docto-

2244 3739 2395 3794 ribus
2432 3738 2762 3812 investigare
2795 3742 2963 3807 valui,
2994 3745 3046 3798 in
3076 3746 3264 3815 paucis
3295 3745 3395 3801 tibi
3422 3746 3730 3804 rescribere
3755 3763 3863 3806 cu-

2244 3832 2609 3912 ravi._'l‘estes
2641 3845 2821 3891 autem
2855 3836 3038 3893 idonei
3067 3853 3205 3908 quos
3230 3839 3300 3894 ad
3339 3840 3477 3896 hanc
3511 3857 3626 3897 rem
3656 3857 3860 3899 corro-

2241 3929 2541 3986 borandam
2568 3932 2858 3998 concitari,
2891 3931 2945 3987 bi
2985 3943 3114 3990 sunt
3151 3935 3447 4007 Gregorius
3476 3937 3863 3997 Nazianzenus

2243 4022 2516 4079 mirabilis
2554 4023 2769 4092 doctor,
2811 4025 3068 4098 Cyrillus,
3099 4027 3454 4093 Athanasius,
3489 4029 3856 4103 Theophilus,

2244 4114 2554 4182 Anatolius,
2595 4113 2836 4173 Joannes
2878 4116 3338 4190 Chrysostomus,
3385 4121 3704 4179 Eustathius
3736 4124 3855 4196 [ΛΙ.

2246 4208 2632 4280 Eustachius],
2681 4212 2954 4270 Eusebius
3008 4216 3495 4288 chronograpbus,
3544 4229 3600 4275 et
3658 4227 3855 4275 noster

2244 4302 2644 4377 Hilarius:qni
2693 4322 2883 4363 omnes
2923 4325 3032 4365 uno
3074 4325 3171 4365 ore
3217 4311 3521 4384 eodemque
3571 4328 3851 4369 consensu

2245 4397 2415 4453 veluti
2442 4412 2572 4454 vera
2604 4401 2780 4454 sancti
2814 4401 3050 4472 Spiritus
3075 4417 3300 4473 organa,
3333 4405 3698 4460 anathematis
3729 4422 3854 4461 tnu-

2240 4503 2410 4545 crone
2453 4501 2681 4547 censent
2721 4507 2844 4549 esse
2893 4495 3187 4563 feriendus,
3220 4497 3308 4567 qui
3353 4498 3406 4553 in
3438 4513 3536 4553 usu
3575 4499 3850 4556 Iaicorum

2240 4595 2410 4652 panes
2440 4583 2780 4638 oblationum
2813 4588 3187 4645 contulerint:
3217 4590 3344 4660 quia
3399 4592 3622 4647 omnino
3664 4608 3858 4650 sacer-

2239 4673 2458 4730 dotibus
2487 4675 2623 4732 solis
2651 4675 2961 4735 debentur:
2997 4681 3098 4736 nisi
3142 4681 3283 4737 forte
3320 4683 3596 4754 religionis
3644 4685 3851 4756 gratia,

2240 4766 2364 4822 laici
2393 4784 2489 4838 pro
2512 4769 2894 4828 benedictione
2925 4772 2992 4828 de
3029 4790 3189 4829 manu
3217 4775 3520 4831 sacerdotis
3545 4778 3849 4847 accipian'.

2237 4858 2354 4915 Non
2380 4862 2556 4916 solum
2585 4872 2767 4918 autem
2800 4864 2867 4920 de
2887 4866 3118 4936 panibus
3151 4869 3203 4922 in
3233 4868 3474 4924 Ecclesia
3507 4869 3609 4924 hoc
3632 4883 3852 4926 eamc-

2235 4962 2364 5009 runt
2390 4963 2576 5024 patres
2607 4956 2800 5022 nostri,
2831 4960 2926 5014 sed
2962 4961 3030 5016 de
3061 4961 3318 5016 omnibus
3355 4978 3478 5034 qua:
3518 4964 3680 5019 altari
3710 4965 3855 5023 oile-

2234 5056 2480 5105 runtur:
2522 5046 2767 5104 dicentes
2813 5060 2980 5118 atque
3036 5052 3320 5123 docentes,
3369 5070 3620 5125 magnum
3684 5058 3853 5115 nefas

2236 5153 2380 5204 esse,
2414 5149 2471 5195 et
2508 5155 2611 5210 per
2649 5143 2831 5198 omnia
2877 5144 3147 5201 diabolica
3197 5147 3506 5205 temeritate
3562 5148 3668 5205 hoc
3722 5152 3848 5210 ﬁeri

2237 5229 2564 5302 ubicumque
2579 5234 2861 5301 acciderit,
2877 5245 2932 5291 et
2953 5236 3110 5294 valde
3130 5253 3254 5296 esse
3272 5239 3611 5296 intolerabile
3633 5256 3848 5300 sanene

2237 5322 2516 5390 Ecclesiae,
2551 5333 2610 5380 ut
2643 5325 2762 5382 sine
2800 5327 3042 5386 vindicta
3082 5340 3397 5389 sanctorum
3434 5332 3720 5392 Canonum
3760 5355 3849 5396 re-

2231 5420 2471 5467 maneat.

2234 5550 2290 5604 in
2323 5549 2447 5625 aliis
2465 5549 2738 5625 ejusmodi
2769 5553 3014 5625 solemne
3043 5569 3148 5614 est.
3183 5561 3356 5616 Aliam
3390 5562 3847 5625 Pseudo-ﬂierr-

2230 5618 2806 5715 retinentibus?
2828 5625 3117 5715 Peneum
3150 5618 3838 5715 δεβηιοηίὺιιὲξὶιξῇἐήῐέέ-

2228 5693 2430 5750 Iiorum
2461 5692 2809 5750 exhibuimus
2845 5705 2991 5752 torno
3021 5702 3376 5770 praecedenti,
3400 5719 3529 5778 pag.
3561 5692 3697 5767 665:
