4012 6190
565 166 677 230 293

1506 148 1513 159 ‘
1605 161 1665 223 s.
1705 155 2096 219 HIERONYMI
2136 149 2418 214 OPERUM
2461 145 2832 209 MANTISSA.

3771 140 3881 202 296

570 289 873 348 secundum
932 286 1333 359 simplicitatem
1391 281 1740 353 Septuaginta
1812 280 2172 348 interpretum
2202 277 2255 336 Α
2284 270 2620 343 psalterium.
2652 269 2789 324 Area
2818 257 3260 359 autemDomini
3287 257 3645 359 antecedebat
3664 259 3881 359 choris,

571 401 776 442 canens
800 426 816 451 ,
862 383 1346 451 Psalmographum
1380 374 1729 447 interpretari
1760 373 2012 429 festinem
2045 388 2171 443 pro-

574 488 698 549 pter
728 475 1006 532 l'astidium
1042 472 1412 527 Romanorum
1459 487 1473 524 :
1524 477 1583 523 ut
1611 468 1701 521 uhi
1732 467 2036 521 obscuritas
2069 465 2171 518 im-

572 572 741 645 pedit,
769 567 1029 639 apertius,
1055 576 1109 620 et
1134 563 1327 619 Latine
1352 563 1602 619 trahatur
1624 576 1839 617 sensus.
1861 570 1885 597 α
1908 560 2170 615 Precatur

570 678 703 732 ergo
741 661 916 715 cliens
953 668 1075 713 tuus
1100 697 1117 723 ,
1168 670 1227 713 ut
1262 673 1372 711 vox
1422 657 1524 711 ista
1567 654 1915 726 psallentium
1958 652 2012 707 in
2042 651 2170 707 sede

572 751 818 807 Romana
846 751 938 806 die
965 760 1239 821 noctuque
1265 758 1494 804 canatur
1531 765 1545 801 :
1592 756 1647 802 et
1677 754 1735 801 ut
1764 746 1818 801 in
1853 746 1958 801 line
1986 744 2175 815 cujus-

571 846 702 902 libet
735 845 931 916 psalmi
959 890 973 913 ,
1016 844 1133 900 sive
1164 842 1445 898 matutinis
1477 840 1623 895 horis
1649 883 1663 907 ,
1696 842 1818 895 sive
1846 838 2172 910 vespertinis

568 940 822 1011 conjungi
884 937 1167 1008 prmcipiat
1212 936 1567 1007 Apostolatus
1617 934 1691 988 tui
1742 932 1879 988 ordo
1913 978 1927 1001 ,
1985 928 2171 985 Gloria

566 1033 763 1103 Patri,
810 1043 859 1089 et
896 1032 1041 1087 Filio
1068 1079 1081 1101 ,
1126 1042 1173 1087 et
1209 1031 1436 1101 Spiritui
1476 1039 1654 1084 sancto
1703 1045 1720 1082 :
1775 1028 1923 1083 Sicut
1959 1035 2070 1080 erat
2118 1026 2171 1080 in

567 1128 849 1199 principio,
878 1138 927 1181 et
950 1142 1108 1193 nunc,
1142 1135 1188 1180 et
1215 1140 1433 1196 semper,
1462 1134 1510 1177 et
1536 1124 1589 1177 in
1617 1122 1811 1177 saecula
1840 1118 2167 1175 steculorum.

566 1219 747 1275 Amen.
798 1218 947 1275 Istud
998 1233 1220 1274 carmen
1254 1218 1285 1255 ι’
1324 1216 1473 1273 omni
1502 1217 1713 1288 psalmo
1743 1213 1999 1284 conjungi
2034 1228 2171 1283 pra:-

566 1315 739 1384 cipias
771 1332 784 1369 :
818 1324 878 1368 ut
906 1314 1045 1369 ﬁdes
1078 1323 1444 1369 trecentorum
1488 1313 1678 1367 decem
1721 1318 1777 1366 et
1806 1318 1928 1364 octo
1958 1314 2173 1380 episco-

572 1423 764 1478 porum
808 1406 1012 1461 Nicaani
1041 1406 1259 1460 concilii
1289 1448 1303 1471 ,
1347 1406 1508 1460 etiam
1551 1404 1721 1459 vestri
1755 1405 1868 1459 oris
1898 1404 2172 1459 consortio

572 1497 902 1553 declaretur.
935 1497 1038 1553 Ubi
1066 1507 1248 1552 autem
1272 1497 1417 1551 Deus
1439 1507 1493 1550 et
1517 1495 1679 1549 homo
1704 1495 2013 1550 honorabili
2037 1511 2172 1552 voce

572 1598 825 1645 cantatur
854 1590 961 1662 [ΑΙ.
990 1590 1247 1662 dicatur],
1283 1589 1511 1645 Alleluia
1535 1605 1755 1660 semper
1778 1607 1899 1646 cum
1924 1592 2173 1646 omnibus

574 1693 596 1722 ε
632 1683 853 1754 psalmis
894 1683 1145 1756 alligatur
1195 1703 1207 1739 :

572 1777 976 1847 reSpondeatur
1002 1777 1282 1832 nocturnis
1310 1778 1666 1847 temporibus.
1704 1777 1759 1832 In
1794 1778 2035 1832 Ecclesia
2073 1795 2166 1833 att-

579 1879 687 1924 tem
722 1880 843 1941 post
875 1867 1354 1924 Resurrectimiem
1397 1884 1566 1939 usque
1604 1869 1671 1924 ad
1702 1879 1942 1925 sanctam
1976 1871 2170 1927 Pente-

568 1972 761 2017 costen
821 1961 1043 2016 liniatur
1074 1979 1086 2014 :
1120 1961 1262 2017 inter
1294 1962 1504 2017 dierum
1536 1978 1669 2017 vero
1700 1962 1873 2033 spatia
1905 1964 2169 2035 quinqua-

568 2053 812 2125 gesimae,
842 2068 1067 2126 propter
1095 2058 1394 2112 novitatem
1421 2062 1594 2112 sancti
1615 2057 1863 2127 Paschze,
1886 2057 1911 2095 ἀ
1938 2075 2043 2114 vox
2067 2061 2167 2116 ista

568 2148 744 2203 laudis
774 2157 1003 2203 canatur
1028 2147 1080 2203 in
1106 2149 1283 2219 Aleph
1310 2167 1322 2204 :
1354 2150 1497 2221 quod
1522 2149 1713 2207 Grmce
1744 2151 2034 2224 prologus,
2069 2154 2171 2209 La-

568 2240 678 2296 tine
707 2243 953 2311 prastatio
984 2240 1205 2298 dicitur.

640 2334 705 2390 ll.
749 2335 918 2391 David
968 2336 1108 2391 lilius
1152 2336 1307 2394 Jesse
1347 2352 1470 2393 cum
1520 2346 1667 2393 esset
1711 2338 1763 2393 in
1811 2354 1978 2409 regno
2026 2355 2166 2412 suo,

565 2437 800 2498 quatuor
829 2429 992 2500 elegit
1018 2470 1034 2496 ,
1065 2432 1155 2500 qui
1183 2431 1422 2500 psalmos
1448 2430 1707 2495 lacerent,
1749 2431 1799 2485 id
1824 2441 1928 2499 est,
1956 2432 2167 2503 Asaph,

574 2521 747 2579 Eman
775 2563 789 2587 ,
833 2522 1008 2578 Ethan
1038 2564 1051 2587 ,
1098 2532 1153 2577 et
1195 2522 1436 2577 ldithun.
1482 2525 1626 2594 Ergo
1655 2524 1931 2595 octoginta
1960 2536 2015 2581 et
2046 2539 2170 2582 octo

572 2614 835 2670 dicebant
894 2613 1135 2685 psalmos
1163 2660 1177 2683 ,
1223 2626 1274 2670 et
1316 2630 1377 2670 cc
1417 2615 1714 2693 diapsalma
1758 2636 1771 2671 :
1815 2628 1869 2672 et
1904 2618 2166 2674 citharam

571 2707 913 2777 percutiebat
945 2707 1111 2762 Abira
1142 2724 1264 2763 cum
1304 2708 1470 2763 David
1505 2725 1650 2780 rege.
1701 2711 1769 2765 Et
1797 2726 1921 2766 arca
1955 2711 2169 2767 Domini

572 2801 626 2853 iu
661 2799 1000 2855 Hierusalem
1049 2810 1173 2869 post
1211 2817 1385 2856 annos
1416 2802 1487 2859 40
1526 2814 1818 2859 revocatur
1857 2806 1924 2860 ab
1956 2806 2126 2860 Azoto
2151 2850 2166 2875 ,

568 2908 692 2949 cum
722 2893 1043 2949 mansitaret
1074 2894 1127 2949 in
1162 2895 1325 2951 domo
1354 2896 1677 2953 Aminadab.
1726 2899 1877 2955 Hanc
1916 2900 2171 2970 imposuit

574 2986 627 3039 in
656 2984 924 3056 subjugali
954 3002 1116 3053 novo,
1151 2998 1206 3043 et
1235 2986 1461 3043 adduxit
1492 2990 1547 3045 in
1587 2991 1947 3047 Hierusalem.
1983 2992 2167 3048 Electa

2275 376 2327 421 et
2354 363 2420 418 ad
2448 361 2713 417 sacrilicia
2736 360 2936 415 vitulos
2965 357 3140 412 albos.
3172 355 3408 424 Populus
3430 369 3562 410 vero
3588 354 3881 410 universus

2276 456 2607 526 sequebatur
2645 464 2795 509 retro
2842 466 3050 506 arcam.
3106 450 3244 506 Sunt
3284 464 3417 519 ergo
3460 463 3652 503 omnes
3685 448 3879 517 psalmi

2274 547 2445 604 David
2474 562 2570 614 CL,
2600 546 2753 616 juxta
2786 553 3034 600 tenorem
3067 584 3082 609 ,
3124 550 3180 599 et
3216 541 3540 597 vocabulum
3570 540 3882 611 Scriptura-

2275 658 2394 697 rum
2421 682 2437 707 ,
2474 642 2546 694 ita
2578 649 2633 695 et
2662 637 2933 711 propositi
2962 646 3107 691 sunt.
3142 635 3381 703 Quorum
3411 632 3630 704 quidem
3662 648 3717 687 ιχ
3751 634 3881 687 fecit

2274 736 2391 806 ipse
2430 733 2636 799 David;
2688 747 2836 787 χχχιι
2873 747 2980 787 non
3023 739 3150 786 sunt
3182 729 3537 800 suprascripti
3568 744 3584 795 ;
3634 742 3786 783 ιχχιι
3824 727 3880 782 in

2274 827 2442 883 David
2472 842 2695 899 regem;
2753 841 2815 881 χι
2859 827 2914 881 in
2944 822 3169 893 Asaph;
3222 839 3294 877 xu
3339 823 3390 877 in
3423 821 3679 886 ldithun;
3730 836 3784 875 tv
3823 820 3878 875 in

2274 919 2416 975 ﬁlios
2447 917 2697 991 Choreph
2724 962 2738 986 ,
2783 932 2948 972 unum
2987 918 3040 971 in
3071 915 3391 970 Zachariam
3418 957 3433 982 ,
3480 930 3649 968 unum
3685 914 3739 969 in
3768 914 3877 984 Ag-

2272 1028 2481 1084 greum,
2513 1012 2650 1067 duos
2680 1012 2733 1066 in
2766 1011 2949 1066 Mosen
2974 1052 2990 1076 ,
3027 1010 3165 1065 duos
3198 1009 3248 1063 in
3279 1008 3629 1064 Salomoncm
3663 1022 3876 1078 regem.

2274 1105 2499 1162 Finiunt
2529 1105 2715 1177 utique
2741 1118 2931 1159 omnes
2965 1101 3157 1173 psalmi
3202 1102 3372 1156 David
3418 1099 3516 1155 lilii
3552 1099 3707 1156 Jesse
3731 1098 3877 1169 regis

2276 1198 2441 1256 Israel
2470 1215 2697 1256 numero
2723 1214 2809 1254 CL.
2834 1198 2907 1253 lta
2937 1196 3220 1268 dispositio
3252 1197 3366 1266 ipsa
3393 1195 3654 1257 continet,
3690 1194 3741 1249 id
3765 1201 3873 1259 est,

2274 1291 2585 1362 Diapsalma
2626 1307 2809 1357 Lxxv,
2858 1289 3095 1346 Alleluia
3123 1304 3249 1353 χχι,
3282 1289 3561 1342 Canticum
3602 1287 3876 1358 graduum

2271 1402 2367 1443 xv.
2401 1384 2595 1441 (Σιγειειί
2621 1400 2750 1441 vero
2779 1393 2938 1451 prout
2974 1392 3123 1439 textu
3155 1383 3449 1451 Scriptura:
3488 1379 3875 1447 continentur,

2273 1480 2352 1535 sic
2396 1479 2695 1535 recitantur
2747 1494 2845 1548 pro
2893 1477 3007 1532 suis
3069 1475 3407 1531 nominibus.
3468 1472 3602 1528 Nam
3662 1474 3876 1542 primus

2276 1572 2520 1643 psalmus
2553 1570 2685 1625 nulli
2717 1571 3025 1640 assignatur
3052 1611 3067 1636 ,
3119 1578 3173 1624 et
3210 1567 3364 1639 juxta
3411 1566 3695 1622 historiam
3749 1582 3876 1635 quae

1262 1694 1318 1739 υι
1363 1684 1419 1739 in
1459 1686 1607 1739 οπηηί
1654 1659 1776 1740 joco
1803 1687 2167 1741 communiter
2200 1670 2244 1729 Β
2273 1666 2513 1721 omnium
2538 1674 2643 1720 est.
2670 1663 2877 1719 Deinde
2900 1664 3021 1734 quis
3046 1662 3189 1717 alius
3210 1661 3534 1731 intelligitur
3559 1659 3876 1731 plenissime

2271 1774 2416 1824 esse,
2456 1759 2558 1813 nisi
2591 1757 2988 1828 primogenitus
3012 1755 3149 1812 Dei?
3173 1755 3319 1825 Ergo
3344 1754 3537 1810 merito
3563 1753 3869 1823 suprascri-

2271 1851 2385 1921 ptio
2422 1866 2527 1905 non
2562 1851 2660 1905 fuit
2700 1850 3008 1906 necessaria
3035 1893 3050 1918 ,
3092 1848 3219 1920 quia
3249 1848 3285 1916 is
3306 1863 3366 1904 se
3392 1846 3595 1918 primus
3628 1845 3866 1917 psalmus

2271 1945 2475 2001 Christi
2516 1945 2848 2001 mentionem
2890 1942 3139 1999 iaciendo
3166 1986 3180 2010 ,
3229 1951 3315 1997 est
3352 1941 3417 1995 ad
3447 1955 3630 1995 veram
3663 1938 3870 1994 Christi

2271 2040 2646 2111 exponendam
2684 2054 2994 2109 personam.
3048 2037 3155 2093 Sed
3200 2035 3396 2105 psalmi
3428 2049 3621 2090 omnes
3648 2049 3754 2087 non
3787 2048 3877 2088 se-

2271 2134 2508 2188 cundum
2536 2149 2688 2188 suam
2717 2132 3025 2200 historiam,
3070 2130 3165 2187 sed
3197 2128 3498 2186 secundum
3531 2127 3874 2199 prophetiam

2272 2241 2412 2297 pene
2454 2226 2852 2295 intelliguntur.
2888 2225 3019 2279 Nam
3049 2222 3246 2295 psalmi
3278 2237 3471 2277 omnes
3497 2222 3587 2292 qui
3624 2220 3879 2276 scribun-

2274 2328 2362 2374 tur
2387 2360 2401 2382 ,
2442 2320 2550 2387 ipse
2581 2316 2751 2373 David
2774 2362 2787 2383 ,
2831 2318 2897 2372 ad
2932 2316 3137 2373 Christi
3182 2316 3462 2386 pertinent
3488 2324 3826 2371 sacramenta
3856 2358 3872 2383 ,

2272 2411 2399 2483 quia
2427 2412 2542 2482 ipse
2565 2411 2733 2466 David
2766 2411 2943 2466 dictus
2973 2422 3057 2466 est
3078 2409 3347 2465 Christus.
3381 2410 3533 2465 Nunc
3563 2418 3744 2463 autem
3773 2422 3879 2462 ex-

2274 2504 2557 2573 posuimus
2584 2504 2849 2575 originem
2872 2505 3117 2559 omnium
3162 2503 3521 2573 psalmorum.
3577 2502 3642 2557 Et
3690 2516 3866 2569 expo-

2274 2598 2475 2663 nimus,
2507 2598 2784 2669 quomodo
2809 2598 3019 2653 Hebraei
3056 2597 3253 2652 librttm
3282 2597 3611 2665 psalmorum
3637 2597 3691 2650 in
3715 2594 3877 2664 quin-

2274 2706 2379 2761 que
2408 2690 2658 2745 dividant
2697 2692 2889 2745 libr0s.
2932 2690 3146 2745 Primus
3185 2689 3324 2745 liber
3366 2691 3443 2745 sic
3482 2688 3799 2743 continetur
3834 2704 3871 2743 ει

2274 2785 2483 2856 psalmo
2515 2784 2690 2853 primo
2724 2798 2896 2853 usque
2935 2782 3001 2837 ad
3043 2782 3542 2854 quadragesimum.
3584 2781 3873 2836 Secundus

2274 2877 2414 2931 liber
2460 2876 2540 2931 sic
2588 2875 2904 2930 continetur
2942 2888 2972 2927 a
3019 2889 3307 2944 musque
3350 2873 3417 2928 ad
3458 2888 3603 2929 uxr.
3649 2872 3873 2929 Tettius

2276 2967 2414 3023 liber
2441 2967 2521 3044 sic
2550 2967 2862 3023 continetur
2884 2982 2913 3020 a
2937 2981 3082 3021 Lxxtt
3114 2980 3283 3037 usque
3309 2965 3374 3019 ad
3397 2980 3659 3021 Lsxxvttt.
3691 2964 3876 3033 Quar-

570 3079 731 3134 simul
771 3095 839 3135 ex
879 3080 1030 3135 omni
1068 3096 1271 3151 genere
1320 3082 1564 3138 ﬁliorum
1607 3083 1777 3139 Israel
1822 3069 2167 3157 “plausum
2198 3063 2243 3128 ρ
2276 3071 2361 3115 tus
2383 3061 2522 3116 liber
2542 3061 2624 3116 sic
2646 3062 2960 3116 continetur
2982 3076 3009 3114 a
3036 3075 3233 3115 ιχχχιχ
3258 3059 3512 3157 usque-ad
3535 3058 3880 3157 cv.Quintus

570 3171 738 3227 millia
768 3171 1030 3228 virormn.
1078 3175 1152 3229 De
1181 3174 1327 3228 tribu
1352 3185 1534 3231 autem
1564 3175 1690 3231 Levi
1725 3178 1879 3233 electi
1916 3189 2039 3233 sunt
2068 3179 2168 3234 du-

567 3276 727 3322 centa
775 3271 1052 3340 octoginta
1098 3279 1308 3341 septem
1357 3271 1524 3325 millia
1573 3271 1696 3326 viri.
1751 3271 1829 3327 Ex
1872 3273 2068 3343 quibus
2110 3272 2167 3328 bi

568 3360 727 3431 primi
775 3376 898 3418 esse
928 3362 1205 3432 principes
1253 3364 1567 3418 cantionum
1620 3363 1928 3420 constituti.
1964 3364 2017 3420 ιιι
2044 3378 2155 3428 est,

570 3454 788 3527 Asaph,
824 3457 1041 3521 Emam,
1076 3457 1275 3523 Ethan,
1309 3468 1363 3513 et
1393 3457 1628 3524 Idithun,
1666 3458 1955 3529 unicuique
1982 3470 2162 3516 autem

567 3564 754 3604 eorum
798 3548 1113 3606 dividuntur
1153 3552 1221 3605 72
1267 3550 1369 3606 viri
1412 3552 1779 3607 acclamantes
1820 3552 2006 3608 laudes
2036 3569 2162 3609 can-

571 3640 778 3693 tionum
822 3639 1053 3696 Domino
1090 3653 1301 3697 nosuo.
1349 3643 1412 3696 Et
1443 3658 1583 3698 unus
1614 3644 1833 3713 quidem
1866 3659 2056 3700 eorum
2086 3645 2164 3701 fe-

571 3729 729 3785 rebat
753 3732 1087 3802 cymbalum,
1104 3733 1241 3787 alius
1258 3736 1528 3805 Cinyram,
1555 3735 1693 3790 alius
1715 3736 2000 3804 citharam,
2027 3738 2162 3794 alius

573 3821 702 3876 tuba
731 3837 929 3879 cornea
958 3824 1266 3879 exsultans.

643 3913 735 3970 lll.
780 3912 837 3970 In
866 3914 1049 3971 medio
1080 3927 1260 3972 autem
1292 3917 1469 3974 stabat
1498 3918 1664 3976 David
1693 3937 1786 3978 rex
1823 3930 2016 3980 tenens
2046 3926 2162 3995 ipse

566 4056 704 4114 Tum
733 4056 843 4117 ille,
878 4053 1700 4131 cauendumPsalmograpltum;
1731 4060 1830 4116 ista
1851 4102 1867 4128 ,
1897 4072 2159 4130 canentes,

566 4141 651 4195 ct,
686 4145 765 4183 me
792 4129 1123 4199 interpretari
1151 4128 1375 4199 festinet.

638 4210 664 4237 ει
697 4198 1114 4278 Επιάειηᾳεόὶιίο.
1141 4198 1378 4278 trahatur
1396 4218 1636 4257 assensus
1661 4218 1678 4254 :
1711 4200 1939 4278 Precans
1965 4220 2162 4278 ergo...

564 4273 619 4326 in
641 4272 761 4345 sede
784 4281 875 4324 tua
898 4269 1133 4345 Romana
1154 4272 1238 4325 die
1258 4279 1513 4345 noctuque
1534 4284 1773 4339 canatur,
1808 4275 1863 4327 in
1885 4292 1984 4343 quo
2009 4269 2163 4345 ﬁnem

565 4341 1080 4415 cujuslibetipsglmt'.
1110 4382 1125 4398 .
1156 4384 1169 4398 .
1218 4341 1556 4413 Apostolatus
1584 4347 1661 4397 tui
1692 4346 1820 4398 ordo
1852 4341 2032 4413 ﬁniri,
2066 4348 2163 4400 hoc

564 4411 638 4469 esi
656 4455 671 4478 ,
706 4412 887 4467 Gloria
920 4411 1090 4467 Patri.

2272 3152 2410 3208 liber
2438 3155 2517 3208 sic
2544 3154 2858 3209 continetur
2884 3169 2913 3207 a
2944 3169 3029 3209 ενι
3063 3167 3235 3222 usque
3274 3168 3367 3209 CL.
3417 3151 3551 3208 Oret
3590 3167 3688 3224 pro
3716 3150 3883 3210 nobis

2273 3243 2559 3301 Beatitudo
2591 3258 2701 3312 tua,
2738 3242 3059 3302 beatissime
3084 3260 3242 3315 papa.

2395 3386 2710 3443 MONITUM
2749 3386 2815 3444 IN
2852 3386 3240 3443 EPISTOLAM
3281 3384 3732 3455 SEQUENTEM.

2347 3500 2519 3555 Nemo
2550 3517 2653 3554 non
2680 3502 2831 3555 sentit
2863 3502 3053 3567 istaut,
3094 3511 3142 3554 et
3172 3516 3286 3571 qua:
3315 3500 3644 3571 subsequitur
3671 3500 3874 3570 episto-

2274 3572 2399 3635 lam,
2426 3574 2688 3644 ipsamque
2712 3571 2843 3626 adeo
2872 3572 2947 3627 Dc
2975 3572 3268 3628 Nativilate
3293 3572 3352 3626 S.
3380 3570 3559 3644 Mariae
3584 3572 3874 3644 subactam

2274 3642 2647 3711 narrationem,
2682 3645 2836 3697 unius
2867 3644 3198 3711 ejusdemque
3228 3659 3336 3695 esse
3361 3642 3658 3710 fabularum
3686 3642 3868 3697 archi-

2273 3716 2412 3769 tecti.
2462 3715 2619 3769 Adito
2645 3757 2660 3776 ,
2703 3732 2765 3767 ne
2796 3726 2841 3770 te
2868 3714 3065 3768 diutius
3094 3716 3410 3786 argumentis
3434 3714 3719 3786 recita_ndis
3749 3730 3869 3768 mo-

2271 3801 2471 3850 remur,
2502 3788 2589 3853 qui
2629 3802 2717 3841 eas
2749 3787 2871 3858 falsi
2899 3783 3545 3858 arguunt,'refellantquc,
3574 3783 3871 3858 Baronium

2272 3858 2340 3909 ad
2370 3874 2565 3910 annum
2593 3859 2699 3914 583
2734 3855 2876 3911 nam.
2914 3858 3008 3913 101
3038 3898 3056 3923 ,
3087 3855 3343 3910 Joannem
3373 3855 3644 3910 Molanum
3676 3856 3769 3910 lib.
3802 3857 3875 3911 de

2271 3926 2505 3984 Pieturis
2533 3946 2651 3999 cap.
2678 3928 2741 3983 21
2767 3946 2780 3994 ;
2814 3945 2841 3983 e
2867 3928 3237 3983 recentioribus
3268 3926 3569 3981 Fabricium
3598 3929 3651 3981 in
3681 3928 3875 3983 Codice

2266 4064 2417 4137 illam
2481 4065 2906 4119 consuetudinem
2965 4064 3370 4137 amputauimus.
3445 4062 3734 4137 Disputant
3790 4065 3863 4122 de

2269 4134 2496 4192 istorum
2526 4178 2541 4203 ,
2598 4138 2798 4207 quibus
2845 4153 2945 4207 ego
2994 4134 3248 4191 mendum
3290 4135 3521 4189 subesse
3566 4136 3827 4207 existimo
3854 4180 3871 4201 ,

2271 4208 2562 4262 verborum
2613 4205 2775 4263 Sensu
2828 4205 3215 4276 in_utramque
3264 4220 3472 4274 partem
3523 4205 3718 4259 summi
3764 4210 3871 4262 viri

2271 4278 2421 4333 card.
2457 4279 2603 4334 Bona
2635 4279 2703 4334 de
2738 4280 2913 4332 llivin.
2948 4277 3223 4334 Psalmod.
3254 4292 3374 4343 cap.
3408 4277 3511 4341 l6;
3563 4276 3871 4333 Tillemon-

2272 4351 2379 4402 tius
2409 4362 2543 4406 tom.
2575 4366 2697 4410 vnt.
2740 4366 2863 4421 pag.
2894 4352 3034 4413 ὀξυ,
3076 4348 3575 4421 (Σουειαηιὶιις-Ιιιεο
3605 4349 3824 4403 laudato
3849 4395 3865 4417 ,

2271 4430 2432 4490 atque
2462 4422 2571 4474 alti.
2607 4418 2973 4491 Nastra'quod
3004 4422 3228 4476 interest
3248 4458 3263 4483 ,
3311 4420 3401 4489 qui
3432 4418 3695 4473 lsidorunt
3727 4421 3874 4477 Mer-

638 4484 1046 4562 bdlnterserunt
1076 4486 1250 4562 laudis
1285 4484 1424 4562 idem
1451 4486 1730 4562 Palatinus
1762 4502 1862 4542 ms.
1906 4499 1961 4543 et
1998 4488 2156 4544 Sara-
2190 4493 2242 4553 D
2271 4484 2511 4548 catorcm
2563 4508 2627 4547 ex
2682 4484 2933 4562 Gregorii
3006 4491 3185 4546 verbis
3242 4484 3458 4546 nactum
3514 4492 3867 4548 occasionem

564 4557 703 4612 zanii
734 4556 905 4611 editio
930 4597 945 4620 ,
992 4558 1303 4627 pariterque
1336 4559 1517 4627 legunt
1546 4560 1703 4615 paulo
1734 4568 1883 4627 post,
1914 4562 1965 4613 in
1996 4573 2162 4615 vestro

565 4646 653 4684 ore
682 4629 797 4697 pari
825 4626 1083 4682 consortio
1110 4626 1422 4682 declaretur.
1459 4626 1561 4683 Ubi
1592 4626 1766 4695 Deus,
1801 4641 1905 4683 etc.

640 4711 661 4739 ε
707 4700 872 4755 Tacet
903 4701 1093 4755 eadem
1124 4701 1256 4754 edit.
1296 4698 1521 4753 Psalmis
1546 4741 1562 4765 ,
1610 4709 1721 4752 tmn
1765 4702 1891 4768 legit
1923 4705 2163 4757 nocturni

562 4771 835 4843 temporis,
868 4780 923 4826 et
952 4788 1072 4826 cum
1107 4771 1359 4826 Palatino
1391 4786 1492 4824 lltS.
1525 4788 1555 4823 a
1586 4782 1761 4824 sancta
1789 4775 2163 4829 resurrectione

562 4861 749 4914 usque,
778 4854 917 4908 etc.;
943 4843 1177 4913 denique
1202 4843 1762 4914 proquinquagesima.
1790 4858 1948 4912 quam
1974 4859 2158 4899 vocem

568 4913 792 4983 prorsus
819 4916 1024 4969 ontittit
1056 4914 1268 4968 laudata
1297 4913 1577 4969 Sarazattii
1623 4914 1790 4969 editio
1811 4958 1826 4980 ,
1863 4916 1953 4969 alii
1995 4916 2115 4970 libri
2142 4961 2156 4983 ,

569 4986 677 5038 alio
702 4985 829 5039 item
856 5000 1044 5049 sensu,
1078 4986 1456 5057 quinquaginta
1487 4986 1689 5057 legunt,
1725 4985 1775 5039 id
1808 4997 1911 5050 est,
1945 4986 2162 5055 finiatur

570 5057 707 5109 inter
733 5057 934 5109 dierum
961 5058 1129 5129 spatia
1154 5056 1549 5129 quinquaginta.
1579 5056 1743 5121 Olim,
1775 5064 1920 5129 quod
1948 5068 2003 5112 et
2021 5057 2163 5113 Cott-

570 5129 773 5182 stantio
801 5126 1041 5182 notatum
1068 5126 1176 5191 est,
1208 5131 1397 5182 nescio
1426 5126 1548 5198 quis
1575 5143 1698 5182 cum
1729 5145 1862 5197 papa
1893 5128 2162 5198 Gregorio

572 5200 749 5269 primo
779 5200 1178 5271 expostulabat,
1211 5198 1613 5271 quodGraacas
1643 5202 1829 5261 mallet
1855 5216 2014 5271 quam
2050 5200 2158 5254 [io-

568 5285 760 5325 manas
785 5270 1208 5324 consuetudines
1233 5270 1408 5339 sequi,
1451 5272 1766 5326 nominatim
1797 5270 1918 5339 quia
1949 5271 2161 5327 alleluia

566 5343 673 5396 dici
701 5342 768 5395 ad
798 5340 1014 5414 Missas,
1041 5350 1188 5395 extra
1212 5340 1539 5395 Pentecostes
1564 5352 1591 5394 t.
1612 5359 1791 5414 mpera
1816 5344 2035 5414 fecisset.
2060 5347 2155 5398 Cui

565 5414 659 5470 ille
685 5414 807 5467 data
853 5414 919 5464 ad
970 5410 1579 5483 Joannemepiscopum
1614 5410 2011 5483 syracu'Sanum
2043 5416 2157 5482 epi-

565 5487 730 5555 stola,
750 5482 1052 5555 respondit,
1076 5482 1143 5536 Ut
1170 5481 1394 5555 Alleluia
1422 5484 1503 5535 hic
1534 5481 1683 5545 (Mss.
1712 5485 1930 5555 Regius,
1957 5493 2013 5539 et
2031 5481 2155 5539 Gol-

568 5554 929 5625 bertin.__nan)
959 5552 1235 5625 diceretur,
1270 5555 1333 5625 de
1354 5552 1815 5625 Jerosolymorunf
1832 5556 2061 5609 Ecclesia
2092 5573 2155 5609 ea:

569 5624 703 5692 beati
751 5623 1061 5692 Hieronymi
1109 5624 1387 5678 traditione
1424 5623 1650 5690 tempore
1695 5628 1853 5682 beata:
1897 5628 2154 5682 memoria

566 5690 785 5752 Damasi
834 5690 1061 5749 traditur
1104 5700 1345 5749 tractum.
1398 5694 1467 5752 Et
1514 5697 1629 5754 ideo
1671 5702 1834 5778 magis
1872 5699 1926 5756 in
1966 5703 2059 5757 hac
2098 5717 2152 5759 re

2270 4565 2650 4628 contendunt,
2702 4564 2865 4634 hujus
2914 4562 3281 4634 supponenda:
3331 4563 3620 4630 epistolae,
3670 4563 3866 4620 dicunt

2269 4635 2487 4704 quidem
2540 4637 2760 4706 propius
2813 4637 2880 4689 ad
2924 4651 3155 4700 verum;
3213 4634 3380 4706 nihilo
3446 4643 3624 4689 tamen
3674 4635 3862 4689 minus

2268 4721 2389 4762 eum
2436 4705 2550 4774 jam
2589 4708 2715 4762 inde
2756 4722 2783 4759 a
2824 4706 3037 4761 Damasi
3084 4705 3417 4773 temporibus
3461 4705 3859 4770 traditionem,

2270 4778 2436 4832 immo
2463 4778 2739 4833 decretum
2771 4778 3066 4846 Gregorius
3094 4786 3341 4848 repetat,
3394 4776 3657 4830 rationem
3695 4779 3862 4845 hujus

2269 4864 2483 4919 quoque
2516 4850 2592 4904 rei
2624 4850 2856 4918 aliquam
2896 4851 3084 4906 haberi
3111 4850 3296 4904 velim.
3338 4848 3469 4919 Qua:
3498 4849 3859 4904 Cou~tantius

2269 4935 2335 4974 eo
2365 4918 2630 4987 congerit,
2665 4927 2969 4990 repetitque
2997 4937 3063 4977 εχ
3096 4930 3217 4974 nota
3250 4929 3412 4983 atque
3443 4918 3690 4972 familiari
3715 4922 3862 4990 Cre-

2268 4992 2423 5056 gorio
2457 4989 2798 5046 Benedictina
2830 4994 3013 5058 regula
3042 5035 3057 5057 ,
3101 4992 3229 5046 tnihi
3268 4990 3485 5060 quidem
3530 4992 3661 5042 sitis
3708 4989 3861 5047 haud

2266 5060 2491 5116 faciunt.
2520 5062 2770 5117 Nonnihil
2803 5067 2964 5117 etiam
2997 5065 3105 5125 illa,
3138 5077 3297 5127 (tuam
3323 5061 3643 5121 natavimus,
3682 5062 3860 5118 lectio

2264 5133 2709 5206 quinquagesima:
2735 5177 2748 5199 ,
2791 5152 2887 5206 pro
2917 5134 3288 5205 quinquaginta
3314 5174 3329 5197 ,
3365 5132 3542 5206 immo
3570 5130 3661 5206 qui
3712 5133 3863 5206 alius

2265 5201 2685 5273 inde'ex'surgit
2723 5201 2828 5261 loci
2868 5201 3102 5271 sensus,
3147 5201 3449 5275 proposita:
3488 5201 3853 5270 explicationi

2264 5275 2541 5329 adversari
2576 5278 2808 5332 videtur.

2335 5344 2375 5417 d_
2402 5345 2529 5399 Plus
2550 5346 2715 5417 habet
2744 5347 3020 5403 Sarazanii
3046 5346 3235 5412 editio,
3267 5352 3322 5417 ut
3350 5360 3447 5399 non:
3473 5343 3595 5417 ista,
3627 5354 3682 5400 et
3730 5357 3863 5417 post

2262 5415 2489 5487 verbum
2523 5416 2711 5484 Aleph,
2744 5420 2879 5487 quod
2904 5430 2977 5473 est
3006 5418 3241 5481 alleluia,
3277 5416 3391 5469 laus
3422 5416 3513 5469 tibi
3538 5417 3661 5482 soli,
3711 5415 3859 5485 quod

2264 5485 2462 5549 Grazce,
2493 5496 2623 5553 etc.,
2657 5485 2882 5543 sed‘non
2912 5490 2982 5542 ita
3012 5492 3139 5543 mihi
3170 5487 3306 5543 felici
3332 5501 3451 5540 esse
3483 5490 3715 5557 contigit
3740 5530 3756 5549 ,
3796 5500 3859 5545 ut

2261 5561 2392 5613 satis
2408 5558 2545 5611 bene
2568 5572 2909 5627 asscquercr,
2933 5562 3060 5629 quid
3090 5563 3205 5613 haec
3229 5557 3329 5612 sibi
3354 5557 3542 5611 velint.
3563 5558 3697 5625 Quae
3726 5561 3855 5617 hinc

2260 5629 2690 5698 subsequuntur,
2720 5645 2787 5683 ex
2814 5632 2999 5684 codice
3028 5631 3273 5685 Palatino
3298 5668 3314 5697 ,
3356 5629 3446 5699 qui
3484 5636 3697 5689 textum
3721 5646 3863 5692 con-

2224 5696 2229 5701 ’
2264 5696 2459 5772 tinuat,
2491 5708 2547 5758 ut
2572 5700 2772 5758 dudum
2796 5700 3122 5774 monuimus,
3146 5696 3417 5775 descripta
3444 5709 3596 5760 sunt.
