4030 6284
572 188 679 246 9.99

1602 191 1661 247 S.
1706 193 2089 251 lllERUNYMl
2129 191 2414 251 OPERUM
2456 188 2822 247 MANTISSA.

3770 194 3876 254 500

568 315 717 361 teres
746 307 1005 364 concives
1037 320 1167 361 suos
1212 307 1381 362 etiam
1430 305 1674 362 Joaehim
1723 322 1844 362 cum
1890 310 2168 366 oblatione
2195 314 2243 376 Α
2274 305 2569 365 Samuele?
2600 305 2663 360 Et
2704 314 2884 359 tamen
2913 303 2966 358 hi
3018 303 3180 359 ambo
3237 305 3456 362 steriles
3508 318 3716 367 matres
3779 310 3876 365 ha-

572 416 671 455 sua
698 402 928 467 videret,
973 401 1221 470 despexit
1265 410 1490 470 eum,et
1513 416 1737 457 munera
1766 403 1883 473 ejus
1927 406 2167 474 sprevit:

570 496 914 563 interrogans
938 508 1037 547 cur
1060 494 1202 548 inter
1234 492 1500 549 fecundos
1535 493 1858 550 infecundus
1881 495 1997 564 ipse
2024 504 2170 552 stare

572 594 957 655 praesumeret;
985 583 1177 639 dicens
1201 601 1214 638 :
1245 599 1470 641 munera
1500 599 1843 656 nequaquam
1870 587 1982 643 Deo
2009 587 2169 658 digna

570 692 731 746 posse
760 676 931 731 videri
966 691 982 733 ;
1015 691 1175 745 quem
1201 677 1318 747 ipse
1344 676 1501 745 prole
1541 677 1818 748 indignum
1845 678 2167 749 judicasset,

575 769 859 838 Scriptura
885 768 1103 824 dicente
1142 786 1154 821 :
1191 777 1217 806 ει
1249 768 1596 825 Maledictum
1636 786 1851 826 omnem
1883 787 2026 839 esse,
2077 774 2168 844 qui

565 877 676 917 non
706 846 986 931 genuisset
1011 862 1310 916 masculum
1336 864 1389 917 in
1415 863 1600 917 Israel.
1625 862 1849 920 Dicebat
1868 879 1996 936 ergo
2020 866 2169 936 prius

562 970 690 1010 eum
720 955 790 1008 ab
815 955 916 1011 hac
939 955 1348 1026 maledictione,
1377 957 1584 1013 sobolis
1639 960 1993 1029 generatione
2052 961 2165 1015 sol-

564 1046 823 1112 vendum,
851 1057 905 1101 et
930 1048 1009 1101 sic
1054 1046 1271 1102 demum
1330 1050 1381 1103 in
1430 1060 1727 1119 conspectu
1778 1051 1991 1107 Domini
2043 1067 2164 1107 cum

559 1136 928 1194 oblationibus
949 1153 1072 1194 esse
1094 1149 1407 1195 venturum.
1431 1140 1598 1211 Cujus
1619 1143 1897 1212 opprobrii
1923 1144 2163 1214 objecta,

565 1226 776 1298 pudore
803 1244 1000 1299 magno
1032 1231 1273 1285 sullusus
1319 1228 1588 1299 Joacbim,
1639 1234 1705 1287 ad
1754 1244 2016 1303 pastores.
2075 1237 2164 1304 qui

564 1335 687 1375 cum
713 1322 1015 1390 pecudibus
1043 1332 1222 1390 erant,
1254 1326 1307 1380 in
1338 1327 1552 1393 pascuis
1574 1327 1685 1382 suis
1711 1329 1959 1384 secessit.
1982 1329 2165 1400 Neque

559 1413 705 1468 enim
735 1413 956 1469 domum
983 1424 1234 1484 repetere
1260 1417 1470 1472 voluit:
1521 1433 1587 1473 ne
1615 1418 1758 1475 forte
1802 1436 1831 1475 a
1885 1423 2167 1477 contribu-

558 1502 701 1558 libus
732 1503 870 1567 suis,
895 1504 984 1570 qui
1017 1506 1180 1560 simul
1208 1507 1455 1576 aderant,
1484 1517 1540 1565 et
1572 1509 1674 1566 hoc
1697 1526 1725 1565 a
1751 1511 2041 1568 sacerdote
2069 1529 2163 1569 au-

561 1595 802 1662 dierunt,
833 1596 1024 1651 eodem
1055 1601 1331 1669 opprobrii
1356 1602 1532 1672 elogio
1567 1613 1875 1660 notaretur.

2275 400 2463 456 buere.
2494 399 2549 455 Si
2573 413 2702 469 ergo
2725 398 2864 453 ratio
2890 396 3070 453 verbis
3098 399 3235 454 meis
3283 399 3377 479 tibi
3407 418 3516 458 non
3549 405 3873 473 persuadet,

2277 503 2300 531 θ
2331 492 2492 548 crede
2521 492 2716 546 dilatos
2742 492 2833 546 diu
2863 501 3163 562 conceptus
3194 502 3251 548 et
3280 494 3497 551 steriles
3528 507 3715 568 partus
3772 501 3877 554 mi-

2273 585 2566 640 rabiliores
2598 600 2719 639 esse
2747 583 2947 640 solere.
2970 585 3205 641 Proinde
3234 586 3390 642 Anna
3422 605 3563 645 uxor
3621 601 3710 647 tua
3774 607 3876 662 pa-

2276 683 2386 737 riet
2444 683 2537 736 tibi
2597 681 2783 746 tiliam,
2840 692 2895 737 et
2945 682 3166 737 vocabis
3224 698 3421 739 nomen
3463 685 3582 756 ejus
3606 687 3871 743 Mariam:

2272 775 2391 831 haec
2418 777 2543 841 erit,
2573 773 2593 813 ί
2624 784 2682 833 ut
2701 776 2956 842 vovistis,
2980 775 3048 830 ab
3072 775 3295 841 infantia
3329 790 3426 832 sua
3455 777 3691 833 Domino
3745 794 3871 835 con-

2272 877 2506 931 secruta,
2528 877 2583 923 et
2604 866 2809 936 Spiritu
2851 875 3043 923 sancto
3084 867 3389 937 replebitur
3417 869 3592 925 adhuc
3620 887 3688 925 ex
3717 882 3872 928 utero

2273 961 2461 1017 matris
2493 960 2647 1032 (Luc.
2684 960 2746 1031 ι).
2777 958 2951 1015 Omne
2984 960 3319 1017 immundum
3355 979 3532 1032 neque
3574 965 3874 1021 manduca-

2272 1054 2349 1108 bit
2379 1067 2555 1123 neque
2581 1054 2730 1108 bibet
2762 1070 2775 1106 :
2808 1067 2985 1124 neque
3039 1054 3181 1109 inter
3229 1056 3523 1125 populares
3566 1056 3873 1114 forinsecus

2272 1144 2479 1211 turbas,
2511 1144 2608 1200 sed
2641 1146 2693 1199 in
2719 1145 2948 1215 Templo
2973 1145 3184 1200 Domini
3202 1138 3549 1204 Conversstio
3580 1150 3701 1223 ejus
3729 1152 3870 1207 erit:

2271 1252 2339 1291 ne
2369 1234 2497 1306 quid
2521 1236 2587 1291 de
2615 1251 2679 1291 ea
2709 1236 2990 1291 sinistrum
3025 1240 3108 1294 vel
3141 1240 3407 1309 SDSpicat'i
3454 1241 3647 1298 saltem
3700 1245 3874 1313 possit

2272 1330 2355 1384 vel
2378 1329 2505 1385 dici.
2549 1330 2734 1400 Itaque
2757 1338 2916 1385 (etate
2947 1332 3305 1400 procedente.
3336 1334 3473 1389 sicut
3504 1337 3618 1405 ipsa
3644 1338 3873 1393 mirabi-

2270 1422 2395 1477 liter
2419 1437 2488 1477 ex
2518 1423 2693 1477 sterili
2719 1434 2973 1479 nascetur
3001 1440 3013 1477 :
3072 1425 3146 1479 ita
3189 1425 3685 1496 incomparabiliter
3708 1429 3871 1500 virgo

2269 1515 2548 1587 generabit
2573 1516 2835 1571 Altissimi
2859 1516 3081 1584 Filium,
3111 1517 3204 1588 qui
3235 1519 3393 1574 Jesus
3431 1528 3658 1574 vocatur
3692 1537 3707 1575 :
3765 1536 3858 1576 se-

2268 1609 2501 1665 cundum
2563 1610 2802 1665 nominis
2847 1610 3258 1682 etymologiam,
3316 1611 3564 1679 Salvator
3612 1616 3863 1669 omnium

635 1684 729 1741 IV.
755 1686 959 1742 Verum
984 1704 1105 1744 cum
1141 1689 1214 1743 ibi
1242 1691 1575 1761 aliquamdiu
1621 1707 1787 1766 esset,
1822 1697 2050 1767 quadam
2076 1698 2163 1754 die
2195 1705 2239 1765 B
2268 1701 2507 1772 gentium
2540 1702 2667 1757 erit.
2694 1702 2759 1757 Et
2784 1702 2888 1757 hoc
2916 1703 3011 1758 tibi
3059 1719 3247 1759 eorum
3300 1720 3421 1776 quas
3473 1706 3737 1761 annuntio
3788 1707 3869 1763 si-

560 1794 682 1835 cum
709 1788 855 1835 esset
882 1781 1051 1847 solus,
1080 1780 1105 1819 ι’
1136 1783 1359 1853 angelus
1399 1784 1613 1840 Domini
1644 1788 1694 1842 ei
1739 1802 1861 1843 cum
1894 1789 2165 1846 immenso

559 1873 768 1927 lumine
795 1873 989 1928 astitit.
1024 1873 1272 1940 Quicum
1301 1875 1370 1931 ad
1422 1878 1541 1946 ejus
1593 1879 1859 1936 visionem
1912 1883 2161 1940 turbare-

559 1972 668 2031 tur,
694 1964 921 2034 angelos
950 1967 1039 2035 qui
1067 1967 1116 2021 ei
1154 1978 1520 2039 apparuerat,
1575 1971 1823 2028 timorem
1856 1974 1976 2045 ejus
2016 1992 2161 2032 com-

560 2056 793 2125 pescuit,
827 2056 1060 2113 dicens:
1092 2056 1212 2112 Noli
1245 2059 1469 2129 timere,
1499 2061 1767 2130 Joachim,
1803 2081 1980 2135 neque
2004 2067 2055 2122 in
2086 2070 2164 2123 vi-

560 2151 716 2206 sione
750 2164 867 2205 mea
898 2150 1155 2207 turberis.
1192 2152 1307 2223 Ego
1337 2155 1482 2209 enim
1514 2170 1630 2210 sum
1662 2159 1891 2229 angelus
1921 2159 2162 2229 Domini,

559 2243 760 2298 missus
788 2243 856 2296 ab
901 2244 1020 2313 ipso
1071 2244 1139 2299 ad
1193 2255 1267 2314 te,
1303 2258 1323 2285 ο
1357 2257 1415 2302 ut
1460 2252 1779 2307 annuntiem
1832 2253 1927 2307 tibi
1974 2269 2162 2324 preces

561 2344 682 2391 tuas
712 2349 834 2391 esse
862 2335 1166 2405 exauditas,
1212 2348 1267 2393 et
1289 2338 1665 2413 eleemosynas
1694 2353 1812 2398 tuas
1849 2345 2162 2402 ascendisse

560 2428 613 2480 in
646 2437 997 2496 conspectum
1022 2427 1160 2497 ejus.
1214 2428 1416 2487 Videns
1466 2433 1667 2503 quippe
1717 2434 1852 2489 vidit
1900 2436 2159 2506 pudorem

562 2527 735 2583 tuum,
766 2526 821 2572 et
846 2518 1057 2574 audivit
1097 2520 1406 2576 sterilitatis
1452 2524 1804 2594 opprobrium
1860 2543 1969 2582 non
2014 2539 2162 2586 recte

561 2610 658 2664 tibi
700 2608 996 2678 objectum.
1041 2609 1256 2665 Peccati
1303 2627 1560 2684 namque,
1614 2631 1721 2671 non
1768 2626 1975 2674 natura:
2021 2620 2163 2676 ultor

560 2710 646 2756 est
669 2702 810 2757 Deus
847 2719 860 2756 :
905 2710 961 2758 et
988 2701 1109 2758 ideo
1132 2718 1256 2758 cum
1287 2705 1519 2775 alicujus
1550 2716 1759 2765 uterum
1805 2712 2033 2785 claudit,
2091 2715 2159 2770 ad

566 2792 671 2845 hoc
693 2790 843 2857 facit,
874 2799 936 2847 ut
965 2792 1266 2849 mirabilius
1297 2795 1478 2851 denuo
1510 2800 1724 2870 aperiat
1755 2818 1769 2855 :
1827 2813 1878 2858 et
1905 2820 2010 2859 non
2045 2804 2161 2860 libi-

560 2880 708 2937 dinis
738 2896 857 2937 esse
886 2882 1029 2952 quod
1066 2886 1329 2952 nascitur,
1358 2888 1455 2943 sed
1487 2891 1653 2946 divini
1688 2895 1930 2950 muneris
1960 2910 2159 2967 cogno-

563 2983 764 3030 scatur.
788 2974 970 3030 Prima
985 2976 1129 3032 enim
1153 2979 1330 3047 gentis
1346 2992 1539 3038 vestrae
1560 2980 1588 3020 ιι
1611 2984 1744 3040 Sara
1762 2996 1957 3057 mater,
1978 3004 2160 3047 nonne

2266 1811 2429 1867 gnum
2483 1797 2586 1851 erit
2636 1797 2891 1869 (Σημεῖον,
2931 1807 2985 1851 ut
3040 1796 3183 1852 Lact.
3234 1813 3303 1866 ιι,
3340 1793 3455 1869 ιε).
3500 1799 3633 1854 Cum
3676 1817 3871 1872 perve-

2268 1889 2415 1945 neris
2446 1889 2512 1944 ad
2544 1889 2785 1945 Aurram
2819 1891 2870 1945 in
2899 1890 3259 1963 Jerosolymis
3286 1905 3495 1962 portam
3527 1890 3719 1965 (Porta
3748 1896 3871 1949 atrii

2266 1980 2579 2053 orientalis),
2606 1982 2817 2037 habetis
2847 1982 2917 2036 ibi
2944 1982 3160 2037 obviam
3184 1982 3399 2038 Annam
3431 1998 3657 2039 uxorem
3686 1996 3854 2056 tuam,

2261 2089 2383 2143 qua:
2432 2072 2501 2128 de
2526 2083 2631 2128 tua:
2684 2074 3048 2143 regressionis
3080 2074 3388 2131 tardatione
3410 2076 3572 2131 modo
3596 2077 3863 2145 sollicita,

2266 2174 2392 2220 tunc
2423 2166 2477 2220 in
2499 2176 2716 2234 aspectu
2741 2175 2833 2221 tuo
2860 2166 3135 2237 gaudebit.
3160 2167 3257 2223 llis
3278 2168 3453 2225 dictus
3477 2169 3702 2241 angelus
3758 2170 3870 2227 dis-

2262 2260 2428 2314 cessit
2454 2259 2523 2314 ab
2549 2274 2635 2313 eo.

2337 2351 2400 2407 γ.
2436 2351 2639 2408 Deinde
2669 2353 2917 2422 apparuit
2962 2354 3133 2409 Anna:
3165 2354 3318 2410 uxori
3368 2352 3484 2425 ejus
3521 2353 3751 2410 dicens:
3780 2352 3863 2410 Ne

2266 2446 2480 2510 timeas,
2518 2448 2695 2511 Anna,
2722 2460 2901 2515 neque
2932 2448 3253 2516 phantasma
3283 2455 3439 2516 putes
3464 2460 3583 2503 esse
3609 2446 3757 2517 quod
3788 2446 3871 2501 vi—

2261 2537 2379 2594 des.
2413 2538 2527 2609 Ego
2558 2538 2707 2594 enim
2734 2552 2851 2593 sum
2877 2540 3103 2608 angelus
3134 2539 3248 2604 ille,
3291 2541 3381 2610 qui
3413 2553 3600 2610 preces
3621 2549 3675 2594 et
3717 2539 3871 2596 elec-

2264 2645 2520 2700 mosynas
2569 2639 2777 2686 vestras
2820 2630 2992 2686 obtuli
3033 2632 3088 2686 in
3117 2640 3412 2702 conSpectu
3441 2631 3537 2686 Dei
3570 2648 3584 2686 :
3614 2639 3671 2686 et
3726 2646 3872 2687 nunc

2262 2723 2462 2779 missus
2494 2738 2613 2778 sum
2642 2723 2710 2779 ad
2740 2737 2857 2791 vos,
2893 2731 2953 2778 ut
2982 2724 3298 2779 annuntiem
3334 2723 3489 2779 vobis
3532 2724 3871 2778 nascituram

2263 2815 2450 2882 tiliam,
2486 2830 2605 2885 qua:
2637 2815 2801 2870 Maria
2828 2826 3042 2885 vocata,
3074 2830 3240 2887 super
3263 2830 3455 2872 omnes
3479 2814 3743 2871 mulieres
3771 2816 3875 2871 erit

2263 2906 2567 2961 benedicta.
2599 2905 2727 2962 Haec
2754 2923 2780 2959 a
2814 2908 3097 2963 nativitate
3114 2923 3207 2963 sua
3238 2909 3419 2963 statim
3452 2916 3477 2955 ε
3500 2907 3722 2963 Domini
3750 2922 3874 2978 gra-

2264 3003 2333 3054 tia
2376 3001 2553 3070 plena,
2605 3002 2778 3057 tribus
2799 2988 3178 3058 ablactationis
3198 3018 3311 3058 suae
3345 2999 3553 3057 annisll
3598 3002 3654 3056 in
3705 3003 3875 3059 domo

564 3082 734 3138 usque
777 3068 844 3123 ad
888 3071 1284 3165 οβιοεθείιιιυηι
1333 3088 1533 3131 annum
1586 3078 1871 3136 infecunda
1923 3082 2063 3138 fuit?
2106 3097 2159 3141 ct
2188 3095 2234 3161 C
2266 3068 2490 3165 paterna
2516 3094 2874 3165 permanebit.
2907 3096 3099 3151 Postea
3126 3095 3350 3152 servitio
3397 3095 3611 3151 Domini
3659 3098 3875 3152 manci-

563 3173 745 3219 tamen
780 3164 833 3218 in
861 3164 1053 3219 ultima
1080 3170 1377 3222 senectutis
1408 3178 1570 3226 aetate
1608 3174 1797 3242 genuit
1847 3174 2036 3251 lsaac,,
2072 3180 2157 3234 cui

564 3255 897 3323 repromissa
946 3266 1068 3312 erat
1105 3257 1411 3315 benedictio
1458 3264 1698 3318 omnium
1740 3265 1999 3335 gentium.
2052 3268 2159 3323 Ra-

563 3345 685 3402 chel
738 3362 956 3418 quoque
1003 3359 1211 3405 tantum
1256 3350 1485 3407 Domino
1530 3364 1706 3424 grata,
1759 3366 2075 3430 tantumque
2131 3378 2161 3417 a

559 3445 750 3492 saneto
775 3435 942 3493 Jacob
962 3437 1241 3509 adamata,
1286 3441 1380 3497 diu
1424 3444 1630 3499 sterilis
1677 3446 1826 3503 luit:
1888 3456 1941 3503 et
1983 3461 2160 3508 tamen

558 3529 763 3599 Joseph
815 3531 1042 3600 genuit,
1086 3548 1194 3589 non
1246 3534 1423 3590 solum
1446 3535 1727 3595 dominum
1766 3538 2012 3614 Egypti,
2065 3547 2161 3602 sed

560 3622 915 3691 plurimarum
937 3624 1177 3693 gentium
1233 3625 1374 3682 fame
1398 3628 1761 3696 periturarum
1788 3633 2155 3693 liberatorem.

565 3710 699 3780 Quis
721 3712 775 3767 iu
797 3712 1024 3772 ducibus
1068 3714 1152 3771 vel
1210 3715 1401 3774 fortior
1438 3718 1723 3790 Samsone,
1783 3728 1866 3782 vel
1916 3730 2158 3786 sanetior

569 3871 956 3959 torEvangelio
972 3873 1290 3959 estlluben:
1308 3880 1403 3936 sed
1433 3884 1570 3953 apud
1586 3884 1903 3959 Josephum,
1932 3901 1986 3948 et
2009 3892 2151 3953 ﬁlios

570 3943 1310 4035 ﬁdedignosscriptoresde
1344 3943 1571 4023 utroque
1599 3961 1697 4035 ’γρύ
1719 3943 1960 4035 iptiiiéhf.

641 4023 668 4052 ⁸
693 4017 884 4115 Graeca
1097 4020 1235 4115 Ἣιιι
1258 4017 1659 4115 ρειιιξιιιξρὲιιιιίιί.
1683 4017 1772 4099 qui
1789 4038 2002 4115 δρομικὸν
2025 4039 2151 4115 πρὸ·

564 4108 779 4177 ςταγμξ
817 4099 974 4174 vocat
1020 4104 1091 4178 tv,
1115 4090 1217 4180 25,.
1239 4093 1304 4147 de
1331 4093 1559 4185 Qrthod.
1592 4086 1742 4185 ﬁde':
1781 4086 2153 4185 emisisti.ng

564 4154 618 4238 ὃς
639 4154 934 4240 οὑξ-ἐγείρει
957 4160 1246 4240 σπέρμρειέν
1270 4173 1343 4237 τῷ
1368 4167 1589 4239 Ἰσραὴλ.
1639 4154 2155 4234 ΙΙὶθῐίιιιίξξιῖἕῐἾδῖ

565 4231 678 4305 vin.
714 4227 999 4305 Maledicta
1027 4227 1216 4287 siérilis
1242 4227 1357 4305 quia
1388 4227 1489 4293 ηὸη
1522 4227 1673 4293 habet
1697 4227 1865 4297 semen
1888 4227 2152 4304 invisi-del.

564 4298 672 4380 Ιξτο
695 4301 906 4381 semine
951 4298 1264 4355 masculum'
1287 4309 1506 4373 ponitur
1538 4310 1639 4364 hoc
1668 4298 2154 4388 Pseudo-Evatlﬂg'e;
2185 4347 2234 4406 D
2264 4340 2373 4384 tum

570 4371 641 4406 l'“
695 4369 743 4406 ’⁸³
766 4386 907 4406 “'“m
933 4386 1118 4406 cmmm-
1143 4375 1250 4406 ..μ’
1269 4379 1451 4406 ,εεημιη
1504 4378 1595 4406 ιη,
1620 4385 1754 4406 ..Μ-,Α
1783 4388 1933 4406 “At”
1987 4405 1995 4406 ί
2103 4390 2115 4406 ι
2338 4400 2353 4406 _

568 4371 660 4433 lio,
673 4369 912 4457 ‘id‘enni
923 4386 1119 4457 semen
1143 4375 1250 4430 κατ’
1267 4369 1472 4448 ἐξοχὴν.
1496 4378 1600 4457 Aut
1620 4385 1756 4437 forte
1773 4369 2150 4457 iconjunget‘t’da

565 4439 1074 4532 sunthMalediclunt
1113 4439 1328 4532 omnem.
1350 4439 1665 4532 ἓῖιαεςιιιιιηι,
1694 4456 1781 4532 qui
1810 4439 1911 4509 ποῖι

564 4521 663 4565 set.
693 4509 825 4565 Nam
846 4511 1046 4589 alioqui
1076 4529 1176 4569 nec
1200 4516 1367 4572 Maria
1397 4520 1448 4572 in
1470 4509 2150 4589 lucem'editaunazculwum

562 4592 956 4672 generaveran‘t
980 4583 1098 4650 ejus
1130 4597 1401 4652 parentes.
1430 4590 1624 4672 Sedin
1675 4583 2151 4672 Scripturiquui:

564 4656 685 4729 dem
712 4652 909 4729 frustra
933 4652 1049 4729 haec
1104 4671 1339 4723 quaeras,
1391 4661 1493 4715 etsi
1546 4663 1687 4717 inter
1737 4652 2150 4729 Benedictum—as

565 4721 758 4802 legitur
808 4723 979 4802 tired.
1025 4721 1600 4802 x‘xttt,g_':lti,'et_Deut.
1639 4750 1735 4800 vn,
1773 4739 1858 4799 Μ.
1892 4721 2150 4802 otii/5;;

565 4791 930 4876 ajovo;,.ob8é“
954 4798 1137 4876 στέρα
1176 4791 1262 4853 ἐπὶ
1298 4791 1397 4861 ’τῆς
1425 4810 1517 4873 γῆς
1545 4826 1664 4860 σου.
1708 4791 1776 4861 Et
1814 4791 1985 4867 Esaia:

565 4866 738 4947 ultim.
774 4866 825 4919 in
849 4868 978 4920 edit.
1022 4866 1232 4947 G'ra'ea,
1264 4885 1384 4925 nam
1410 4866 1478 4947 ab
1502 4876 1741 4947 Hebraeis
1768 4879 1884 4936 lure
1910 4866 2148 4947 derideri

565 4933 1464 5023 aitilierouytnusmd”l’ainmacb.
1512 4946 1581 5023 de
1628 4949 1846 5018 Optimo
1867 4933 2148 5023 'gEIiJTn."

560 5013 704 5127 ‘llel‘p.
746 5004 996 5127 μζιγῖἆριος
1022 5004 1076 5070 ὃς
1104 5008 1221 5081 ἔχει
1260 5015 1309 5068 ἓν
1332 5018 1451 5071 Σιὼν
1482 5004 1725 5095 σπέρμᾶ,
1859 5004 2148 5089 Justinus-iv

602 5094 795 5127 εοουσα
816 5099 916 5127 .nu.

602 5094 916 5147 ερουσαιῃμ.

660 5094 856 5134 ουσα).η
905 5116 916 5130 ι

625 5094 675 5237 ᾖ
693 5099 1069 5237 ξςιριιὲιίοιιθε
1095 5154 1411 5237 angelorum
1444 5158 1554 5217 fere
1578 5162 1735 5237 solet
1762 5166 2007 5237 comitari
2030 5168 2145 5237 lux,

554 5230 679 5341 Eua:
701 5214 825 5280 δόξα
854 5220 1037 5304 sepiae
1069 5214 1310 5306 vocatur,
1345 5228 1471 5286 Luc.
1498 5214 1730 5303 tt‘,9ﬁ,vsi‘c—

602 5297 826 5341 actorum
878 5289 1209 5341 hutohamus
1264 5296 1459 5341 Ιιερνραί
1502 5302 1568 5341 '70
1632 5320 1757 5341 num
1820 5308 1849 5341 κ
1902 5310 2061 5341 me...
2092 5313 2142 5341 :..

602 5297 826 5373 actorum
878 5289 1225 5373 Epiphapius.
1255 5289 1460 5373 haeresi
1502 5289 1589 5367 79,
1614 5289 1781 5360 'num.
1816 5289 2144 5373 δζτέῐέίίίἰὶ

555 5358 774 5444 deserto
800 5361 1362 5444 angelum_loacltiino
1391 5358 1735 5442 apparuisse,
1757 5358 2145 5438 et'li'lar'iie'na:

552 5438 821 5485 ttvttatem
853 5438 1224 5491 annuntiasse.

602 5510 647 5587 ὀ
685 5500 776 5556 Sic
802 5502 990 5597 Actor:
1027 5520 1078 5572 Χ,
1110 5507 1143 5560 ιί
1170 5523 1191 5597 ,ε
1227 5510 1282 5562 αἱ
1302 5517 1607 5597 πρρσευχοξί
1633 5537 1729 5597 ρον
1753 5523 1837 5575 καὶ
1856 5522 1909 5576 αἱ
1937 5523 2144 5597 ἔλεημο·

550 5576 699 5628 σύναι
728 5595 833 5628 σου
856 5576 1113 5634 ἀνέϐησαν
1138 5579 1209 5638 εἰς
1232 5576 1549 5654 pitag-recruits;
1566 5587 1776 5644 ἐνώπιον
1796 5596 1888 5645 τοῦ
1918 5576 2069 5651 Osci;

621 5658 647 5700 ἀ
670 5662 805 5721 Gen.
835 5680 910 5734 ιι,
945 5668 1046 5737 30;
1077 5685 1188 5745 xvi,
1216 5674 1241 5733 l
1279 5683 1333 5732 ct
1360 5662 1512 5747 x'vm,
1537 5678 1625 5737 11.
1650 5679 1929 5757 Nusquam
1954 5695 2135 5749 tamen

2262 3198 2405 3259 pata,
2435 3203 2464 3243 a
2492 3186 2718 3257 Temple
2755 3186 2771 3225 ί
2809 3203 2977 3259 usque
3006 3188 3073 3243 ad
3114 3186 3481 3258 intelligibiles
3535 3201 3711 3242 annos
3752 3204 3862 3244 non

2267 3281 2533 3337 discedet.
2564 3281 2640 3336 lbi
2667 3282 2902 3353 denique
2924 3282 3147 3352 jejuniis
3168 3290 3225 3337 et
3247 3282 3587 3337 orationibus
3610 3291 3782 3338 nocte
3809 3298 3873 3339 ac

2266 3372 2355 3427 die
2380 3372 2492 3427 Deo
2520 3373 2786 3439 serviens,
2822 3374 2889 3427 ab
2918 3375 3065 3427 omni
3099 3372 3381 3428 immundo
3434 3386 3494 3426 se
3546 3372 3872 3429 abstinebit.

2267 3463 2456 3519 Virum
2473 3480 2764 3535 numquam
2791 3474 3083 3536 cognoscet
3108 3482 3122 3520 :
3146 3464 3243 3521 sed
3269 3463 3385 3520 sola
3409 3462 3533 3519 sine
3583 3466 3869 3533 exemplo,

2264 3556 2385 3612 siue
2415 3556 2647 3622 macula,
2672 3557 2789 3613 sine
2812 3559 3180 3629 corruptione,
3211 3558 3327 3613 sine
3348 3557 3493 3612 virili
3519 3558 3873 3614 commixtio—

2267 3663 2358 3716 ne,
2391 3649 2544 3719 virgo
2573 3648 2762 3712 tilium,
2792 3649 2991 3705 ancilla
3015 3650 3328 3716 Dominum,
3359 3658 3412 3704 et
3438 3650 3633 3720 gratia,
3668 3660 3727 3705 et
3767 3665 3869 3707 no-

2266 3739 2433 3807 mine,
2464 3747 2521 3796 et
2540 3756 2729 3810 opere,
2763 3740 3102 3799 Salvatorem
3134 3741 3321 3801 mundi
3352 3742 3654 3814 generabit.
3678 3741 3874 3815 Itaque

2258 3904 2317 3959 fit
2344 3905 2549 3979 mentio
2594 3906 2720 3962 anni
2759 3908 2936 3964 relatis
2987 3908 3336 3979 octogesimi,
3380 3907 3457 3964 uti
3509 3922 3608 3965 nec
3654 3907 3866 3969 Cenes.

2260 3990 2333 4049 ξι,
2362 3977 2450 4032 ubi
2483 3988 2706 4033 narrant
2734 3980 2970 4049 genitum
2994 3996 3056 4035 ex
3092 3977 3221 4035 Sara
3250 3978 3523 4047 Isaacum,
3551 3980 3871 4041 Abrahamo

2252 4046 2363 4115 jam
2393 4060 2607 4123 centum
2632 4046 2894 4123 annorum
2932 4059 3146 4106 aetatem
3181 4061 3494 4123 consecuta.
3530 4049 3868 4123 iUtcumque

2258 4130 2436 4192 tamen
2467 4120 2522 4192 id
2563 4122 2786 4192 colligas
2820 4137 2883 4176 ex
2953 4130 3196 4192 tempore
3249 4122 3402 4177 Sara:
3449 4122 3722 4178 defunctae
3765 4120 3861 4181 an.

2259 4191 2436 4245 relatis
2470 4191 2570 4246 127
2600 4190 2737 4246 Gen.
2765 4208 2918 4258 χχιιι,
2953 4195 3005 4248 1.

2336 4269 2357 4297 θ
2391 4259 2445 4315 ld
2479 4272 2582 4324 est,
2609 4268 2688 4315 tot
2712 4261 2976 4330 exemptis
2998 4278 3026 4317 a
3051 4278 3136 4320 me
3160 4263 3360 4321 allatis.
3388 4263 3528 4321 Male
3549 4273 3709 4322 antea
3739 4266 3863 4322 edi-

2411 4348 2421 4383 :
2470 4330 2755 4386 Persuadet
2779 4335 3007 4388 credere.

2334 4400 2353 4437 ί
2381 4401 2470 4457 Sic
2493 4404 2630 4471 lego,
2661 4418 2782 4457 cum
2820 4404 3013 4459 vitiose
3046 4402 3097 4460 in
3138 4404 3263 4462 aliis
3291 4405 3475 4471 editis,
3511 4414 3568 4459 ut
3614 4408 3856 4464 novistis.

2261 4470 2380 4524 Vid.
2408 4487 2572 4542 supra
2603 4488 2719 4542 cap.
2753 4474 2803 4529 l.
2836 4475 3080 4530 Meminit
3111 4475 3252 4531 illius
3280 4476 3391 4532 voti
3420 4470 3645 4533 amatre
3668 4479 3860 4535 Maria:

2262 4545 2553 4619 nunc_up_ati
2607 4542 2905 4619 Gregorius
2951 4562 3165 4617 quoque
3216 4548 3493 4619 Nysseuus
3543 4548 3737 4604 bomil.
3802 4551 3862 4606 in

2256 4612 2435 4669 Nata].
2467 4614 2699 4669 Domini.

2329 4694 2353 4732 ε
2384 4689 2776 4762 ιιεχαριτωμένη
2797 4688 2939 4758 quod
2969 4688 3185 4754 Lucan,
3213 4688 3305 4754 28,
3331 4689 3503 4761 Syrus
3523 4706 3741 4762 quoque
3771 4692 3860 4748 in-

2256 4784 2465 4848 terpres
2496 4778 2732 4832 reddidit
2774 4789 2991 4839 annua
3029 4764 3222 4848 D’SD,
3285 4780 3469 4838 Graeca
3521 4799 3657 4839 voce
3687 4785 3862 4840 utitur

2254 4847 2609 4920 ante‘lsucum
2639 4849 2983 4920 Syrachides,
3011 4867 3085 4913 ix,
3116 4857 3170 4917 8,
3201 4862 3254 4905 et
3280 4866 3427 4917 svnt,
3464 4854 3552 4909 i7.
3582 4853 3857 4917 Cteterum

2254 4918 2395 4998 quod
2425 4917 2710 4998 Ambrosio
2741 4922 2944 4998 θριξὶ-ἰῆς
2971 4917 3318 4998 quibusdam
3365 4925 3641 4980 veteribus
3684 4929 3862 4998 gratia

2254 4987 2407 5067 pleno
2456 4992 2765 5067 exponitur,
2801 4987 3206 5065 Christo-plena,
3251 5009 3437 5066 parum
3491 4987 3863 5067 congru'entcr

2255 5060 2315 5112 fit
2341 5060 2405 5112 ad
2442 5063 2616 5129 angeli
2654 5072 2910 5118 mentem.

2326 5129 2374 5206 ξ
2380 5131 2471 5187 Sic
2500 5142 2555 5206 et
2598 5133 3052 5206 Proto-Evangel.
3086 5133 3356 5206 ,lacoblrc.
3388 5150 3501 5192 vm.
3549 5136 3858 5199 Trimulam

2253 5200 2308 5255 in
2332 5200 2558 5277 Temple
2584 5200 3025 5277 repraesentatam
3052 5205 3126 5261 ait
3143 5212 3305 5263 etiam
3330 5207 3564 5263 Evodius
3583 5206 3731 5277 apud
3759 5208 3861 5266 Ni-

2251 5272 2547 5343 cephorum
2581 5272 2673 5330 lib.
2718 5291 2779 5343 ιι,
2811 5292 2857 5331 c.
2887 5276 2938 5335 5.

2332 5344 2347 5381 ί
2386 5345 2441 5399 id
2460 5354 2560 5421 est,
2593 5362 2761 5421 usque
2783 5347 2865 5421 ad
2897 5362 3069 5403 annos
3088 5348 3620 5421 iintelligrntes,sive
3650 5349 3857 5419 quibus

2255 5412 2419 5468 homo
2457 5417 2643 5490 incipit
2668 5412 2968 5490 intelligere
2997 5420 3194 5474 malum
3221 5412 3642 5490 reprobandum,
3668 5412 3723 5476 et
3751 5422 3854 5476 hoc

2254 5485 2874 5565 numneligendum,_Es'.
2910 5504 2999 5565 vn,
3027 5491 3113 5565 ιδ,
3141 5485 3299 5565 ,ιοιιιιζ
3326 5490 3521 5563 ttt,|ll.
3556 5491 3857 5565 Adjectivis

2254 5556 2308 5608 in
2333 5555 2448 5609 bilis
2473 5571 2635 5632 sensu
2665 5561 2840 5632 activo
2862 5560 2939 5614 uti
2970 5555 3147 5615 solent
3166 5555 3462 5632 scriptores
3496 5578 3600 5619 non
3634 5555 3854 5620 infima:

2257 5636 2463 5683 tantum
2493 5629 2687 5700 a-tatis,
2717 5630 2810 5693 sed
2842 5632 3062 5706 Optimae
3084 5629 3319 5706 quoque.
