4012 6190
516 192 519 199 ⁴
550 196 661 260 303

1594 194 1651 253 S.
1698 184 2077 251 lllERONYMI
2114 184 2404 249 OPERUM
2442 183 2812 248 MANTISSA.

3688 122 3855 235 ’τοι

552 317 881 391 quirendum
905 330 1024 373 esse
1043 314 1127 371 cui
1148 309 1298 383 virgo
1326 311 1418 368 illa
1443 310 1811 367 commendari
1834 318 1889 365 et
1908 308 2146 378 despon-
2174 310 2223 368 Α
2252 305 2573 375 stupefacta,
2608 301 2703 359 scd
2735 302 2788 357 in
2819 295 2938 354 solo
2964 294 3368 391 ejussermone
3396 290 3728 391 turbata-est
3756 311 3769 349 :
3800 306 3857 353 et

557 411 667 466 sari
688 409 934 465 deberct.
958 406 1148 474 Liquet
1187 404 1329 459 enim
1365 402 1554 457 Isaiam
1585 402 1799 457 dicere:
1825 398 2147 469 Egredietur

553 505 705 574 virga
738 503 804 558 de
830 499 1008 555 radice
1029 498 1199 564 Iesse,
1226 497 1404 551 ethos
1428 496 1494 550 de
1519 496 1700 550 radice
1724 493 1840 563 ejus
1863 490 2143 556 ascendet,

554 606 611 653 et
638 597 941 666 requiescet
967 606 1131 661 super
1159 605 1284 645 eum
1334 589 1569 659 Spiritus
1625 587 1840 642 Domini
1875 603 1890 641 :
1920 585 2146 656 Spiritus

553 685 835 756 sapientiae
856 694 910 739 et
941 682 1252 738 intellectus
1285 699 1297 735 :
1330 681 1554 752 Spiritus
1581 679 1794 736 consilii
1832 687 1888 733 et
1932 676 2147 733 fortitu-

552 778 695 834 dinis
726 795 738 831 :
772 774 996 847 spiritus
1029 774 1276 830 scicntia:
1304 783 1357 828 et
1380 772 1605 843 pictatis
1638 791 1653 829 :
1686 781 1740 827 et
1768 771 2143 841 replebiteum

518 928 523 931 ,
547 868 773 940 spiritus
827 865 1038 922 timoris
1065 864 1277 920 Domini
1302 862 1580 936 (Isa.xi,l
1604 863 1801 935 seqq.).
1829 862 2143 919 Secundum

544 960 687 1015 hanc
715 975 847 1030 ergo
877 958 1217 1029 prophetiam
1237 999 1253 1026 ,
1286 966 1513 1012 cunctos
1543 956 1611 1012 de
1641 957 1803 1011 domo
1833 967 1889 1012 et
1940 954 2143 1010 familia

545 1051 739 1119 David,
777 1051 964 1122 nuptui
991 1049 1220 1115 habiles,
1247 1058 1271 1087 α
1300 1064 1407 1105 non
1437 1049 1779 1120 conjugatos,
1812 1050 1991 1120 virgas
2019 1063 2145 1105 suas

543 1144 807 1199 allaturos
833 1142 899 1197 ad
928 1142 1102 1197 altare
1120 1140 1406 1210 praedixit:
1432 1150 1487 1195 et
1512 1140 1897 1210 cujuscumque
1920 1151 2040 1209 pOSt
2061 1141 2143 1195 al-

538 1234 798 1292 lationem
821 1234 849 1272 ι)
874 1235 1077 1304 virgula
1105 1232 1293 1289 florem
1315 1232 1697 1304 germinasset,
1714 1232 1832 1286 etin
1848 1230 1965 1301 ejus
1987 1246 2145 1287 cacu-

541 1329 690 1384 mine
720 1326 958 1398 Spiritus
979 1325 1195 1380 Domini
1224 1326 1279 1381 in
1308 1324 2137 1396 speciecolumbaeconsedisset,

536 1417 718 1492 ipsnm
731 1434 852 1476 esse
865 1421 947 1474 cui
964 1417 1115 1489 virgo
1128 1416 1497 1473 commendari
1512 1417 1887 1487 etdesponsari
1901 1416 2141 1473 deberet.

616 1515 709 1570 IX.
740 1514 874 1570 Erat
918 1522 1099 1567 autem
1137 1512 1281 1567 inter
1323 1522 1551 1568 caeteros
1598 1510 1822 1580 Josepb,
1866 1511 2031 1567 homo
2075 1509 2143 1567 de

540 1605 705 1663 domo
750 1617 806 1663 et
832 1618 853 1645 ο
884 1605 1083 1660 familia
1123 1602 1290 1659 David
1340 1604 1663 1675 grandaevus
1701 1622 1712 1655 :
1748 1602 1957 1658 cunctis
2008 1616 2142 1658 vero

2249 396 2488 466 cogitare
2511 394 2676 464 coepit
2698 390 2875 464 qualis
2899 390 3000 444 ista
3032 387 3308 457 salutatio,
3341 397 3451 443 tam
3483 384 3699 443 insolita
3732 401 3857 444 esse

2249 497 2453 559 posset,
2503 488 2701 558 quidve
2747 482 3117 555 portenderet,
3148 480 3235 537 vel
3283 496 3446 551 quem
3499 480 3663 535 linem
3711 489 3855 537 esset

2249 579 2520 634 habitura.
2556 578 2691 634 llnic
2736 573 3073 646 cogitationi,
3121 573 3349 643 angelus
3388 571 3655 627 divinitus
3688 573 3854 643 inspi-

2200 664 2205 667 ’
2246 681 2400 729 ratus
2450 687 2792 729 occurrens:
2842 668 2921 725 Ne
2971 668 3187 733 timeas,
3228 666 3428 736 inquit,
3471 664 3665 731 Maria,
3698 666 3852 735 quasi

2246 763 2450 835 aliquid
2509 761 2845 819 contrarium
2911 767 3018 814 tute
3079 757 3317 813 castitati
3366 755 3469 811 hac
3521 755 3852 813 salutatione

2246 866 2563 926 praetexam.
2598 852 2857 911 Invenisti
2886 852 3032 907 enim
3059 849 3287 921 gratiam
3328 849 3471 920 apud
3516 848 3847 905 Dominum:

2249 949 2377 1019 quia
2407 950 2715 1005 castitatem
2763 945 2999 1016 elegisti.
3033 943 3266 1013 Ideoque
3292 943 3447 1013 virgo
3477 941 3599 998 sine
3626 950 3849 1013 peccato

2247 1042 2545 1114 eoneipies,
2598 1048 2655 1098 et
2706 1039 2889 1111 paries
2932 1036 3125 1091 filium.
3158 1035 3258 1090 llic
3297 1036 3403 1091 erit
3451 1048 3705 1106 magnus,
3755 1034 3849 1106 qui

2251 1142 2275 1181 ε
2302 1132 2672 1188 dominabitur
2716 1146 2745 1185 a
2771 1129 2909 1185 mari
2942 1141 3115 1198 usque
3140 1125 3208 1180 ad
3240 1140 3393 1181 mare
3424 1142 3438 1181 :
3467 1134 3522 1181 et
3548 1141 3579 1180 a
3625 1124 3849 1182 flumine

2246 1240 2421 1295 usque
2450 1223 2516 1279 ad
2566 1222 2825 1279 terminos
2867 1220 3018 1276 orbis
3057 1228 3243 1275 terrae.
3294 1218 3363 1273 Et
3408 1217 3553 1274 ﬁlius
3582 1216 3851 1274 Altissimi

2245 1317 2568 1373 vocabitur:
2602 1316 2724 1387 quia
2770 1314 2867 1385 qui
2899 1313 2951 1369 in
3006 1311 3165 1369 terris
3210 1310 3453 1367 nascitur
3498 1309 3743 1375 humilis,
3793 1309 3849 1365 in

2246 1410 2387 1466 caelo
2414 1415 2609 1479 regnat
2655 1406 2924 1461 sublimis.
2977 1403 3047 1459 Et
3090 1402 3241 1459 dabit
3292 1402 3369 1459 illi
3403 1401 3666 1457 Dominus
3696 1402 3848 1458 Deus

2247 1502 2432 1557 sedem
2477 1500 2642 1556 David
2671 1499 2844 1570 patris
2872 1497 3015 1569 ejus,
3045 1505 3103 1553 et
3132 1495 3379 1567 regnabit
3404 1495 3458 1550 in
3480 1495 3645 1550 demo
3673 1493 3849 1550 Jacob

2246 1592 2300 1648 in
2333 1602 2621 1659 aeternum,
2653 1601 2706 1648 et
2728 1591 2882 1662 regni
2906 1589 3024 1661 ejus
3045 1603 3153 1644 non
3187 1590 3291 1643 erit
3320 1587 3466 1642 linis.
3498 1586 3620 1658 Ipse
3641 1586 3844 1657 quippe

542 1701 719 1771 virgas
748 1715 875 1757 suas
891 1700 1045 1771 juxta
1070 1697 1318 1753 ordinem
1365 1695 1775 1762 deferentibus;
1828 1695 1977 1751 solus
2028 1695 2142 1764 ipse
2172 1700 2221 1761 Β
2247 1702 2342 1743 rex
2375 1700 2563 1757 regum
2593 1693 2649 1740 el
2672 1682 2933 1739 Dominus
2960 1680 3357 1737 dominanlium
3379 1688 3463 1735 εει
3494 1696 3506 1733 :
3535 1687 3589 1734 et
3617 1678 3845 1735 thronus

536 1807 691 1849 suam
723 1791 1007 1848 subtraxit.
1036 1791 1189 1848 Unde
1216 1806 1339 1845 cum
1382 1789 1515 1844 nihil
1543 1789 1743 1843 divinae
1771 1788 1890 1844 voci
1935 1802 2133 1844 conso-

538 1901 668 1941 num
693 1885 1054 1955 apparuisset,
1080 1882 1319 1953 pontifex
1339 1882 1535 1936 iterato
1556 1880 1725 1936 Deum
1740 1879 2133 1937 consulendum

530 1978 758 2049 putavit.
793 1977 895 2045 Qui
929 1975 1228 2047 respondit,
1263 1975 1438 2030 solum
1471 1974 1619 2029 illum
1647 1988 1714 2029 ex
1770 1972 1855 2028 his
1909 1973 1999 2045 qui
2039 1973 2135 2030 dc-

531 2070 729 2141 signati
763 2077 937 2135 erant,
967 2069 1171 2139 virgam
1203 2082 1355 2121 suam
1403 2081 1508 2120 non
1539 2064 1809 2133 attulisse,
1844 2065 1936 2134 qui
1968 2064 2134 2135 virgi-

528 2178 652 2219 nem
678 2162 1009 2233 desponsare
1031 2159 1277 2216 deberet.
1307 2159 1559 2216 Proditus
1583 2167 1669 2214 est
1694 2160 1875 2229 itaque
1902 2155 2128 2227 Josepb.

528 2252 661 2313 Cum
693 2256 836 2309 enim
866 2255 1069 2325 virgam
1119 2267 1274 2307 suam
1333 2251 1625 2316 attulisset,
1658 2260 1713 2306 et
1743 2250 1797 2305 in
1840 2250 2130 2305 cacumine

529 2344 670 2417 ejus,
700 2344 952 2402 columba
984 2344 1052 2398 de
1083 2342 1224 2399 coelo
1246 2342 1472 2397 veniens
1521 2340 1883 2409 consedisset,
1922 2340 2130 2410 liqul'do

528 2434 831 2496 omnibustl
871 2435 1044 2508 patuit
1094 2437 1143 2491 ei
1187 2434 1449 2504 virginem
1504 2433 1937 2504 desponsandam
1988 2433 2127 2489 fore.

522 2527 691 2598 Igitur
718 2529 1027 2600 nuptiarmn
1062 2537 1085 2564 θ
1113 2527 1237 2596 jure
1258 2526 1326 2580 de
1353 2540 1504 2581 more
1532 2526 1832 2594 celebrato,
1864 2526 1980 2595 ipse
2009 2527 2129 2596 qui-

522 2622 649 2677 dem
683 2622 735 2676 in
784 2620 1104 2676 Bethlehcm
1139 2620 1352 2675 recedit
1378 2619 1675 2686 civitatem,
1706 2620 1928 2674 domum
1972 2634 2124 2674 suam

524 2712 909 2783 dispositurus,
938 2722 987 2769 et
1018 2712 1221 2782 nuptiis
1242 2713 1545 2767 necessaria
1571 2721 1974 2782 procuratnrns.
2006 2712 2126 2767 Vir-

520 2822 591 2878 go
621 2814 802 2860 autem
833 2802 1051 2859 Domini
1082 2803 1267 2868 Maria,
1292 2819 1416 2859 cum
1444 2804 1564 2860 aliis
1592 2814 1801 2876 septem
1821 2805 2124 2876 virginibus

523 2897 725 2955 ceteris
746 2904 802 2953 et
831 2894 849 2935 τ
873 2896 1249 2964 collactaneis,
1282 2911 1415 2968 quas
1441 2912 1471 2952 a
1499 2898 1783 2954 sacerdote
1813 2908 2116 2969 acceperat,

524 2996 591 3045 ad
614 2990 834 3046 domum
857 2998 1139 3059 parentum
1165 3003 1385 3045 suorum
1408 2989 1461 3044 in
1478 2989 1754 3045 Galilzeam
1779 3004 1996 3045 reversa
2013 2998 2116 3045 est.

2238 1780 2357 1850 ejus
2385 1781 2441 1835 in
2468 1778 2730 1835 saeculum
2758 1776 2968 1832 sreculi.
2996 1774 3091 1830 His
3111 1773 3291 1845 angeli
3314 1772 3521 1839 verbis,
3549 1772 3712 1845 virgo
3735 1782 3845 1828 non

2237 1871 2541 1938 incredula,
2569 1868 2663 1925 sed
2688 1868 2908 1924 modum
2939 1867 3082 1923 scire
3107 1865 3317 1929 volens,
3346 1863 3671 1935 respondit:
3698 1863 3843 1931 Quo-

2236 1963 2400 2019 modo
2430 1960 2576 2018 istud
2609 1961 2728 2017 lieri
2770 1959 2994 2031 potest?
3023 1957 3158 2013 Nam
3187 1973 3309 2013 eum
3340 1957 3456 2027 ipsa
3485 1958 3661 2013 virum
3683 1956 3841 2029 juxta

2233 2065 2418 2111 votum
2470 2070 2651 2111 meum
2698 2066 2995 2124 numquam
3044 2066 3360 2123 cognosco:
3392 2050 3669 2123 quomodo
3719 2051 3840 2107 sine

2235 2149 2408 2204 virilis
2455 2148 2681 2204 seminis
2724 2147 3065 2203 incremento
3092 2160 3287 2216 parere
3331 2145 3591 2216 pessum?
3617 2143 3699 2199 Ad
3732 2143 3841 2200 hoc

2229 2244 2455 2314 angelus
2485 2262 2495 2295 :
2530 2242 2609 2299 Ne
2635 2242 2937 2309 existimes,
2972 2241 3168 2312 inquit,
3200 2238 3390 2307 Maria,
3421 2224 3567 2311 quod
3596 2239 3840 2295 humano

2231 2352 2383 2392 more
2416 2335 2717 2406 concipias.
2750 2334 2885 2390 Nam
2917 2335 3034 2390 sine
3065 2332 3212 2388 virili
3240 2334 3656 2399 commixtione,
3682 2334 3840 2404 virgo

2229 2430 2529 2500 eoneipies,
2553 2429 2582 2466 ιι
2611 2428 2766 2500 virgo
2792 2428 2961 2499 paris,
2988 2428 3140 2499 virgo
3169 2427 3399 2483 nutries.
3423 2426 3656 2498 Spiritus
3684 2428 3837 2483 enim

2228 2533 2449 2580 sanctus
2478 2524 2829 2594 superveniet
2855 2521 2907 2576 in
2938 2529 3013 2586 te,
3044 2530 3099 2576 et
3128 2521 3313 2576 virtus
3335 2519 3605 2576 Altissimi
3628 2521 3833 2576 obum-

2229 2615 2407 2671 brabit
2437 2615 2555 2682 tibi,
2585 2625 2776 2671 contra
2800 2628 2991 2669 omnes
3032 2612 3257 2669 ardores
3293 2613 3555 2668 libidinis.
3591 2612 3835 2685 Ideoque

2224 2709 2369 2780 quod
2412 2715 2671 2764 nascetur
2696 2723 2764 2764 ex
2796 2716 2867 2775 te,
2900 2707 3075 2763 solum
3104 2708 3208 2762 erit
3253 2715 3499 2761 sanctum
3534 2725 3545 2761 :
3574 2706 3705 2775 quia
3737 2721 3833 2763 so-

2226 2798 2339 2853 lum
2385 2800 2505 2856 sine
2538 2808 2760 2872 peccato
2784 2809 3135 2869 conceptum,
3185 2808 3240 2854 et
3288 2808 3506 2867 natum,
3539 2800 3834 2856 vocabitur

2224 2889 2393 2947 Filius
2426 2892 2540 2947 Dei.
2568 2891 2718 2948 Tunc
2748 2892 2940 2959 Maria,
2965 2891 3218 2946 manibus
3247 2892 3520 2962 expansis,
3556 2900 3611 2947 et
3650 2892 3834 2950 oculis

2222 2982 2289 3037 ad
2316 2982 2513 3039 cmlum
2546 2983 2762 3051 levatis,
2792 2982 2928 3039 dixit
2950 3000 2963 3038 :
2984 2982 3129 3039 Ecce
3158 2983 3350 3039 ancilla
3383 2983 3597 3039 Domini
3624 2984 3834 3057 (neque

598 3082 665 3137 X.
718 3080 810 3137 His
858 3095 990 3136 vero
1016 3080 1233 3149 diebus,
1274 3081 1453 3150 primo
1482 3080 1687 3137 scilicet
1740 3081 2003 3139 adventus
2032 3083 2115 3139 sui
2143 3084 2190 3148 C
2220 3077 2363 3133 enim
2387 3077 2622 3133 dominae
2650 3077 3044 3148 nominedigna
3063 3076 3231 3149 sum),
3257 3076 3349 3133 fiat
3375 3078 3505 3133 mihi
3521 3079 3832 3135 secundum

514 3174 569 3231 in
614 3172 895 3229 Galilaeam
949 3181 1219 3244 tempore,
1261 3170 1461 3228 missus
1511 3172 1686 3229 estad
1731 3188 1851 3229 eam
1893 3174 2117 3246 angelus

517 3264 737 3323 Gabriel
792 3279 822 3319 a
857 3264 967 3319 Deo
995 3282 1005 3316 :
1034 3264 1123 3335 qui
1156 3263 1203 3319 ei
1261 3272 1581 3334 conceptum
1616 3264 1954 3321 Dominieum
1994 3281 2118 3322 nar-

482 3364 665 3429 Araret
711 3365 765 3413 et
811 3354 1222 3426 conceptionis,
1274 3353 1365 3409 vel
1412 3353 1629 3411 modum
1656 3397 1670 3421 ,
1729 3356 1816 3412 vel
1866 3356 2113 3414 ordinem

512 3460 833 3522 exponeret.
888 3450 1127 3520 Denique
1182 3449 1462 3520 ingressus
1507 3449 1577 3505 ad
1629 3464 1751 3506 eam
1803 3450 2110 3508 cubiculum

514 3542 731 3614 quidem
775 3542 867 3598 ubi
895 3541 1169 3607 manebat,
1221 3540 1426 3611 ingenti
1458 3541 1663 3597 lumine
1684 3541 1962 3612 perfudit:
1995 3543 2111 3612 ipsa

511 3650 642 3690 vero
666 3633 1067 3704 gratantissime
1097 3632 1365 3700 salutans,
1394 3632 1560 3687 dixit:
1581 3634 1717 3700 Ave,
1744 3633 1932 3704 Maria,
1957 3635 2110 3705 virgo

514 3725 733 3782 Domini
772 3723 1080 3793 gratissima
1109 3738 1122 3775 :
1154 3723 1307 3792 virgo
1326 3724 1495 3792 gratia
1519 3724 1676 3793 plena
1701 3767 1714 3790 ,
1744 3725 2003 3782 Dominus
2031 3735 2109 3783 te-

511 3833 637 3875 cum
660 3858 675 3883 ,
708 3815 993 3872 benedicta
1044 3823 1099 3869 tn
1140 3830 1250 3885 pra:
1299 3816 1554 3871 omnibus
1612 3818 1931 3875 mulieribus
1965 3837 1980 3876 :
2013 3820 2109 3876 be-

514 3910 728 3965 nedicta
777 3923 894 3978 prae
950 3906 1206 3963 omnibus
1264 3909 1529 3964 hactenus
1581 3910 1721 3965 natis
1773 3910 2104 3967 hominibus.

511 4000 679 4071 Virgo
704 4007 885 4056 autem
909 4014 1032 4069 qua:
1056 4000 1168 4069 jam
1195 4000 1476 4069 angelicos
1495 4000 1635 4056 bene
1658 4013 1882 4059 noverat
1906 4005 2106 4072 vultus,

511 4105 567 4152 et
606 4094 789 4150 lumen
811 4092 1035 4160 caeleste
1063 4094 1333 4149 insuetum
1367 4110 1474 4149 non
1499 4092 1768 4152 habebat:
1803 4112 1980 4168 neque
2006 4114 2106 4154 an-

507 4189 685 4260 gelica
726 4186 938 4243 visione
979 4185 1192 4254 territa,
1241 4201 1417 4259 neque
1466 4187 1687 4243 luminis
1732 4188 2108 4260 magnitudine

2220 3170 2449 3226 verbum
2482 3179 2655 3227 tuum.
2688 3168 2702 3207 ί
2735 3169 2983 3241 Longum
3011 3170 3153 3226 forte
3182 3179 3238 3225 et
3267 3169 3597 3239 quibusdam
3633 3169 3833 3227 ttedio-

2217 3274 2339 3316 sum
2371 3262 2496 3329 erit,
2524 3261 2570 3317 si
2614 3270 2809 3317 cuneta
2840 3262 2965 3317 huic
3006 3263 3271 3331 opusculo
3304 3262 3550 3318 inserere
3579 3263 3833 3319 volueri-

2222 3371 2367 3422 mus,
2400 3370 2523 3426 quze
2564 3356 2904 3411 nativitatem
2950 3354 3281 3410 dominicam
3321 3354 3411 3410 vel
3462 3356 3827 3426 prmcessisse

2219 3449 2306 3506 vel
2340 3448 2633 3504 subsecuta
2659 3447 2825 3504 fuisse
2856 3448 3107 3518 legimus.
3132 3447 3292 3505 Unde
3318 3447 3404 3503 his
3420 3448 3667 3515 omissis,
3702 3465 3830 3520 qua:

2216 3541 2270 3597 in
2305 3541 2600 3612 Evangelia
2631 3540 2844 3612 plenius
2874 3540 3077 3611 scripta
3108 3548 3256 3608 sunt,
3287 3537 3357 3593 ad
3387 3554 3450 3596 ea
3480 3553 3603 3611 quas
3634 3540 3829 3597 minus

2219 3635 2511 3706 habentur,
2545 3636 2813 3692 narranda
2841 3634 3186 3692 accedamus.

2289 3730 2382 3783 XI.
2411 3728 2617 3798 Josepb
2665 3729 2827 3799 igitur
2856 3743 2886 3782 a
2917 3727 3106 3784 .ludrea
3138 3727 3193 3782 in
3235 3724 3513 3783 Galilaeam
3553 3727 3824 3797 veniens,

2216 3821 2600 3891 desponsatam
2632 3820 2735 3876 sibi
2762 3821 3050 3890 virginem,
3077 3835 3300 3876 uxorem
3332 3820 3534 3875 ducere
3565 3820 3825 3878 intende-

2217 3913 2311 3968 bat
2339 3932 2352 3968 :
2380 3913 2493 3984 jam
2526 3927 2762 3984 namque
2796 3921 2905 3966 tres
2930 3910 3201 3967 fluxerunt
3229 3926 3467 3973 menses,
3498 3920 3555 3967 et
3586 3911 3601 3962 ἱ
3640 3928 3823 3983 quar-

2216 4016 2304 4062 tus
2332 4007 2590 4075 instabat,
2621 4022 2689 4062 ex
2722 4022 2788 4062 eo
2809 4015 3056 4076 tempore
3087 4020 3195 4076 quo
3223 4004 3327 4061 sibi
3352 4006 3678 4076 desponsata
3701 4006 3825 4064 fue-

2212 4109 2318 4158 rat.
2352 4100 2564 4158 Interea
2593 4102 2853 4173 paulatim
2885 4110 3044 4156 utero
3074 4115 3357 4171 puerpera:
3388 4102 3817 4173 intumescente,

2215 4192 2245 4235 ιι
2276 4211 2602 4269 puerperam
2642 4211 2701 4254 se
2731 4194 3081 4252 manifestare
3122 4195 3332 4266 coepit:
3365 4209 3538 4267 neque
3582 4194 3685 4251 hoc
3734 4196 3821 4251 la-

508 4390 751 4476 ne_c_lex,
784 4403 887 4476 nec
910 4389 1144 4476 gravitas
1180 4389 1549 4476 permittebat,
1599 4388 1715 4449 οὔτε
1763 4391 1969 4468 νόμιμον
2017 4390 2096 4466 ἦν,

2233 4400 2252 4454 ι
2282 4401 2685 4476 sponsaliorum
2714 4409 2958 4476 tempore
2988 4415 3122 4459 vero
3149 4400 3215 4457 ad
3230 4400 3612 4459 deductionem
3633 4418 3815 4476 usque

503 4469 590 4521 atati.
614 4464 725 4554 ira:
750 4471 823 4535 τῷ
842 4465 1110 4540 πράγματι
1141 4466 1199 4519 τὸ
1226 4464 1410 4534 σεμνὸν
1440 4464 1496 4517 οὐ
1524 4474 1744 4554 προσῆν.

584 4546 604 4554 ..
682 4543 757 4554 --Α
780 4551 788 4554 -
828 4534 1011 4554 r3---____
1079 4533 1254 4554 Ι--.,1.ε
1285 4542 1436 4554 --.μ-,ι

580 4546 607 4571 ἰ
634 4533 1033 4611 ΡΣΟξοξΕίζτιιιςτ
1070 4533 1259 4589 Jacobi
1285 4542 1444 4611 vocat
1489 4533 1611 4611 τοῦς
1660 4536 1983 4611 χηρεύογτοις
2004 4545 2094 4593 τοῦ

500 4607 629 4681 λαῷ
654 4604 855 4681 Ερίρὶι.
896 4607 965 4681 ιιι-
1007 4604 1262 4661 Ancorat.
1295 4620 1349 4659 n.
1380 4604 1451 4660 60
1481 4621 1493 4658 ε
1523 4604 1845 4681 χήροῦςάαὶ
1862 4609 2096 4680 ἀγάμους

504 4677 614 4751 sea:
638 4677 862 4751 gazam
885 4677 1059 4751 φύλην.

577 4748 605 4787 δ
637 4746 1079 4817 Expressumex
1126 4760 1194 4802 eo
1224 4746 1368 4817 quod
1408 4754 1657 4802 narratur
1700 4746 1857 4803 Num.
1912 4748 1980 4804 l7
2008 4751 2095 4806 cui

501 4818 700 4873 deinde
726 4816 1144 4887 ’superadditum
1176 4816 1255 4872 dc’
1297 4816 1502 4886 Spiritu
1542 4826 1755 4873 sancto.
1810 4819 2092 4877 Columbae

501 4889 685 4957 specie
704 4888 870 4959 virga:
902 4888 1197 4952 insidente,
1222 4890 1509 4943 occasione
1530 4889 1718 4944 Matth.
1753 4905 1832 4953 in,
1862 4893 1949 4947 l6.

577 4968 599 4997 ε
630 4958 824 5026 Epiph.
857 4960 1051 5015 hmrcs.
1072 4973 1144 5025 LI,
1170 4958 1262 5025 10,
1279 4969 1434 5014 vocat
1455 4974 1577 5013 eum
1600 4962 1895 5026 πρεσϐύτην
1918 4963 2066 5026 ὁσγδοή

812 4998 824 5012 .
857 4986 1051 5015 "aurea.
1072 4986 1144 5025 LI,
1170 4986 1262 5025 ιν,
1282 4986 1434 5014 vocat
1455 4986 1577 5013 cum
1600 4986 1895 5026 πρισουτην
1918 4986 2096 5026 οῪοοη·

577 4983 599 4997 ι
630 4983 824 5026 ιπδνψιι.
857 4983 1051 5015 "turea.
1072 4983 1144 5025 LI,
1170 4983 1262 5025 ιυ,
1281 4983 1434 5014 vocat
1455 4983 1577 5013 cum
1600 4983 1895 5037 πρισουτην
1918 4986 1943 5019 o
1981 4983 2092 5026 οοη·

501 5048 659 5084 κοντα
684 5031 807 5085 ἐτῶν
834 5029 990 5084 πλείω
1012 5030 1234 5086 ἑλάσσω.
1262 5029 1432 5085 Verus
1472 5029 1619 5085 Hier.
1664 5032 1756 5087 lib.
1793 5049 1828 5087 ιι
1859 5036 1909 5088 in
1942 4988 2092 5091 ἤδη.

497 5100 650 5176 velut
670 5115 733 5153 ex
748 5097 1099 5176 deliramentis
1119 5102 1547 5176 Apacrypltorum
1570 5104 1867 5176 repetitum,
1891 5106 2092 5176 rejicit,

501 5168 556 5223 id
580 5179 715 5251 est,
742 5169 886 5240 quod
910 5168 1110 5251 Josepb
1136 5168 1336 5227 viduus
1356 5171 1547 5240 fuerit,
1578 5168 1803 5230 et'ﬁlios
1848 5168 2093 5250 ﬁliasque

498 5248 658 5310 alitea
690 5248 1016 5310 susceperit.

569 5306 596 5347 ἀ
643 5306 1101 5392 Ερῇριιζιιωιεετη
1129 5328 1329 5369 Lxxvm
1368 5328 1539 5392 num._
1554 5316 1598 5392 '7_
1614 5318 1805 5392 κλήρων
1836 5322 1908 5379 εἰς
1935 5327 2088 5377 τοῦτο

498 5382 900 5460 ἀναγκαζόντῳη.
952 5382 1185 5460 sortibus
1233 5400 1429 5460 nempe
1473 5384 1541 5440 ad
1586 5382 2043 5460 hoc'cogentibus
2070 5433 2085 5459 ,

494 5451 636 5520 quod
655 5453 850 5521 repetit
873 5454 925 5507 in
956 5452 1231 5508 Ancorato
1260 5471 1315 5509 n.
1341 5454 1429 5509 60.

567 5530 592 5593 εξ
608 5523 720 5577 lloc
739 5534 823 5577 est
843 5524 1189 5593 Sponsalibus
1215 5541 1335 5592 quae
1364 5524 1586 5593 flebant,
1619 5542 1743 5585 cum
1767 5530 2085 5588 solemniri-

493 5595 551 5641 tu
581 5591 633 5665 in
675 5591 945 5648 conventu
967 5594 1152 5661 sponsi
1175 5591 1495 5665 sp’onsa‘que
1524 5591 1740 5655 nemina
1772 5603 1969 5659 tabulis
1998 5606 2088 5659 in-

488 5660 878 5730 scriberentur,
908 5671 966 5719 ut
987 5660 1175 5719 auctor
1205 5660 1304 5723 'est
1341 5660 1498 5724 Philo
1524 5673 1591 5726 de
1615 5671 1829 5747 legibus
1860 5674 2083 5747 special.

2208 4486 2355 4542 mora
2384 4473 2559 4542 aliqua
2589 4474 2815 4529 concedi
2844 4473 3023 4527 solita.

2282 4540 2301 4581 ί
2332 4542 2408 4598 Ita
2441 4540 2637 4614 scripsi
2666 4559 2764 4614 pro
2797 4559 2863 4600 eo
2893 4544 3039 4611 quod
3083 4543 3287 4601 editum
3332 4545 3509 4602 fuerat
3560 4545 3815 4601 collecta-

2201 4613 2333 4680 πρῖε,
2363 4613 2626 4686 intelligit
2667 4613 2820 4669 enim
2877 4614 3135 4686 virgines,
3169 4633 3288 4685 qua:
3319 4616 3509 4686 eodem
3555 4626 3811 4686 tempore

2199 4699 2328 4811 (cina:
2358 4684 2449 4740 illa
2482 4684 2686 4741 luerint
2708 4694 2830 4757 post
2855 4684 3269 4743 ablactationem
3297 4686 3349 4742 in
3378 4684 3683 4759 Templum
3704 4690 3808 4744 ad-

2240 4771 2304 4811 uc
2332 4772 2399 4811 re.

2274 4827 2412 4901 ἕεις
2461 4826 2607 4901 Psal.
2656 4842 2824 4891 Lxxn,
2871 4829 2925 4884 8.
2958 4828 3130 4898 Quem
3181 4829 3445 4901 hymnum
3495 4831 3565 4888 de
3604 4830 3807 4888 Messia

2202 4895 2374 4969 Judzei
2402 4898 2503 4968 ipsi
2535 4898 2987 4969 interpretantur.

2271 4966 2301 5005 ιι
2347 4966 2918 5025 Αηὸειεείιιεεὶηείιει
2978 4970 3157 5027 Serm.
3214 4970 3535 5028 Annnntiat.
3588 4973 3801 5030 Marias.

2200 5039 2579 5103 ὰσυνδυάστως
2608 5042 2970 5166 ἐκνοεόρησεν,
3005 5045 3335 5115 ἀννμφιύτως
3362 5044 3622 5100 ἀπέτεκεν.
3656 5044 3805 5102 Hinc

2200 5112 2445 5166 solemne
2489 5112 2618 5166 illud
2647 5155 2661 5166 .
2760 5114 2871 5166 iraa
2902 5124 3021 5166 ante
3060 5124 3293 5166 partam.
3334 5113 3493 5166 Virao
3517 5115 3570 5166 in
3600 5124 3798 5166 natm-

2197 5112 2445 5167 solemne
2489 5112 2618 5167 illud
2647 5155 2661 5177 ,

2760 5113 2871 5185 ii'go
2902 5124 3021 5169 ante
3059 5113 3293 5183 partam,
3334 5113 3493 5185 Virgo
3517 5115 3570 5167 in
3599 5124 3800 5187 partu,

2206 5178 2369 5253 Virgo
2394 5189 2510 5253 post
2543 5192 2770 5249 partum.

2275 5252 2291 5288 ί
2344 5252 2827 5328 Incipiunt_verba
2878 5254 3447 5328 Pseudo-llieronymi
3496 5270 3672 5327 usque
3723 5259 3801 5315 ad

2195 5323 2465 5377 narranda
2492 5324 2820 5378 accedamus.

2270 5392 2284 5465 _i
2328 5392 2569 5465 Evodius
2587 5395 2732 5465 apud
2760 5394 3120 5465 Nicephorum
3149 5396 3187 5451 1.
3214 5411 3274 5461 ιι,
3304 5410 3354 5452 c.
3388 5399 3445 5454 ὃ.

2266 5461 2397 5545 Ις-ιη
2450 5461 2642 5545 homil.
2695 5461 2975 5545 Athanasii
3032 5470 3103 5529 εἰς
3152 5470 3447 5545 ἀπογραφήν
3491 5477 3589 5545 τῆς
3641 5470 3801 5545 ἁγίας

2190 5539 2409 5610 Μαρίας.
2443 5532 2713 5602 Josephus
2744 5534 3020 5610 inducitur
3045 5532 3486 5610 graviter'super
3521 5542 3627 5595 hoc
3665 5532 3798 5599 emi.

2194 5606 2389 5673 sponsa
2428 5616 2525 5655 sua
2557 5606 2933 5675 expostulans,
2963 5606 3095 5664 toni.
3129 5621 3189 5675 ιι,
3224 5623 3276 5677 p.
3309 5606 3434 5665 650.
3468 5609 3563 5668 Sic
3596 5612 3799 5671 Proto—

2190 5674 2398 5744 Evang.
2431 5673 2639 5729 Jacobi.

2878 5728 2915 5750 ιζ’
2924 5728 2941 5747 ’γ
2948 5728 2998 5751 ἐῷ
