4012 6190
175 214 296 271 505
1261 218 1603 279 EPISTULA
1644 220 1747 279 Lll.
1793 219 1887 279 ΔΙ)
1922 218 2396 281 AUGUSTINUM.
3392 244 3498 303 306

177 339 308 387 tere
356 328 535 399 potuit
562 329 787 403 Joseph.
836 333 969 390 Nam
1011 336 1199 405 sponsi
1246 351 1408 392 more
1456 336 1685 393 liberius
1727 336 1793 393 ad
1818 337 2071 403 Anostri
2111 337 2233 393 Filii
2282 340 2381 396 Dei
2430 344 2764 418 pertineant,
2800 354 3181 422 sequestratim
3227 362 3491 427 exposui-

178 421 464 492 virginem
488 422 783 491 iutroiens,
814 431 871 480 et
910 424 1239 482 familiarius
1278 442 1402 482 cum
1446 441 1509 483 ea
1544 427 1791 499 loquens,
1896 443 2039 483 mus.
2069 427 2172 496 Qui
2198 430 2263 484 ad
2294 432 2566 506 Natalem,
2601 440 2691 508 qui
2716 440 2782 495 ad
2814 421 3055 499 sanctam
3093 421 3483 518 Epiphaniam,

178 514 468 586 gravidam
506 530 631 573 esse
675 518 1058 589 deprehendit.
1099 519 1360 577 IEstuare
1392 521 1574 591 itaque
1610 522 1792 576 animo
1892 519 1947 574 id
1976 530 2092 591 est,
2126 522 2194 577 ad
2228 522 2559 594 baptismum
2591 530 2956 600 Dominicum,
2989 537 3105 594 sive
3136 514 3489 609 apparitionis

175 616 235 664 et
262 608 535 668 ﬂuctuare
564 611 731 681 erepit
759 629 770 665 :
804 614 928 683 quia
959 613 1251 684 ignorabat
1281 613 1411 685 quid
1437 614 1543 670 sibi
1577 614 1793 685 potissi-
1892 610 2067 667 stella:
2094 613 2275 670 diem:
2307 625 2364 672 et
2384 619 2477 688 qui
2510 619 2565 675 in
2593 624 2783 693 quinta
2824 626 2962 681 feria
3006 639 3133 685 ante
3173 608 3480 701 passionem

175 716 336 757 mum
370 711 517 758 esset
565 701 896 761 faciendum.
930 705 1118 777 Neque
1169 708 1313 762 enim
1343 723 1463 763 eam
1503 708 1789 762 traducere
1894 702 2111 761 Domini
2141 727 2153 761 :
2188 718 2242 764 et
2273 711 2364 781 qui
2398 713 2452 767 in
2502 713 2619 783 ipsa
2666 720 2919 787 passione
2952 721 3270 793 Dominica,
3310 730 3397 797 qui
3430 731 3483 785 in

173 794 374 861 voluit,
405 795 736 868 quiajustus
766 809 884 854 erat
914 799 1133 871 (Matth.
1162 816 1216 867 ι,
1247 802 1363 872 19).
1396 801 1585 872 Neque
1615 802 1788 856 furni-
1888 799 2092 867 pascha
2117 801 2560 863 Resurrectionis
2586 810 2759 881 ipsius
2780 814 2995 871 Domini
3019 820 3193 874 nostri
3213 794 3482 895 Redemp-

168 886 410 943 cationis
446 890 760 961 suspicione
786 890 1079 961 infamare,
1108 895 1233 964 quia
1256 893 1395 964 pius.
1424 893 1610 963 itaque
1637 893 1785 965 cogi-
1888 892 2021 945 toris
2046 910 2061 946 :
2084 903 2138 948 et
2158 896 2247 965 qui
2280 897 2333 951 in
2363 898 2703 960 Ascensione
2730 906 2849 976 ejus
2872 908 2924 963 in
2959 911 3127 967 caelos
3159 913 3289 984 :qui
3320 886 3481 972 etiam

169 979 326 1034 tabat
356 980 498 1037 clam
531 981 837 1041 dissolvere
882 986 1227 1057 conjugium,
1260 995 1315 1042 ct
1350 987 1561 1041 occulte
1601 987 1785 1041 dimit-
1883 983 1937 1039 in
1977 987 2231 1043 Adventu
2270 993 2427 1060 ejus:
2470 1005 2529 1050 et
2554 1000 2646 1068 qui
2686 1000 2753 1055 de
2788 1003 2997 1071 judicio
3033 979 3254 1065 futuro:
3296 1020 3351 1065 et
3393 1016 3481 1081 qui

170 1078 295 1128 tere
327 1088 475 1128 eam.
503 1074 631 1130 [ltec
656 1085 837 1132 autem
858 1092 925 1132 eo
951 1082 1245 1148 cogitante,
1273 1093 1401 1133 ecce
1425 1078 1652 1148 angelus
1678 1078 1782 1131 Do-
1880 1076 1949 1131 de
1978 1079 2197 1136 civitate
2219 1092 2443 1155 aeterna,
2477 1088 2528 1143 in
2564 1107 2668 1160 qua
2698 1094 2948 1154 Christus
2977 1100 3237 1158 Dominus
3272 1074 3480 1173 noster,

166 1164 314 1220 mini
346 1166 397 1221 ei
426 1167 678 1237 apparuit
707 1169 763 1222 in
792 1169 1024 1233 somnis,
1054 1169 1283 1225 dicens:
1315 1169 1542 1237 Joscph,
1569 1168 1640 1222 fili
1672 1168 1774 1221 Da-
1878 1178 2100 1225 sanctos
2129 1187 2259 1229 suos
2289 1191 2318 1230 a
2352 1179 2624 1250 principio
2664 1188 2849 1242 mundi
2883 1205 3052 1261 usque
3092 1194 3157 1249 ad
3190 1195 3353 1253 finem
3381 1164 3481 1253 hu;

160 1256 281 1322 vid,
337 1259 453 1313 noli
503 1259 731 1315 timere:
781 1262 888 1316 hoc
931 1272 1038 1328 εει,
1082 1276 1153 1316 ne
1200 1261 1343 1315 velis
1396 1261 1775 1316 fornicationis
1872 1263 1962 1332 jus
2000 1267 2217 1334 saeculi,
2248 1269 2352 1324 sibi
2386 1285 2684 1343 congregat
2723 1294 2909 1336 secum
2942 1256 3376 1357 c-onregnaturos
3420 1294 3474 1350 in

156 1352 538 1421 suspicionem
569 1353 623 1407 in
650 1352 862 1423 virgine
894 1353 1115 1422 habere,
1142 1353 1227 1407 vel
1256 1353 1457 1423 aliquid
1488 1353 1769 1408 sinistrum
1874 1360 2079 1410 mterno
2125 1373 2292 1430 regno
2339 1362 2570 1434 caelesti,
2617 1380 2839 1426 sanctus
2882 1352 3164 1445 Dominus,
3197 1382 3370 1439 trinus
3420 1396 3476 1441 et

156 1444 427 1516 cogitare,
458 1460 633 1516 neque
655 1446 849 1503 timeas
878 1461 995 1501 eam
1021 1447 1074 1501 in
1103 1461 1327 1500 uxorem
1360 1444 1584 1500 ducere.
1615 1445 1770 1513 Quod
1874 1460 2033 1514 unus,
2113 1448 2257 1505 Deus
2327 1464 2569 1512 aeternus
2615 1477 2627 1511 :
2668 1462 2758 1531 qui
2834 1466 3000 1521 etiam
3063 1444 3469 1534 adDominum

155 1539 315 1594 enim
346 1539 402 1594 in
428 1554 492 1595 ea
516 1549 705 1595 natum
731 1547 838 1605 est,
861 1548 919 1595 et
946 1554 1090 1594 nunc
1120 1538 1361 1593 animum
1394 1549 1543 1592 tuum
1575 1537 1724 1608 angit
1749 1552 1765 1592 :
1872 1538 2042 1595 Deum
2066 1542 2464 1613 deprecandum
2488 1549 2541 1605 in
2566 1551 2752 1609 litania
2781 1557 2892 1612 :vel
2916 1561 3052 1627 quia
3076 1565 3468 1631 pmniteutibus

152 1645 269 1686 non
297 1631 560 1698 hominis,
578 1631 673 1688 sed
695 1632 928 1703 Spiritus
949 1631 1122 1685 sancti
1139 1640 1222 1686 est
1240 1645 1397 1701 Opus.
1422 1629 1597 1685 Pariet
1622 1630 1764 1684 enim
1870 1630 2029 1697 psalli
2070 1632 2303 1690 debeant
2334 1654 2346 1689 :
2386 1640 2476 1710 qui
2515 1642 2680 1698 etiam
2726 1646 2779 1700 in
2814 1649 2979 1704 natali
3009 1629 3325 1711 sanctorum
3356 1658 3463 1716 dici

151 1724 405 1779 omnium
454 1724 607 1795 virgo
651 1724 767 1779 sola
806 1724 904 1779 Dei
950 1723 1169 1789 Filium,
1199 1731 1255 1778 et
1297 1723 1515 1778 vocabis
1565 1738 1760 1777 nomen
1794 1722 1842 1783 B
1869 1721 2090 1779 debent.
2123 1724 2364 1786 Caeteros
2388 1748 2520 1789 vero
2546 1736 2788 1805 psalmos
2815 1741 3060 1800 invenies
3094 1746 3187 1817 qui
3220 1752 3465 1820 quotidie

154 1814 279 1885 ejus
322 1815 539 1883 Jesum,
582 1815 634 1870 id
662 1824 764 1881 est,
791 1815 1123 1872 Salvatorem
1150 1834 1163 1867 :
1195 1814 1313 1884 ipse
1361 1814 1501 1869 enim
1553 1814 1762 1869 salvum
1867 1813 2079 1885 legendi
2109 1829 2256 1874 sunt.

152 1908 329 1966 faciet
376 1908 632 1980 populum
672 1923 831 1963 suum
870 1924 898 1962 a
944 1908 1177 1987 peccatis
1208 1922 1417 1963 eorum.
1458 1907 1623 1978 Igitur
1662 1906 1759 1961 ,Ιο-
2045 1906 2247 1973 Omnes
2276 1922 2455 1971 tamen
2482 1918 2675 1988 psalmi
2707 1925 2943 1992 quotidie
2970 1927 3024 1983 in
3054 1938 3166 1987 toto
3194 1948 3336 1991 anno
3363 1953 3461 2008 per

152 2002 291 2072 seph
321 2003 624 2060 secundum
664 2003 841 2072 angeli
872 2010 1200 2073 praeceptum
1232 2000 1497 2071 virginem
1535 2015 1757 2055 uxorem
1860 1998 2106 2055 ordinem
2151 2005 2308 2071 psalli
2362 2020 2607 2077 possunt,
2661 2017 2961 2074 secundum
3012 1998 3458 2086 consuetudin'em

151 2095 309 2152 duxit
339 2114 355 2151 :
380 2112 483 2153 nec
516 2106 693 2153 tamen
717 2096 972 2167 cognovit
992 2110 1135 2163 eam,
1157 2092 1252 2148 sed
1278 2103 1426 2149 caste
1454 2106 1757 2163 procurans
1860 2091 2234 2151 Ecclesiarutn
2266 2107 2323 2153 et
2352 2106 2828 2163 monasteriorum.
2852 2109 2995 2168 Sane
3021 2116 3110 2184 qui
3141 2116 3301 2187 legis,
3328 2136 3462 2176 con-

150 2190 468 2246 custodivit.
525 2188 751 2261 Jamque
804 2203 986 2245 nonus
1033 2205 1063 2243 a
1110 2187 1465 2257 conceptione
1524 2187 1756 2242 instabat
1856 2184 2059 2253 sidera,
2093 2189 2217 2259 quia
2250 2208 2389 2248 unus
2437 2197 2675 2265 psalmus
2718 2201 2786 2256 ad
2836 2204 3040 2262 multos
3081 2184 3459 2271 dieswsanctos

153 2282 381 2347 mensis,
410 2296 530 2337 cum
552 2281 778 2352 Joseph,
796 2296 990 2347 uxore,
1015 2294 1138 2336 cum
1158 2280 1282 2335 aliis
1301 2294 1422 2350 qua:
1444 2279 1750 2335 necessaria
1855 2280 2089 2347 pertinet
2114 2300 2133 2355 εὶ
2157 2292 2212 2338 et
2251 2287 2443 2355 psalmi
2490 2288 2601 2345 Deo
2646 2294 3021 2365 multipliciter
3062 2299 3333 2359 iterantur
3360 2322 3457 2376 per

153 2383 313 2431 erant
336 2384 638 2446 assumpta,
662 2375 980 2433 Bethlehem
999 2374 1275 2429 civitatem
1298 2371 1441 2427 unde
1474 2372 1589 2442 ipse
1610 2380 1751 2467 erat,
1852 2371 2094 2444 singulos
2124 2376 2265 2432 dies.
2295 2377 2430 2435 Nam
2457 2390 2542 2437 est
2561 2384 2807 2454 psalmus
2830 2389 2924 2458 qui
2947 2390 3148 2462 ubique
3179 2396 3334 2464 psalli
3358 2371 3455 2467 pc-

154 2467 402 2524 tetendit.
432 2468 654 2525 Factum
684 2479 769 2525 est
807 2476 993 2524 autem
1031 2481 1154 2522 cum
1196 2474 1379 2522 essent
1417 2464 1516 2532 ibi,
1544 2462 1751 2533 impleti
1853 2472 1979 2519 test.
2030 2468 2138 2524 Alii
2195 2470 2390 2526 iterum
2445 2484 2592 2542 sunt,
2627 2478 2722 2547 qui
2750 2480 2817 2535 ad
2864 2484 3025 2539 unius
3073 2462 3194 2543 diei
3223 2462 3450 2559 figuram

152 2568 278 2615 sunt
300 2559 418 2615 dies
451 2568 509 2615 ut
533 2570 788 2630 pareret:
822 2569 876 2617 et
907 2559 1115 2630 peperit
1153 2557 1320 2613 filium
1350 2572 1505 2611 suum
1540 2556 1745 2652 primo-
1850 2559 2127 2627 pertinent
2157 2580 2170 2616 :
2205 2576 2574 2635 appensantes
2603 2585 2735 2627 vero
2771 2575 2949 2642 qualis
2978 2593 3228 2646 persona:
3256 2556 3445 2652 fieret,

152 2651 415 2720 genitum,
446 2651 587 2707 sicut
618 2652 788 2707 sancti
818 2650 1165 2723 evangelista:
1191 2649 1513 2715 docuerunt,
1557 2638 1743 2701 Domi-
1850 2658 2028 2707 utrum
2075 2654 2363 2727 religiosae,
2397 2673 2466 2714 an
2511 2660 2682 2718 laicae.
2736 2638 2815 2721 De
2859 2638 3085 2736 psalmis
3131 2674 3224 2742 qui
3256 2638 3444 2745 quinta

152 2757 277 2798 num
303 2751 551 2799 nostrum
593 2743 778 2800 Jesum
800 2741 1075 2799 Christum
1099 2740 1251 2813 (Luc.
1274 2756 1351 2807 xi,
1379 2740 1472 2809 6):
1503 2738 1740 2810 quicum
1846 2741 1980 2799 feria
2014 2757 2139 2801 ante
2179 2750 2486 2817 passionem
2508 2798 2523 2822 ,
2556 2764 2647 2809 aut
2686 2758 2777 2827 qui
2824 2758 2878 2813 in
2908 2761 3023 2831 ipsa
3058 2738 3307 2833 passione
3341 2770 3445 2825 Do-

153 2834 329 2903 Patre,
359 2842 416 2892 et
437 2836 597 2905 Filio,
625 2846 681 2892 et
707 2836 910 2907 Spiritu
940 2844 1129 2891 sancto
1149 2833 1286 2889 vivit
1306 2841 1363 2889 et
1384 2840 1572 2903 regnat
1599 2832 1740 2887 Deus
1843 2836 1976 2891 mini
2006 2837 2296 2898 dicuntur:
2334 2855 2497 2916 atque
2538 2850 2592 2903 in
2632 2851 2840 2907 natales
2882 2832 3193 2913 sanctorum
3244 2861 3444 2919 exinde

151 2944 243 3001 per
272 2931 454 2988 omnia
480 2932 679 2989 sarcula
710 2932 1056 2989 sreculorum.
1842 2923 2078 2999 eligendi
2105 2942 2232 2988 sunt
2256 2937 2450 3006 psalmi
2480 2957 2494 2995 :
2526 2941 2595 2995 ita
2617 2944 2781 2999 etiam
2804 2938 2871 3003 de
2892 2951 3120 3007 canticis
3146 2955 3442 3025 prepheta-

262 3087 579 3145 MONITUM
618 3087 685 3143 IN
724 3083 1119 3143 EPISTOLAM
1156 3079 1602 3150 SEQUENTEM.

1839 3033 1959 3074 rum
2006 3020 2256 3094 fecimus,
2282 3036 2341 3082 ut
2380 3045 2491 3087 non
2532 3032 2583 3088 in
2617 3035 2815 3093 diebus
2856 3020 3181 3111 supradictis
3212 3020 3439 3106 confuse

1839 3112 2175 3208 psallantur:
2204 3119 2299 3175 sed
2320 3122 2412 3192 qui
2442 3122 2496 3178 in
2518 3140 2629 3196 quo
2650 3127 2738 3184 die
2762 3128 2870 3185 dici
2898 3132 3154 3202 debeant,
3178 3138 3271 3207 qui
3300 3139 3437 3208 legis

211 3221 527 3294 Sequiorum
558 3222 720 3277 multo
752 3232 1038 3292 temporum
1078 3226 1340 3272 auctorem
1378 3224 1512 3294 totus
1541 3215 1733 3294 oratio-

1837 3218 2105 3262 invenies.

144 3295 219 3382 nis
252 3287 517 3382 contextus
549 3287 1725 3382 ρζαῃιαξλΕναεηιιςεέ-ιίςηιαζιέξιίχελξιξξζςᾝ
1904 3297 1989 3355 Ad
2019 3301 2253 3372 majores
2274 3319 2473 3376 operas
2500 3310 2737 3379 pertinet
2762 3315 3000 3382 psalmus
3038 3333 3239 3373 uxvtt.
3272 3318 3435 3379 Cate-

142 3366 232 3443 ιιὶι3
337 3365 434 3418 hac
460 3364 704 3443 Epistula
726 3363 1027 3443 Hieronymi
1047 3370 1250 3432 gustus,
1278 3359 1434 3413 immo
1454 3357 1729 3413 barbarum

214 3389 1026 3491 ἕάῖαειαίἑιξέδὲῗέῇ
1047 3389 1250 3472 θαδιιιῇν
1280 3389 1434 3413 """“’
1454 3389 1534 3413 "“'
1549 3389 1629 3413 V‘"
1644 3389 1729 3412 ""‘
1832 3389 2113 3449 chumenis
2136 3407 2188 3451 et
2212 3398 2425 3467 electis,
2441 3417 2593 3457 XXIV.
2610 3403 2715 3459 Per
2736 3405 3030 3477 jejunium,
3060 3423 3171 3477 xu,
3190 3427 3354 3469 xxxiv
3376 3424 3434 3470 et

2229 3451 2233 3452 ν
2657 3451 2704 3459 --
2736 3451 3030 3477 ,.,....._...,
3062 3451 3171 3477 η.-.
3192 3451 3346 3469 --.η
3376 3451 3431 3470 υ.

139 3451 386 3506 σκίααωπ
415 3453 479 3492 ac
508 3451 826 3492 mmmam
853 3451 1009 3503 “pu'
1195 3466 1208 3472 ’
1830 3499 1998 3542 Lxxn.
2031 3486 2110 3543 De
2153 3489 2426 3561 baptismo
2458 3509 2556 3565 per
2594 3496 2803 3552 Pascha
2824 3543 2840 3569 ,
2872 3515 3018 3557 LXIV.
3043 3503 3121 3560 De
3166 3505 3431 3564 lamenta-

690 3573 1026 3632 EPISTOLA
1068 3572 1157 3629 LI.

1829 3577 2002 3649 tione,
2038 3596 2230 3639 cum.
2262 3583 2345 3641 Ad
2382 3591 2801 3648 conventionem
2842 3593 3092 3663 fratrum,
3120 3615 3319 3658 cxxxn.
3345 3604 3429 3660 Ad

517 3710 587 3752 η
624 3709 834 3750 mm“
872 3708 941 3748 ετ
978 3705 1338 3749 “summa”.
1824 3670 2526 3745 benedictionem,cxxxm.
2550 3681 2619 3739 Ut
2640 3683 2830 3742 laudes
2852 3697 2978 3746 ante
3001 3690 3168 3747 Deum
3191 3692 3427 3752 fundan~

1826 3772 1931 3833 tur,
1952 3782 2032 3822 ix.
2063 3768 2130 3825 Ut
2158 3773 2417 3842 poeniteat
2437 3774 2688 3849 homo,r..
2715 3778 2792 3836 De
2820 3782 2922 3837 fixa
2953 3783 3081 3857 fide,
3113 3803 3167 3842 x.
3198 3787 3274 3845 De
3304 3805 3425 3846 mo-

596 3806 675 3862 Dc
702 3808 887 3863 virtute
912 3807 1253 3879 psalmorum.
1827 3806 1931 3833 "‘"
1952 3806 2032 3822 “"
2063 3806 2130 3825 ν’
2158 3806 2417 3842 νυσηησιη
2437 3806 2688 3849 ἰυιυυνιι·
2715 3806 2792 3836 νυ
2820 3806 2922 3837 1'“
2953 3806 3081 3857 καθ’
3113 3806 3167 3842 κο
3198 3806 3274 3845 UO
3304 3806 3420 3846 m0-

1301 3943 1313 3955 .
1563 3943 1574 3955 ο
1674 3943 1685 3955 .
1824 3860 2028 3955 uendo,
2059 3878 2207 3919 cvm.
2242 3864 2313 3921 Ut
2339 3868 2555 3925 oculum
2590 3871 2868 3940 pudicitiae
2896 3891 3116 3948 agas,.t.
3162 3881 3240 3938 De
3280 3883 3420 3955 vigi-

196 3945 236 4001 l.
264 3944 397 4014 Quia
435 3960 544 4014 me,
578 3943 909 4000 dulcissimae
949 3944 1071 3998 filia:
1106 3958 1273 4013 meae,
1299 3943 1353 3999 in
1382 3957 1479 4013 spe
1505 3943 1716 3999 miseri-

132 4037 322 4093 cordia:
354 4038 455 4093 Dei
504 4036 735 4108 petistis,
770 4047 829 4092 ut
857 4036 1012 4092 vobis
1043 4035 1290 4091 diversos
1332 4035 1570 4105 psalmos
1619 4051 1717 4105 per

130 4131 367 4187 ordinem
407 4142 839 4203 sequestrarem,
868 4131 960 4199 qui
991 4129 1082 4185 ubi
1120 4128 1277 4200 psalli
1306 4128 1541 4185 debeant
1572 4145 1588 4183 :
1620 4143 1715 4184 vos

130 4239 341 4295 quoque
367 4240 469 4296 ego
497 4226 626 4297 petii
650 4241 749 4293 pro
785 4239 870 4281 me
896 4223 1191 4295 deprecare
1225 4224 1515 4279 Dominum
1541 4222 1710 4279 Deum

130 4326 392 4384 nostrum,
420 4327 479 4373 ut
514 4318 661 4373 dono
703 4334 801 4374 suo
845 4319 976 4373 mihi
1022 4317 1323 4374 concedere
1368 4317 1708 4389 dignaretur,

131 4424 227 4479 quo
255 4409 463 4480 possim
503 4421 747 4466 sanctam
798 4410 1113 4481 petitionem
1147 4422 1382 4465 vestram
1427 4412 1701 4482 arripere,

1823 3951 1911 4008 liis
1938 3954 1990 4009 in
2012 3956 2295 4026 grabbato,
2324 3976 2392 4015 vt.
2433 3962 2509 4019 De
2524 3963 2757 4034 justitia,
2789 3984 2899 4024 xxv.
2931 3970 3008 4026 De
3037 3971 3265 4029 honesta
3294 3951 3420 4031 ora-

1820 4043 1988 4113 tione,
2021 4063 2220 4106 Lxxxv.
2236 4050 2314 4106 De
2338 4056 2721 4113 communione
2747 4073 2868 4115 cum
2898 4063 3151 4119 omnibus
3181 4064 3419 4122 homini-

1817 4133 1942 4202 bus,
1972 4138 2059 4193 vel
2090 4142 2438 4212 pauperibus,
2468 4163 2560 4203 ιι..
2603 4148 2681 4205 De
2711 4150 2885 4206 Natali
2920 4153 3154 4221 Domini,
3202 4171 3310 4211 cur.
3338 4159 3413 4213 De

1817 4223 2105 4295 Trinitate,
2140 4239 2327 4288 utnon
2353 4234 2608 4292 timeatur
2637 4239 2821 4307 homo,
2845 4258 2919 4299 IX.
2951 4241 3029 4300 De
3058 4244 3271 4300 insidiis
3300 4245 3414 4301 lue-

1814 4332 2128 4387 resum,m.
2181 4322 2261 4380 De
2304 4329 2581 4385 monendo
2624 4333 3049 4402 proximum,1v.
3095 4336 3171 4392 De
3214 4351 3313 4407 spe
3354 4339 3408 4393 in

1813 4409 2005 4478 Deum,
2031 4431 2162 4470 χχιι.
2187 4416 2263 4473 Dc
2284 4421 2626 4489 credulitate,
2648 4442 2706 4480 ι.
2724 4426 2801 4483 De
2818 4427 3067 4485 oratione
3093 4427 3143 4483 in
3163 4428 3404 4497 homine,

130 4500 209 4555 vel
238 4500 361 4571 ipso
393 4503 635 4557 donante
665 4503 941 4574 complere
970 4518 985 4557 :
1032 4502 1085 4557 in
1132 4502 1287 4589 cujus
1332 4505 1705 4562 misericordia
1735 4493 1789 4554 D
1814 4505 2277 4566 xxx.Benedictio
2296 4527 2460 4584 super
2490 4518 2783 4587 principes,
2818 4536 2908 4574 xx.
2928 4521 3002 4577 De
3022 4535 3213 4577 amore
3244 4522 3401 4593 legis,

131 4606 343 4659 sperans
374 4592 563 4665 (prout
606 4593 865 4649 Dominus
900 4576 1200 4650 concedere
1231 4594 1484 4666 dignatus
1511 4606 1595 4653 est
1626 4596 1709 4652 iu-

132 4685 391 4741 tellectum
416 4685 709 4742 humilitati
735 4685 894 4757 mem)
921 4701 1144 4742 necesse
1171 4686 1334 4743 habui
1363 4696 1473 4745 tam
1503 4700 1706 4745 sancta:

129 4777 359 4845 petitioni
390 4786 612 4848 vestrae,
647 4794 745 4850 pro
774 4779 970 4835 affectu
1006 4780 1219 4834 Domini
1251 4782 1424 4836 nostri
1458 4782 1700 4841 obedire.

127 4867 222 4924 Pro
240 4885 345 4940 quo
393 4886 564 4942 opere
610 4872 655 4927 si
697 4871 854 4928 nobis
894 4872 1065 4945 gratia
1111 4872 1276 4928 fuerit
1316 4873 1525 4945 integre
1573 4878 1705 4934 assi-

128 4974 293 5030 gnata,
319 4962 387 5020 de
415 4964 676 5021 omnibus
697 4980 1052 5037 quaecumque
1092 4964 1235 5021 dicta
1266 4976 1428 5034 sunt,
1460 4968 1563 5038 ipsi
1595 4970 1699 5026 Do-

125 5055 257 5112 mino
273 5067 461 5114 nostro
479 5058 843 5130 omnipotenti
868 5073 967 5130 pro
989 5058 1297 5115 humilitate
1318 5073 1433 5116 mea
1455 5072 1696 5128 orantes,

124 5148 302 5217 gratias
327 5152 534 5209 referte
560 5170 572 5207 :
603 5152 697 5223 qui
723 5152 891 5209 etiam
918 5153 1086 5210 asina:
1116 5153 1264 5226 loqui
1295 5155 1551 5226 praecepit
1577 5170 1698 5227 quae

125 5238 229 5310 ipse
255 5242 513 5301 Dominus
544 5244 736 5299 voluit.

187 5332 242 5391 ll.
267 5337 420 5395 Licet
445 5336 600 5395 enim
629 5337 871 5395 universi
898 5339 1115 5410 psalmi,
1140 5339 1229 5411 qui
1260 5341 1559 5413 requisitus
1578 5343 1697 5400 fue-

122 5422 204 5498 rit,
239 5428 370 5502 legis
397 5430 611 5486 divinae
648 5430 1046 5501 propemodum
1079 5434 1262 5488 omnia
1304 5433 1536 5490 habeant
1568 5454 1581 5490 :
1616 5444 1696 5490 ta-

120 5532 216 5580 men
243 5525 490 5582 donante
525 5523 662 5590 Deo,
692 5534 747 5578 et
773 5524 1009 5581 Domino
1035 5527 1165 5584 Jesn
1201 5526 1443 5600 Christo,
1485 5543 1541 5589 et
1572 5533 1695 5605 Spi-

117 5618 195 5677 ritu
233 5630 428 5679 sancto
482 5618 543 5676 in
594 5618 942 5676 confessione
988 5620 1298 5691 Trinitatis,
1351 5626 1445 5696 qui
1499 5628 1692 5697 psalmi

117 5717 304 5791 praprie
330 5715 403 5774 ad
438 5711 700 5789 singulos
726 5712 843 5774 dies
872 5713 1101 5774 feriatos
1138 5715 1353 5780 Domini
1390 5719 1693 5780 Saivatoris

1810 4610 1957 4651 xxvi.
1990 4598 2069 4654 De
2097 4601 2447 4661 tribulatione
2470 4608 2835 4676 inimicorum,
2877 4627 3002 4667 xxv.
3030 4612 3102 4669 Ut
3145 4622 3402 4670 creatura

1810 4698 2116 4749 creatorem
2161 4694 2365 4762 laudet,
2422 4713 2515 4753 cu.
2540 4699 2617 4755 De
2662 4704 2952 4775 martyrio,
2979 4721 3105 4762 xuv
3130 4715 3187 4762 et
3227 4723 3281 4763 ι.
3321 4708 3400 4763 De

1808 4787 2268 4855 persecutoribus,
2303 4804 2510 4846 Lxxxn.
2542 4792 2675 4847 Dum
2714 4794 2885 4852 intras
2912 4797 2979 4854 ad
3003 4798 3357 4871 alienigenam
3380 4844 3395 4867 ,

1808 4889 1995 4929 mn.
2022 4878 2209 4932 Oratio
2234 4894 2401 4950 super
2438 4898 2652 4952 agrum,
2676 4901 2899 4944 unm.
2928 4892 3114 4950 Oratio
3149 4895 3401 4955 nocturni

1806 4965 2088 5038 temporis,
2110 4983 2200 5025 xc.
2230 4970 2419 5028 Oratio
2446 4974 2514 5030 ad
2541 4976 2738 5047 altare,
2769 4996 2966 5041 xxxnt.
3237 5052 3248 5059 ,

2354 5140 2692 5203 EPISTOLA
2728 5148 2841 5211 LII.

2374 5296 2443 5337 ΔΙ)
2480 5297 2837 5344 Δυῦυετιιωιι.

1867 5429 2033 5503 (Inter
2067 5433 2120 5483 S.
2146 5432 2422 5503 {Augustini
2462 5441 2693 5503 epistolas
2730 5444 2897 5495 ultima
2943 5446 3152 5499 habetur
3189 5452 3239 5501 in
3275 5452 3395 5502 edit.

1802 5490 2303 5585 ξξξέηεᾱξξξέηρξξ
2320 5490 2612 5585 argumento
2635 5490 3256 5585 'itpjgii's’iinﬂihiiymiis

1803 5554 2335 5640 euigtn‘gie‘rﬁngmzus,
2361 5554 2416 5640 ut
2454 5554 2919 5640 eamstyloliﬁuei,"
2928 5554 3133 5624 iafiiié'tEi’
3144 5554 3399 5640 Tﬁﬁéiii;

1802 5615 2026 5700 magis
2052 5615 2277 5700 editisit
2307 5615 2443 5675 hum.
2477 5615 3219 5700 se),‘sigriiti'éa'xi§_sE"£ri£éioEa
3246 5615 3396 5700 ’ἓῆῖῖ

1800 5676 2199 5763 ἓςεειξιιξιὶὲυίῖᾳ
2207 5685 2527 5763 Δξρξιιιιιοιιιιι
2541 5676 3057 5747 'sev‘é'rﬁimafiioii
3072 5676 3391 5763 Eiaﬁéiei’iﬁii

1801 5738 1926 5789 urbe
1944 5737 2128 5803 Leges,
2143 5737 2385 5807 etqtianto
2402 5750 2559 5815 ipsum
2576 5737 2751 5809 amore
2760 5737 3396 5827 ﬁr’éééiuiit‘ué
