4012 6190
543 272 651 331 507

1047 382 1384 443 εριετοιΑ
1430 392 1456 425 ⁸
1495 378 1629 441 LIII.

623 522 864 566 GCIGONIS
884 504 933 573 ι’,
973 517 1191 559 ιίιυοιιιε
1229 517 1502 559 ελιιτυειλε
1532 515 1738 556 PRIOMS
1771 515 1973 567 QUINTI,
2006 516 2074 556 AD

1005 628 1245 669 ικΑτιιεε
1281 626 1671 669 ουηοιιεκδεε.

768 726 849 781 De
866 727 1209 798 supposititiis
1236 723 1302 780 Β.
1333 724 1642 795 Hieronymi
1671 725 1925 795 epistolis.

558 860 761 919 Amicis
787 869 839 914 et
878 858 1139 913 fratribus
1170 857 1224 913 in
1255 856 1475 912 Christo
1504 855 1909 924 dilectissimis,
1943 856 2148 912 Lazaro

622 932 962 985 Durbonensi
985 930 1173 997 priori,
1195 937 1251 983 et
1276 928 1488 983 caneris
1514 928 1567 982 in
1597 929 1789 983 eadem
1818 943 2009 984 eremo
2035 930 2146 983 Deo

618 1002 1049 1065 famulantibns,
1109 998 1376 1055 Cartusia:
1447 999 1598 1068 prior
1648 1008 1874 1055 vocatus
1930 999 2143 1071 Guigo,

622 1085 881 1128 aeternam
910 1088 937 1123 a
970 1071 1200 1126 Domino
1225 1072 1482 1126 salutem.

620 1228 769 1285 lnter
794 1236 990 1282 czclera
1019 1223 1411 1283 catholicorum
1443 1224 1713 1293 virorum,
1765 1240 1886 1296 quae
1916 1225 1982 1283 ad
2021 1241 2149 1282 eru-

550 1320 811 1376 ditionem
862 1318 1100 1372 iidcliunt
1132 1316 1550 1374 elaboraverunt
1576 1332 1774 1387 opera,
1808 1333 1928 1389 qnze
1961 1330 2146 1374 nostra

548 1429 657 1482 quo
680 1429 765 1477 nte
798 1413 1036 1481 paruitas
1067 1426 1401 1482 Congregare
1433 1411 1644 1467 studuit
1667 1456 1679 1475 ,
1713 1410 1798 1467 vel
1830 1411 2145 1482 emendare,

552 1505 713 1559 etiam
754 1503 1017 1573 epismlas
1057 1502 1117 1557 Β.
1173 1502 1497 1573 lltenoutut,
1549 1513 1816 1575 quotquot
1848 1505 2145 1574 potuimus,

552 1596 935 1666 undecumque
962 1595 1243 1665 qumsitas,
1268 1604 1324 1650 et
1353 1611 1447 1663 pro
1479 1609 1739 1649 concessa
1771 1609 1801 1647 a
1835 1595 1943 1649 Deo
1973 1594 2149 1650 facul-

556 1699 667 1744 tate
694 1733 707 1756 ,
744 1687 1046 1742 mendaciis
1076 1697 1404 1758 expurgatas
1426 1730 1439 1751 ,
1472 1688 1524 1743 in
1556 1705 1721 1743 unum
1761 1687 1966 1757 grande
1992 1689 2150 1743 volu-

1588 268 1647 326 S.
1691 263 2071 324 HIERONYMI
2108 260 2391 325 ορειιωι
2432 258 2795 322 MANTISSA.

3742 266 3847 325 308

2170 384 2225 448 Α
2250 381 2577 453 multiplices.
2624 380 2707 436 Ad
2737 380 2968 446 VlDUAI,
3015 392 3139 451 qua;
3174 379 3256 437 sic
3299 380 3493 453 incipit
3542 399 3560 438 :
3592 383 3845 459 Magneta

2250 477 2533 532 humilitati
2571 486 2764 531 nostra
2806 476 3052 545 ﬁduciam
3098 475 3379 531 scribendi.
3424 478 3505 533 Ad
3548 480 3687 537 thtc
3713 498 3844 547 κει,

2249 570 2363 624 sive
2389 568 2456 623 ad
2488 568 2677 624 FILIAI
2712 568 2938 624 Marmor
2966 611 2980 633 ,
3012 568 3310 640 dupliciter
3340 573 3545 642 quippe
3577 574 3845 631 intrtulata

2248 664 2544 732 reperitur,
2596 663 2884 718 exordium
2928 663 3072 717 ismd
3121 664 3397 732 accipiens
3437 682 3451 720 :
3488 667 3757 734 Quantam
3798 672 3849 725 in

2248 754 2533 810 caelestibus
2562 755 2954 809 beatitudinem.
2987 756 3117 810 ltcm
3159 757 3224 809 de
3258 757 3409 825 lapsu
3440 759 3683 831 virginis,
3734 763 3855 834 sire

2248 852 2314 903 de
2343 850 2642 920 pmnitentia
2672 849 2740 900 ad
2770 848 3056 905 Sussuatl
3086 848 3352 921 (uterque
3379 853 3528 906 enim
3562 854 3753 909 titulus
3792 855 3842 910 iu

2249 940 2483 996 diversis
2524 941 2806 996 codicibus
2836 941 3131 1013 invenitur)
3161 956 3281 1011 qute
3312 952 3420 999 tam
3451 945 3690 1002 diversis
3721 948 3845 1003 titu-

2249 1033 2389 1088 latur
2417 1032 2751 1101 auctoribus,
2785 1041 2847 1087 ut
2870 1048 3060 1088 eorum
3083 1035 3284 1090 nullius
3313 1037 3384 1092 sit
3413 1038 3725 1096 decorauda
3756 1057 3847 1097 ro-

2250 1123 2473 1190 cabulo;
2501 1124 2656 1195 cujus
2697 1124 2799 1180 hoc
2825 1130 2909 1180 est
2940 1124 2992 1179 in
3021 1125 3347 1197 quibusdam
3381 1129 3537 1185 libris
3580 1132 3795 1188 initium
3829 1150 3844 1187 :

2251 1214 2391 1271 Puto
2417 1217 2521 1271 leve
2538 1232 2646 1272 esse
2668 1218 2883 1270 crimen.
2901 1217 2957 1272 ln
2976 1218 3095 1273 aliis
3117 1219 3262 1274 istud
3290 1237 3302 1273 :
3329 1221 3472 1288 Quid
3482 1226 3620 1297 agis,
3636 1228 3853 1281 anime!

2250 1308 2377 1381 quid
2404 1309 2801 1381 cogitationibus
2825 1312 3053 1366 tantum!
3081 1312 3164 1367 Ad
3190 1313 3514 1373 Destnetttuu
3544 1320 3611 1374 de
3639 1334 3723 1375 xu
3755 1322 3855 1375 lec-

2252 1403 2481 1471 toribus,
2514 1418 2542 1457 a
2589 1405 2776 1460 nescio
2804 1420 2915 1476 quo
2947 1406 3001 1460 in
3030 1407 3342 1464 irrisionem
3379 1412 3660 1467 doctorum
3704 1428 3859 1470 enm-

2251 1497 2447 1566 posita.
2479 1495 2558 1551 Ad
2590 1494 2931 1565 Cusuruu,
2964 1500 3043 1554 sic
3075 1500 3363 1571 incipiens,
3407 1501 3601 1559 Veteris
3630 1508 3863 1577 scriptu-

2252 1604 2324 1643 τω
2364 1588 2618 1643 celebrata
2664 1591 2915 1644 sententia
2964 1600 3059 1645 est.
3099 1589 3223 1647 Haec
3252 1596 3395 1665 5|le
3432 1596 3653 1665 quidem
3697 1599 3859 1655 nobi-

2255 1679 2387 1735 liore
2416 1688 2498 1735 est
2530 1681 2773 1749 scripta;
2806 1682 2901 1736 sed
2936 1697 3033 1737 nec
3072 1685 3151 1739 sic
3198 1684 3259 1739 Β.
3305 1684 3637 1760 Hieronymo
3667 1690 3856 1762 digna.

555 1795 679 1835 men
708 1778 1045 1849 redegimus.
1069 1776 1412 1833 Abscidimus
1442 1786 1621 1833 autem
1658 1779 1724 1833 ab
1756 1778 1821 1833 iis
1852 1778 2114 1847 quasdam
2134 1820 2149 1845 ,
2184 1776 2229 1839 Β
2259 1771 2540 1826 Postrema
2564 1782 2669 1839 est.
2704 1772 2782 1825 Ds
2807 1774 3005 1845 origine
3030 1777 3220 1831 animm
3244 1778 3557 1850 disputatio,
3589 1782 3749 1852 quasi
3782 1784 3861 1839 in-

553 1886 691 1941 quas
718 1871 803 1927 vel
830 1887 895 1926 es
922 1870 1157 1925 aliorum
1188 1872 1472 1925 doctorum
1504 1870 1727 1940 scriptis
1746 1913 1760 1938 ,
1798 1871 1882 1925 rel
1910 1886 1973 1926 ex
1998 1871 2146 1943 styli,

555 1963 1069 2032 sententiarumque
1090 1960 1368 2026 distantia,
1399 1959 1555 2016 titulo
1585 1963 1716 2016 lauti
1753 1962 1853 2016 viri
1884 1963 2155 2030 comperi-

555 2070 673 2110 mus
701 2052 954 2124 indignas
990 2071 1001 2109 :
1031 2068 1097 2109 ex
1129 2052 1325 2126 quibus
1372 2052 1460 2109 illa
1494 2062 1575 2108 est
1603 2099 1615 2121 ,
1649 2053 1809 2123 cujus
1838 2062 1922 2109 est
1969 2054 2155 2109 titulus

553 2147 617 2201 ad
651 2146 1069 2210 DEIETHIADBH,
1113 2145 1217 2201 hoc
1246 2145 1449 2200 habens
1483 2146 1697 2199 initium
1724 2163 1736 2199 :
1767 2144 1827 2200 Si
1850 2144 2052 2199 summa
2075 2145 2157 2198 in-

552 2242 705 2311 genio
734 2286 746 2309 ,
782 2241 999 2313 parique
1044 2240 1203 2312 fretus
1243 2240 1477 2294 scientia.
1514 2238 1663 2293 lianc
1692 2240 1893 2310 quippe
1936 2239 1995 2292 Β.
2039 2238 2154 2295 Au-

554 2335 803 2405 gustinus
834 2335 886 2387 itt
920 2348 1087 2405 opere
1112 2342 1305 2389 contra
1336 2333 1613 2401 Pelagium
1646 2332 1711 2385 de
1733 2330 1919 2386 Gratia
1962 2330 2159 2385 Christi

552 2435 601 2480 et
629 2426 693 2481 de
746 2424 971 2480 Peccato
1000 2425 1266 2497 originali,
1314 2423 1557 2493 ejusdem
1601 2422 1803 2494 Pelagii
1850 2437 1972 2477 esse
2000 2421 2153 2490 dicit,

554 2517 803 2590 quaedam
851 2519 1025 2587 ipsius
1070 2529 1090 2557 ε
1136 2519 1304 2571 lrusta
1353 2526 1582 2569 tractatu
1644 2531 1746 2569 suo
1786 2515 2156 2581 interserens,

555 2621 721 2681 atque
752 2610 1103 2679 redarguens.
1150 2608 1287 2663 Huic
1316 2607 1591 2663 adduntur
1619 2617 1673 2663 et
1699 2608 1839 2677 ist-.e,
1872 2608 1939 2662 ad
1970 2608 2160 2664 Tma-

560 2718 671 2758 uuu
699 2705 763 2757 de
786 2713 949 2757 morte
976 2701 1120 2771 ﬁlim,
1159 2702 1315 2771 cujus
1342 2702 1555 2756 initium
1586 2702 1695 2757 tale
1724 2704 1807 2757 est
1839 2701 2157 2756 :Charitatis

560 2802 664 2848 tute
692 2794 887 2862 scripta
936 2792 1160 2864 percepi.
1197 2792 1279 2848 Ad
1315 2793 1579 2849 OCEANUI
1610 2793 1993 2858 consolotaria,
2045 2790 2154 2847 tale

559 2883 769 2938 habens
797 2884 1051 2939 initium:
1086 2882 1415 2938 Diversarum
1447 2886 1747 2956 approbria,
1790 2884 2154 2939 tribulationes

632 3011 656 3040 "
685 3004 842 3074 Edita
901 3003 1133 3074 primum
1186 3011 1270 3074 est
1316 3019 1345 3057 a
1403 3002 1713 3059 Mabillonin
1762 3004 2149 3059 Analectorum

558 3084 695 3129 tom.
730 3071 771 3137 l,
806 3081 861 3129 et
902 3071 962 3129 in
1007 3072 1305 3145 appendice
1345 3089 1569 3144 operum
1603 3074 1662 3131 S.
1709 3074 1996 3130 Bernardi.
2042 3075 2153 3131 Nos

556 3146 667 3201 hac
690 3145 1069 3217 transtulimus
1094 3147 1297 3201 critica:
1326 3145 1666 3217 praefationis
1711 3146 1833 3205 loco
1862 3148 1913 3201 iu
1950 3160 2153 3217 suppa.

554 3217 657 3288 sita
683 3216 906 3271 Hieron.
932 3217 1157 3288 scripta.

625 3285 655 3325 δ
684 3289 888 3342 Auctor
926 3284 1128 3343 saeculo
1157 3286 1482 3343 duodecimo
1526 3284 1645 3343 fere
1690 3286 1869 3342 medio
1918 3287 2147 3343 ﬂoruit:

2257 1874 2341 1921 ter
2369 1863 2429 1918 Β.
2464 1862 2853 1937 Hieronymum
2884 1875 2937 1921 et
2967 1868 3327 1939 Augustinum
3358 1887 3372 1929 :
3402 1873 3494 1927 ubi
3535 1872 3667 1929 licet
3692 1876 3856 1930 multa

2259 1970 2327 2012 ex
2356 1970 2546 2011 eorum
2588 1957 2807 2025 scriptis
2854 1967 3147 2028 ponantur,
3197 1959 3333 2016 falsa
3377 1970 3558 2019 tamen
3587 1974 3719 2020 est:
3749 1974 3858 2020 tum

2260 2050 2381 2117 quia
2413 2047 2625 2119 prmfati
2656 2050 2915 2107 doctores
2944 2067 3241 2125 numquam
3275 2056 3423 2114 inter
3449 2071 3511 2114 se
3539 2062 3861 2127 presenti»

2264 2141 2388 2197 liter
2414 2150 2539 2197 sunt
2560 2143 2726 2198 locuti
2757 2163 2768 2196 :
2800 2153 2911 2199 tum
2942 2147 3069 2217 quia
3090 2149 3283 2204 eadem
3319 2152 3554 2222 quastio
3584 2166 3688 2209 nec
3722 2152 3864 2225 apud

2260 2249 2376 2301 eos,
2422 2251 2522 2291 nec
2550 2236 2691 2306 apud
2720 2250 2951 2294 caeteros
2976 2236 3109 2297 lidei'
3130 2245 3415 2301 catholicas
3443 2255 3745 2303 sectatores
3773 2248 3870 2302 ad-

2260 2328 2365 2383 huc
2395 2342 2569 2397 usque
2592 2330 2766 2399 potuit
2796 2330 3002 2400 liquido
3023 2333 3259 2391 deliniri.
3284 2335 3456 2405 Hujus
3475 2338 3869 2409 disputationis

2260 2418 2370 2473 tale
2422 2421 2693 2487 reperitur
2732 2422 3104 2492 principium:
3161 2416 3291 2480 Cum
3334 2430 3477 2498 apud
3511 2443 3603 2483 vos
3648 2430 3870 2487 omlestis

2257 2509 2548 2580 eloquentia
2578 2512 2841 2580 purissimi
2869 2514 3048 2584 fontis.
3081 2516 3158 2571 Ne
3180 2528 3361 2573 autem
3393 2520 3639 2589 praedicti
3673 2521 3870 2578 docto-

2260 2603 2337 2655 ris
2377 2602 2625 2670 epistola:
2671 2605 2789 2658 sine
2821 2607 3128 2664 rationabili
3168 2623 3330 2664 causa
3384 2612 3527 2681 apud
3579 2614 3873 2683 imperitos

2259 2706 2361 2746 suo
2391 2693 2682 2749 videantur
2711 2710 2941 2754 numero
2978 2702 3233 2769 minutae,
3268 2703 3366 2758 has
3393 2715 3597 2761 nostra:
3626 2708 3874 2775 parvita-

2264 2784 2331 2838 tis
2366 2784 2574 2840 litteras
2602 2790 2655 2842 In
2706 2790 2975 2861 principio
3000 2794 3289 2851 collocate.
3330 2795 3541 2852 Valete.
3572 2797 3737 2854 Orate
3767 2813 3875 2869 pro

2260 2878 2438 2933 nobis.

2256 3012 2317 3058 ut
2354 3001 2529 3077 magis
2558 3002 2858 3077 “ingenium
2886 3003 3157 3077 “hominis
3203 3014 3365 3077 atque
3419 3018 3547 3063 acre
3593 3003 3873 3077 judicium

2259 3076 2507 3145 barbaris
2534 3075 2642 3128 illis
2667 3074 3006 3145 temporibus
3027 3074 3335 3133 admireris.

2326 3143 2351 3182 ἀ
2386 3144 2675 3211 Perperam
2720 3140 2869 3220 apud
2926 3142 3295 3203 Mabillonium
3338 3149 3569 3220 frustra,
3630 3140 3874 3207 fortasse

2255 3231 2544 3287 operarum
2574 3214 2795 3271 mendo.

1636 3711 2204 3776 STRIDONENSIS
2248 3712 2768 3793 PRESBYTER],

904 3851 1997 4022 OPERUM
2141 3824 3491 4025 MANTISSA

2030 4081 2383 4138 CONTINENS

1134 4205 1882 4344 SCRIPTA
1964 4204 3256 4343 SUPPOSITITIA.

1536 4528 1945 4643 PARS
2074 4524 2850 4685 SECUNDA,

1585 4776 1608 4803 ς
1691 4728 2022 4804 SCRIPTA
2064 4727 2292 4801 VARI!
2335 4734 2701 4801 GENERIS.

868 4964 1030 5049 DE
1103 4962 1543 5051 FORMIS
1618 4961 2489 5048 HEBRAICARUM
2561 4964 2591 5005 "
2665 4959 3485 5053 LITTERARUM.

1614 5102 1709 5167 (Ex
1735 5102 1904 5153 codice
1923 5114 2013 5151 ms.
2039 5100 2240 5151 Mediol.
2264 5103 2489 5155 Ambros.
2512 5101 2776 5169 Blblioth.)

605 5293 991 5351 Hebraicarum
1029 5294 1332 5352 litterarum
1354 5294 1541 5350 fama
1563 5294 1683 5351 dure
1710 5302 1837 5350 sunt
1864 5312 1874 5346 :
1905 5307 2010 5348 una
2036 5306 2130 5346 an-
2235 5293 2430 5349 Judaei.
2476 5296 2549 5349 Ea
2578 5296 2645 5352 de
2676 5310 2837 5352 causa
2874 5295 3071 5367 captivi
3106 5296 3229 5351 lacti
3262 5296 3431 5353 Israel
3452 5337 3465 5361 ,
3495 5302 3553 5351 et
3601 5296 3854 5371 Babylo-

530 5391 698 5464 tiqua,
728 5402 836 5459 qua
863 5388 1185 5445 Samaritani
1212 5397 1463 5458 utuntur,
1495 5390 1663 5446 altera
1698 5388 1989 5460 posterior,
2015 5403 2123 5459 qua
2230 5390 2374 5444 niam
2401 5387 2577 5459 ducti,
2600 5390 2761 5461 jussit
2785 5402 2880 5447 rex
2902 5391 3271 5462 Assyriorum,
3309 5406 3377 5447 ne
3405 5390 3633 5447 deserta
3659 5406 3853 5449 rema-

593 5536 617 5565 ⁶
646 5527 721 5584 Ut
761 5526 894 5581 nihil
930 5526 999 5581 sit
1027 5525 1250 5583 dubium
1306 5526 1682 5597 descriptionis
1721 5528 1877 5595 huius
1910 5535 2092 5582 aocttr
2200 5528 2396 5597 publici
2429 5528 2561 5593 iuris
2592 5530 2764 5593 iteret,
2790 5528 2993 5597 quippe
3021 5544 3139 5598 qute
3177 5528 3481 5584 litteraru'u
3520 5528 3837 5586 Πρω-πίσει-

517 5612 652 5667 rem,
684 5598 931 5671 quisquis
958 5598 1045 5654 ille
1074 5600 1253 5671 fuerit,
1290 5599 1599 5671 Hieronymi
1632 5616 1827 5654 nomen
1864 5609 1919 5653 et
1948 5602 2092 5671 cala-
2201 5614 2327 5671 rum
2364 5599 2591 5654 locutam
2636 5609 3019 5670 reprcsentst,
3063 5613 3225 5667 quam
3248 5602 3504 5671 "musci"
3557 5599 3840 5657 hactenus

513 5683 660 5722 mum
690 5667 937 5730 mentiri,
965 5683 995 5721 a
1026 5670 1177 5740 cujus
1207 5670 1420 5739 ingenio
1450 5667 1506 5725 et
1530 5667 1773 5725 dnctriaa
1798 5672 1951 5726 abest
1990 5669 2090 5725 im-
2201 5668 2363 5740 editis
2407 5680 2568 5739 atque
2609 5667 2724 5734 ἱρεὸ
2768 5670 3103 5727 Munmceusi
3135 5672 3277 5740 apul
3342 5669 3833 5730 Montlauconiutn

512 5752 673 5799 manu
706 5744 1002 5808 quantum;
1038 5737 1200 5809 diem
1253 5737 1433 5799 tamen
1482 5740 1601 5799 visa
1649 5741 1767 5813 ipsa
1807 5750 1931 5811 est,
1962 5755 2086 5818 quas
2192 5737 2905 5813 alphabeto'autiquiorem.
2984 5778 3026 5816 .,,
