4012 6190
143 202 245 262 ’509

141 329 461 402 ueretterra
489 337 650 402 supra
670 326 952 402 dictorum
977 370 990 393 ,
1031 330 1286 402 Assyrios
1318 349 1416 400 pro
1455 334 1533 391 eis
1575 336 1728 393 llaili'
1755 340 1810 400 Α

142 400 250 473 tare
280 392 333 447 in
366 392 571 450 locum.
603 398 707 473 Hos
728 392 1055 473 Samaritas,
1090 392 1181 470 qui
1204 412 1258 457 et
1286 392 1475 473 patria:
1499 422 1731 463 consue-

140 463 368 520 tudinem
402 476 644 529 servant,
677 470 852 538 ignem
899 463 1180 539 colentes,
1232 463 1537 532 et'Judaiea
1579 494 1733 533 man-

139 553 274 621 data,
306 555 508 613 Esdras
538 558 695 615 nobis
734 561 877 617 scire
923 562 1146 619 tradidit
1183 567 1401 637 scriptis
1441 568 1577 624 suis.
1620 571 1731 627 llos

138 646 276 715 ipsos
316 647 489 706 Judaei
520 650 822 713 Samaritas
859 656 1134 727 appellant
1179 660 1351 727 patria
1392 659 1605 731 lingua,
1637 663 1732 734 qui

137 737 561 809 interpretantur
588 745 848 801 custodes.
893 746 1029 803 Nam
1052 765 1175 804 cum
1214 766 1312 820 per
1345 752 1532 809 Medos
1556 755 1731 826 Cyrus

133 841 378 902 regnaret
398 833 607 902 Persis,
632 838 874 909 Astyage
898 839 1148 910 deposito
1173 856 1301 913 rege
1324 842 1604 901 Medorum
1628 862 1729 902 avo

131 937 247 1005 suo,
299 933 467 997 atque
506 928 573 983 ad
605 926 802 985 Persas
850 946 1074 1003 regnum
1109 941 1280 989 totum
1334 938 1725 1005 transtulisset,

131 1002 500 1086 captivitatem
536 1035 755 1077 omnem
795 1002 1105 1079 Iudaeorum
1157 1025 1383 1082 dimisit.
1434 1031 1612 1098 Atque
1641 1002 1728 1085 re;

131 1110 289 1175 versi,
319 1109 576 1179 permixti
608 1111 825 1168 luerunt
851 1114 1185 1184 supradictis
1210 1117 1449 1188 Assyriis
1477 1118 1721 1175 Samari-

130 1199 232 1252 tani
263 1241 279 1265 ,
316 1202 411 1271 qui
448 1216 573 1260 esse
604 1203 930 1263 videbantur
981 1206 1174 1262 Judaei.
1229 1207 1463 1278 Propter
1490 1211 1634 1280 quod
1666 1219 1726 1266 ut

129 1301 312 1347 essent
340 1295 578 1364 separati
618 1296 687 1351 ab
714 1298 833 1365 eis,
866 1297 1069 1354 Esdras
1102 1300 1235 1370 legis
1261 1301 1455 1357 doctor
1484 1303 1722 1359 formam

129 1382 284 1438 aliam
317 1384 618 1441 litterarum
647 1387 887 1444 instituit
915 1397 1080 1461 atque
1121 1391 1343 1447 tradidit
1371 1393 1489 1463 eis,
1520 1394 1723 1451 virtute

126 1482 302 1531 tamen
366 1475 675 1534 litterarum
727 1478 918 1537 eadem
968 1494 1215 1552 serrata,
1267 1484 1467 1557 quibus
1526 1486 1723 1544 litteris

126 1565 282 1623 etiam
313 1584 459 1628 nunc
492 1580 721 1629 utuntur
747 1573 946 1630 Judai.

190 1658 334 1720 Sunt
377 1660 541 1735 igitur
591 1663 872 1725 Hebraicaa
920 1666 1141 1739 littera,
1193 1686 1315 1744 qua!
1371 1686 1468 1744 per
1498 1673 1721 1749 Moysen

125 1762 243 1812 sunt
264 1755 489 1815 tradita
508 1756 677 1816 XXII.
709 1758 944 1818 Nomina
972 1772 1099 1820 sunt
1128 1764 1230 1821 ista
1256 1782 1271 1820 :

208 1937 410 2019 Del_eth
602 1946 609 1953 ’
626 1932 806 2019 Glmel
1052 1943 1187 2019 Betis
1428 1948 1603 2019 Aleph

298 2008 345 2064 D
696 2011 741 2069 ο
1101 2015 1144 2072 B
1497 2008 1547 2079 τί

266 2111 331 2201 4
673 2132 741 2230 Ί
1088 2154 1161 2228 ,ι
1458 2140 1553 2222 1

603 210 1011 271 CATOLOGUS
1048 214 1337 274 OPERUM
1376 214 1600 276 FALSE
1639 220 1911 281 SANCTO
1966 224 2382 288 HIERONYMO
2423 233 3005 299 ATTRIBUTORUM.

1754 1726 1803 1788 B

3354 254 3465 310 310

1980 340 2083 426 Elh
2403 348 2497 426 ζτιί
2790 356 2907 412 Vau
3229 370 3311 426 lle

1993 412 2068 466 Ec
2412 420 2452 474 z
2822 428 2859 481 v

2019 524 2076 612 δ’
2351 517 2610 637 -3
2815 540 2900 630 7
3224 576 3317 641 ’τι

1905 679 2106 765 Lamad
2368 690 2519 765 Cgph
2791 695 2917 754 Jotlt
3198 708 3336 765 Tolli

2003 751 2046 806 L
2400 751 2477 817 ci.
2801 751 2916 821 't"
3207 751 3287 833 ‘ii

1918 858 2121 962 ..Σ
2401 874 2483 961 ιι
2793 892 2895 968 :t:
3243 894 3298 979 6

1975 1025 2077 1101 A_it_t
2316 1028 2550 1086 Sameclt
2769 1034 2889 1093 Nuu
3182 1046 3318 1101 Mem

2000 1096 2065 1150 Ei
2413 1101 2452 1155 s
2824 1107 2871 1166 N
3182 1096 3285 1171 "at

2002 1220 2063 1276 ν
2403 1221 2481 1292 3
2804 1228 2871 1299 C
3096 1224 3411 1314 δοκΝ

1976 1363 2083 1441 lies
2387 1367 2491 1441 Cpl’
2766 1372 2910 1431 Sade
3205 1383 3283 1441 Fe

1994 1433 2042 1489 Β
2401 1436 2444 1492 C
2778 1444 2850 1500 'l‘s
3205 1433 3253 1509 ἒ

2353 1707 2507 1767 Thau
2796 1713 2903 1772 Sen

2378 1780 2459 1837 ’rh
2803 1786 2875 1843 Sc

2346 1890 2462 1997 Λ
2770 1918 2891 1980 eu

1911 2023 2233 2085 Scribuntur
2250 2039 2431 2090 autem
2460 2050 2651 2092 versus
2678 2037 2836 2093 nobis
2863 2040 3122 2096 universe
3144 2056 3170 2094 a
3197 2043 3427 2113 dextris,

1831 2132 2069 2189 namque
2106 2119 2173 2175 ad
2215 2122 2493 2181 sinistram
2536 2128 2751 2199 partem
2786 2140 2879 2185 eas
2923 2128 3139 2185 finiunt.
3199 2131 3431 2203 Propter

1831 2208 1976 2281 quod
2004 2221 2056 2267 et
2080 2226 2179 2269 nos
2209 2212 2312 2270 hoc
2334 2214 2524 2272 eodem
2557 2217 2720 2274 modo
2746 2219 2959 2277 litteras
2985 2222 3284 2292 posuimus.

130 2324 3418 2372 -——-———-—————————.__.___________________________

686 2398 1397 2494 CATALOGUS
1473 2410 2269 2520 QUORUMDAM
2345 2423 2856 2512 OPERUM

549 2541 701 2619 Qua:
727 2551 957 2605 veteres
982 2545 1279 2609 nonnulli
1309 2547 1403 2609 vel
1430 2558 1719 2613 auctores
1741 2554 1833 2617 vel
1859 2574 2002 2618 mss.
2034 2559 2214 2622 codd.
2247 2559 2516 2625 laudant
2550 2564 2734 2648 (falso
2767 2569 2995 2650 tamen)

1051 2684 1607 2774 TAMQUAM
1667 2690 1752 2765 Sa
1804 2694 2493 2785 HIEBONYMI.

196 2978 269 3035 υε
313 2982 656 3040 {namque
686 2985 859 3040 οοτάί,
905 2986 1203 3043 prmum,
1242 2985 1412 3043 ιῑδπ,
1445 2982 1722 3044 Laudatur
1746 2970 1793 3031 C
1827 2970 2129 3036 Salmasius
2154 2981 2222 3038 ad
2253 2984 2501 3043 Solinum
2524 3030 2538 3054 ,
2573 2990 2713 3046 alius
2743 3000 2841 3061 est,
2877 2991 3119 3047 histricus
3163 2994 3417 3064 sophista,

140 3071 410 3142 Epistolal
467 3076 729 3133 Ecclesia:
778 3077 1182 3148 Lugdunensis,
1238 3080 1307 3137 de
1361 3080 1717 3151 prmdestina-

140 3165 282 3233 tione,
309 3177 510 3224 contra
536 3177 647 3225 tres
675 3170 948 3239 Epistolas
994 3172 1113 3242 ejus
1144 3173 1418 3238 monachi,
1450 3175 1541 3245 qui
1570 3188 1718 3245 qua:-

138 3261 347 3316 stionem
379 3278 510 3318 eam
559 3276 846 3335 moverat,
878 3275 931 3321 et
979 3265 1178 3323 dicitur
1206 3269 1516 3340 opinionem
1565 3284 1716 3325 suam

139 3353 374 3415 probasse
402 3358 743 3413 auctoritate
773 3358 836 3413 D.
872 3360 1187 3433 Hieronymi
1216 3362 1270 3416 in
1299 3358 1454 3417 Libro
1476 3364 1539 3417 tle
1568 3363 1720 3419 indu-

136 3445 311 3500 rarione
336 3448 523 3502 cordis
557 3447 875 3505 Pharaonis.
907 3453 1122 3523 Scripta
1172 3463 1260 3509 est
1300 3454 1539 3524 Epistola
1570 3456 1714 3512 circa

138 3537 189 3587 Α.
220 3537 367 3593 Dom.
423 3538 562 3605 855,
593 3550 880 3610 exstatque
926 3541 980 3596 in
1012 3542 1070 3599 S.
1108 3543 1322 3598 Patrum
1356 3544 1714 3601 Bibliotheca.

138 3626 312 3685 Laudat
356 3640 415 3687 et
468 3631 725 3688 Rabanus
772 3632 1070 3704 Epistolam
1110 3638 1176 3692 ad
1221 3637 1571 3696 Hincmarum
1611 3638 1717 3695 Re-

137 3734 350 3777 mensem
365 3722 591 3779 editam
607 3738 635 3778 a
653 3724 715 3778 P.
737 3722 1029 3783 Sirmondo
1057 3738 1190 3783 tom.
1210 3726 1277 3795 ll,
1306 3746 1428 3800 pag.
1454 3730 1579 3787 992.
1604 3732 1717 3787 An-

136 3822 229 3865 sam
256 3814 737 3872 comminiscenda
775 3819 929 3887 operi
958 3821 1073 3890 ipse
1097 3821 1313 3876 videtur
1338 3822 1395 3878 S.
1423 3823 1581 3879 Pater
1622 3824 1717 3879 de-

138 3899 262 3957 disse
286 3904 337 3958 iu
361 3905 748 3961 Commentar.
781 3910 836 3964 in
868 3910 1063 3966 Isaiam
1090 3927 1210 3982 cap.
1245 3928 1397 3980 um,
1431 3914 1540 3982 ubi,
1574 3915 1720 3968 Pha-

142 3999 311 4067 raonis,
344 4000 530 4071 inquit
553 4041 567 4064 ,
598 4002 793 4056 dicitur
818 4003 956 4059 Deus
981 4006 1255 4060 indnrasse
1283 4024 1510 4062 cor......
1546 4008 1717 4074 Quam

142 4092 449 4154 qnestionem
482 4092 875 4165 diligentissime
908 4096 1109 4151 Paulus
1140 4097 1384 4151 disseruit
1419 4098 1488 4151 ad
1516 4098 1715 4152 Roma-

144 4194 238 4245 nos,
266 4194 314 4236 et
360 4201 452 4239 nos
500 4185 557 4237 in
586 4184 815 4255 quodam
847 4202 1001 4257 apere
1029 4189 1445 4257 perstrinximus.
1479 4188 1717 4259 Epistula

142 4273 326 4330 scilicet
350 4278 418 4332 ad
453 4270 768 4348 Hedibiam,
801 4288 993 4351 quast.
1024 4280 1114 4337 10.

1821 3084 1968 3139 quem
1992 3075 2059 3127 de
2081 3072 2265 3131 erco
2293 3080 2603 3135 translatum
2625 3082 2688 3137 ab
2730 3080 3072 3155 Hiemnymn,
3106 3094 3155 3138 et
3191 3088 3420 3140 nondum

1821 3163 2036 3231 editum,
2076 3179 2217 3226 vetns
2250 3171 2375 3228 liber
2402 3175 2552 3230 habet
2579 3178 2633 3231 in
2666 3174 2984 3233 Bibliotheca
3013 3177 3297 3233 Timanwa.
3351 3181 3422 3236 Et

1822 3256 1978 3313 Mart.
2009 3260 2241 3331 Opilius,
2276 3265 2479 3333 Hister,
2522 3270 2625 3323 sive
2654 3268 2786 3340 Iste,
2821 3270 3024 3325 zEtItici
3053 3282 3415 3344 cognomento,

1819 3350 2040 3420 scriptor
2063 3357 2486 3427 antiquissimus,
2522 3364 2676 3432 cujus
2716 3362 3148 3435 Cosmagraphica
3180 3381 3205 3418 e
3233 3363 3415 3419 Gnaeo

1820 3442 1882 3495 ab
1914 3443 2235 3517 Hieronymo
2264 3451 2529 3505 saltuatim
2554 3470 2698 3507 tersa
2727 3456 2780 3508 in
2802 3453 3072 3510 Thuanrra
3093 3455 3420 3513 Bibliotheca

1820 3534 2068 3607 Lutetite,
2115 3559 2269 3613 penes
2298 3560 2377 3597 me
2419 3562 2619 3617 quoque
2658 3557 2879 3616 exstant,
2915 3550 3085 3604 littera
3130 3566 3253 3606 sane
3280 3554 3420 3605 anti-

1819 3631 2087 3698 quissima.
2120 3634 2262 3702 Quin
2298 3637 2413 3705 ipsa
2448 3638 2569 3694 libri
2601 3638 2884 3712 inscriptio
2915 3642 2970 3697 in
3002 3643 3205 3713 aliquot
3238 3658 3367 3699 mss.
3396 3663 3410 3699 :

1820 3719 2016 3791 Incipit
2060 3724 2185 3780 liber
2231 3726 2432 3783 zEtltici
2474 3732 2830 3805 philosOphico
2876 3736 3045 3790 editus
3087 3738 3332 3808 oraculo,
3377 3755 3411 3793 α

1821 3813 2144 3887 Hieronymo
2170 3821 2464 3892 presbytero
2502 3824 2815 3881 translatum
2844 3827 2895 3881 in
2926 3830 3171 3895 Latinum
3200 3844 3266 3885 ex
3288 3828 3414 3885 Cos-

1820 3912 2127 3980 mographia
2153 3920 2197 3965 et
2232 3912 2421 3968 Mundi
2449 3918 2727 3986 scriptura.
2758 3916 3119 3975 Nihilosecius
3150 3923 3284 3976 satis
3329 3933 3416 3978 est

1820 4001 1996 4069 ipsum
2021 4003 2255 4059 lustrare
2272 4006 2444 4060 oculis
2467 4007 2729 4075 libellum,
2746 4026 2772 4063 a
2789 4010 3021 4066 Simlero
3048 4013 3322 4082 vulgatum
3339 4030 3411 4069 ex

1820 4094 2121 4151 Pithoeano
2145 4112 2243 4152 ms.
2274 4108 2333 4153 ut
2359 4116 2423 4155 ex
2448 4102 2589 4172 stylo
2612 4112 2984 4173 contextoque
3012 4105 3195 4173 operis
3226 4106 3410 4159 statim

1821 4187 2113 4257 intelligas,
2141 4192 2363 4247 minime
2387 4192 2626 4248 omnium
2658 4194 2829 4249 fuisse
2856 4197 2925 4249 ab
2954 4196 3285 4267 Hieronymo
3308 4194 3413 4249 La-

1826 4282 2037 4337 tinitate
2064 4284 2323 4341 donatum
2351 4302 2364 4343 :
2401 4287 2521 4357 plus
2550 4288 2692 4342 enim
2720 4304 2881 4360 quam
2911 4289 3143 4345 barbare
3179 4290 3414 4359 scriptus

197 4362 270 4419 De
290 4370 746 4439 consanguinitate
768 4372 930 4426 beatae
955 4370 1144 4427 Maria:
1173 4372 1424 4446 Virginis.
1448 4374 1507 4430 in
1530 4373 1717 4431 codice
1747 4367 1799 4428 D
1823 4386 1927 4444 est,
1961 4381 2116 4451 nugis
2137 4390 2196 4436 et
2224 4380 2422 4437 fabulis
2458 4384 2809 4454 ineptissimis
2840 4382 3103 4451 refertus,
3136 4393 3193 4438 et
3234 4382 3416 4453 plera-

145 4474 229 4515 ms.
256 4478 406 4518 num.
434 4462 535 4528 48,
566 4464 923 4523 Bibliotheca:
950 4468 1011 4523 S.
1046 4467 1209 4523 Marci
1237 4465 1609 4524 Venetiarum.

202 4549 271 4607 De
291 4554 454 4611 tribus
480 4556 776 4618 uirtutibus.
794 4557 940 4615 Gitat
961 4559 1159 4614 Petrus
1185 4560 1518 4616 Alialeardns
1544 4561 1722 4617 Theo-

146 4640 280 4713 logiie
298 4646 632 4704 Christiana:
652 4650 749 4709 lib.
771 4666 810 4715 t,
833 4666 901 4707 ex
922 4651 1163 4708 editione
1180 4651 1241 4707 P.
1268 4652 1508 4710 Martene
1521 4663 1655 4710 tom.
1676 4653 1721 4711 Υ

150 4734 528 4797 Monumenlor.
562 4754 688 4814 pag.
723 4744 881 4800 H75.

202 4829 397 4888 Aitlriei
422 4834 777 4905 Alplmbemn
815 4838 880 4890 de
910 4834 1090 4892 (it-tero
1125 4838 1181 4892 in
1224 4837 1469 4893 Latinum
1500 4840 1565 4893 ab
1592 4839 1723 4896 Hie—

149 4935 336 4993 rolgmo
360 4941 691 4982 conversum.
718 4928 931 4985 Laudat
956 4929 1214 4987 Rabanus
1252 4932 1392 4988 libro
1422 4933 1489 4988 de
1532 4933 1724 4989 inven‘

151 5011 272 5069 tione
296 5017 609 5090 linguarum
639 5030 773 5078 tom.
804 5021 865 5077 ιη
891 5036 1119 5092 operum
1151 5037 1205 5094 p.
1232 5024 1370 5092 553,
1404 5031 1565 5080 vetus
1591 5039 1723 5094 quo-

153 5117 239 5171 que
268 5123 366 5164 tns.
418 5126 489 5168 es
522 5111 860 5170 Biblimheca
912 5115 1236 5172 ﬂaminiam
1262 5158 1278 5183 ,
1327 5131 1490 5188 quem
1527 5117 1726 5189 allegat

151 5190 357 5269 (la-gius
385 5204 441 5258 in
470 5204 783 5275 appendiee
821 5206 887 5263 ad
917 5208 1259 5266 Glossarium
1288 5210 1560 5267 Graecam.
1613 5210 1727 5269 Nec

150 5300 261 5345 sane
288 5294 427 5351 alius
456 5297 678 5355 videtur
707 5309 920 5369 auctor,
955 5318 1115 5372 quam
1132 5304 1385 5361 Etlticus
1413 5306 1548 5361 ister
1564 5303 1726 5361 Chri—

150 5383 338 5442 stianus
366 5390 609 5459 scriptor
630 5392 1121 5462 pastConstantini
1150 5397 1219 5452 Μ.
1255 5407 1522 5469 tempora,
1548 5410 1726 5470 neque

151 5472 275 5532 alios
304 5480 455 5535 innui
485 5484 631 5551 ejus,
664 5485 823 5551 liber,
855 5501 1015 5557 quam
1060 5488 1502 5562 Cosmograpttioa
1534 5494 1727 5548 deseri-

152 5564 345 5630 ptieilla
375 5588 500 5643 quae
521 5574 588 5630 ab
611 5576 735 5631 aliis
760 5577 906 5633 Iulio
939 5581 1181 5638 HonOrio
1202 5585 1407 5638 oratori
1440 5586 1729 5641 ascribitur

151 5661 285 5730 ima
306 5671 621 5732 Cassiodori
645 5677 1039 5735 testimonium.
1076 5678 1219 5736 Nam
1246 5674 1522 5752 Αεωίουε,
1554 5682 1730 5755 inquit

1824 4486 1930 4541 que
1954 4473 2137 4527 omnia
2160 4474 2229 4530 de
2257 4475 2531 4532 creatione
2559 4477 2773 4544 mundi,
2803 4476 2871 4532 de
2893 4476 3256 4541 mirabilibus,
3281 4485 3415 4542 etc.,

1823 4564 2003 4635 docet,
2032 4580 2154 4639 qum
2172 4568 2231 4625 8.
2262 4568 2553 4640 lnterpreti
2585 4571 2804 4641 probari
2831 4571 3054 4626 omnino
3075 4585 3181 4624 non
3210 4570 3417 4639 potuis-

1823 4670 1963 4715 sent.
1999 4661 2243 4733 Denique
2274 4678 2342 4718 ne
2386 4661 2591 4719 Etitici
2623 4666 2842 4736 quidem
2880 4674 2963 4719 est
2995 4679 3008 4716 :
3041 4662 3306 4733 siquidem
3340 4666 3418 4735 ip-

1823 4766 1941 4807 sum
1960 4752 2233 4810 xEtniwm
2259 4754 2460 4811 Istrum
2481 4758 2849 4830 philosOphum
2878 4758 2945 4813 de
2974 4758 3193 4813 nomine
3220 4758 3418 4828 saepius

1823 4845 2024 4900 laudat.

1896 4937 2089 5011 Cyclas
2136 4937 2195 4995 S.
2252 4939 2581 5013 Hieronymi.
2618 4941 2675 4998 In
2725 4942 2947 5012 antiquo
2976 4943 3101 4999 cod.
3131 4960 3280 5002 num.
3317 4946 3423 5004 547

1824 5030 2171 5086 bibliomecas
2197 5029 2747 5091 San-Germanensis.

1898 5125 2043 5180 Ordo
2073 5124 2277 5179 vivendi
2296 5136 2593 5181 sanctarum
2619 5129 2899 5201 virginum.
2927 5130 3330 5191 Sententiarum
3355 5149 3424 5190 ex

1826 5216 1992 5271 variis
2018 5215 2333 5289 Hieronymi
2360 5218 2417 5273 in
2446 5233 2566 5274 eam
2595 5234 2711 5275 rem
2752 5222 2973 5293 scriptis
2997 5227 3281 5297 congeries
3304 5225 3425 5281 haec

1828 5317 1913 5364 est
1961 5311 2013 5364 in
2053 5320 2371 5382 perretusto
2403 5324 2507 5367 ms.
2550 5311 2809 5370 Ecclesiae
2848 5319 3063 5373 catlted.
3105 5319 3162 5375 S.
3194 5318 3338 5374 Petri
3368 5318 3427 5373 in

1831 5402 2112 5460 Vaticano.

1902 5495 1980 5549 De
2004 5495 2285 5550 neresibus
2314 5495 2637 5563 ercornm,
2662 5495 2990 5570 Judwornm,
3022 5513 3068 5557 et
3091 5502 3416 5558 Christiano-

1829 5604 1965 5644 rum.
1998 5589 2206 5645 Desinit
2242 5592 2296 5647 in
2332 5592 2633 5649 Tritheitis.
2675 5594 2918 5649 Habetur
2946 5596 3013 5650 ad
3040 5596 3246 5652 calcem
3284 5596 3421 5651 alte-

1831 5684 1943 5742 rius
1992 5697 2094 5740 ms.
2129 5682 2275 5739 Libri
2311 5687 2376 5741 de
2426 5685 2581 5757 gestis
2612 5700 2927 5742 summorum
2964 5688 3309 5761 pontiﬁcum,
3352 5702 3425 5745 ex
