4012 6190
477 168 578 227 δη

1520 165 1579 225 S.
1626 166 2010 225 HIERONYMI
2050 165 2332 225 OPERUM
2370 166 2736 228 MANTISSA.

3677 176 3798 237 512

480 278 674 337 eadem
714 277 773 336 S.
802 279 947 337 Petri
990 279 1338 336 bibliotheca.
1380 278 1517 335 Vide
1547 278 1850 333 Indiculum
1895 278 2075 335 Ha’re-
2102 282 2153 342 Α
2257 281 2666 338 Cammenlarius
2697 284 2757 340 S.
2784 284 3092 360 Hieronymi
3123 289 3189 344 de
3215 290 3534 366 Apocalypsi
3556 295 3794 352 Joannis

484 390 629 439 seon,
659 387 819 443 quem
849 372 1088 443 vulgavit
1114 370 1196 425 Cl.
1229 371 1517 427 Menardus
1548 370 1772 426 Parisiis
1803 370 1967 427 1617.

556 467 677 521 Divi
708 466 1019 536 Hieronymi
1046 464 1111 517 de
1131 465 1313 519 timore
1352 465 1524 519 ultimi
1545 464 1763 537 judicii,
1793 473 1840 517 et
1868 463 2077 535 defectu

487 563 647 633 hujus
677 560 812 614 nitar.
858 556 1049 627 Incipit
1080 572 1095 609 :
1122 554 1256 610 Inde
1285 557 1409 611 satis
1440 558 1612 623 times;
1635 574 1697 609 ne
1734 556 1828 609 illa
1860 556 2079 610 tribula-

486 654 640 707 tionis
673 652 779 716 die,
804 658 912 705 etc.
962 648 1251 704 Tractatus
1277 649 1571 704 maximam
1602 657 1814 720 partem
1844 650 2077 719 conqui-

486 743 605 800 sitis
656 741 780 796 hinc
811 740 939 798 inde
966 740 1285 813 Hieronymi
1332 741 1623 796 sententiis
1659 749 1940 795 constans.
1973 739 2074 795 Ms.

485 835 627 891 liber
655 833 799 905 apud
830 848 917 889 me
940 842 1043 899 est,
1070 848 1171 888 nec
1199 833 1374 888 :etatis
1401 833 1626 901 infimae,
1655 848 1757 887 nec
1784 840 1947 887 notas.

562 926 800 996 Epistola
825 943 930 981 una
962 925 1302 998 Hieronymi,
1335 936 1384 979 et
1426 926 1534 979 alia
1564 923 1830 980 Mansueti
1852 925 2081 995 episwpi

485 1022 552 1075 de
602 1027 795 1074 secreto
845 1017 1233 1074 Incarnationis
1290 1017 1485 1073 Christi
1523 1019 1577 1070 in
1618 1033 1719 1070 uno
1768 1016 1965 1071 codice.
1990 1014 2082 1070 Sic

485 1111 655 1168 habet
716 1110 1124 1167 vetustissimus
1182 1110 1465 1181 catalogus
1522 1108 1786 1164 librorum
1824 1106 2083 1179 praefixus

486 1223 594 1264 ms.
624 1206 889 1263 Vaticano
912 1206 1161 1261 Palatino
1190 1221 1344 1260 num.
1378 1205 1466 1259 57.

556 1300 758 1357 Glassaz
796 1301 1080 1356 secundum
1112 1301 1429 1356 Hebraicam
1477 1299 1737 1354 veritatem
1764 1297 2034 1353 translata:
2056 1314 2087 1351 a

488 1395 791 1466 supradicto
823 1394 1170 1464 Hieronymo.
1201 1393 1279 1447 Ex
1309 1393 1500 1448 eodem
1533 1393 1799 1464 catalogo.

562 1486 842 1556 Expositio
868 1488 1212 1557 psalmorum,
1244 1486 1360 1541 sive
1386 1486 1626 1541 omnium
1649 1527 1665 1552 ,
1692 1484 1809 1541 sive
1833 1499 1904 1541 ex
1936 1493 2091 1556 parte

493 1586 703 1633 tantum
730 1594 745 1632 :
770 1576 1021 1633 Humilia:
1059 1577 1191 1635 item
1236 1578 1289 1632 in
1321 1578 1527 1648 aliquot
1578 1576 1874 1647 Scriptura:
1928 1576 2046 1632 loca
2072 1618 2087 1643 ,

496 1668 699 1740 smpius
720 1678 1013 1726 occurrunt
1034 1670 1086 1725 in
1103 1685 1236 1727 mss.
1260 1686 1397 1742 quos
1418 1684 1729 1737 recensere,
1747 1670 1965 1740 longum
1980 1677 2085 1725 est.

2182 374 2425 444 apostoli.
2458 376 2539 431 Ita
2591 378 2913 435 inscribitur
2943 382 2998 435 in
3031 384 3259 453 antiquo
3295 388 3546 459 catalogo
3577 391 3789 447 Biblio-

2180 467 2358 525 theca:
2389 471 2706 525 monasterii
2736 472 3086 542 Pomposani,
3117 491 3281 546 quem
3314 480 3517 535 saeculo
3547 498 3602 536 χι
3630 483 3788 538 Hen-

2181 559 2319 613 ricus
2364 560 2582 613 clericus
2611 560 2813 616 dicitur
2856 563 3173 620 adornasse.
3225 566 3419 638 Incipit
3468 568 3777 641 :Joannes,

2180 650 2269 721 qui
2308 652 2477 722 gratia
2505 649 2605 706 Dei
2632 653 3026 724 interpretatur,
3077 658 3301 727 ﬁguram
3348 660 3549 716 Christi
3594 668 3779 720 tenuit.

2182 742 2357 797 Etiam
2389 743 2583 799 Latina
2625 747 2805 801 versio
2845 752 3364 807 commentariorum
3411 754 3680 813 Victorini
3726 761 3777 815 in

2183 835 2568 907 Apocalypsim
2622 837 2957 911 Hieronymo
3003 844 3206 912 passim
3261 845 3542 903 tribuitur.
3597 850 3667 904 Et
3714 851 3785 908 de

2186 925 2506 995 praefatione
2548 929 2768 999 quidem
2800 931 2869 984 ad
2898 932 3221 999 Anatolium,
3267 952 3387 1006 qua:
3410 937 3520 995 illis
3546 942 3787 1013 praeﬁgi-

2187 1027 2299 1086 tur,
2329 1019 2580 1077 dubitant
2606 1023 2900 1079 etiamnum
2931 1028 3104 1082 critici
3136 1030 3317 1100 magni
3352 1032 3613 1103 nominis,
3656 1052 3784 1092 num

2190 1109 2578 1183 Hieronymum
2606 1126 2888 1172 auctorem
2919 1117 3134 1175 habeat.

2263 1202 2545 1259 Slavom'ca
2591 1205 2884 1262 Bibliorum
2910 1213 3095 1276 versio,
3128 1221 3265 1268 utet
3294 1214 3628 1283 alphabetum
3659 1220 3788 1277 Sla-

2192 1298 2433 1352 vonicum
2457 1299 2943 1373 Hieronymianum.
2973 1305 3078 1373 Qui
3108 1305 3224 1362 hmc
3241 1308 3572 1382 Hieronymo
3613 1316 3793 1369 ascri-

2193 1399 2449 1460 pserunt,
2484 1408 2669 1449 rerum
2701 1395 3041 1467 Illyricarum
3074 1400 3363 1470 scriptorcs
3384 1411 3439 1457 et
3470 1405 3649 1461 critici
3678 1422 3793 1463 non

2195 1484 2604 1553 contemnendi,
2635 1501 2919 1557 perperam
2962 1490 3255 1547 intellectis
3296 1492 3616 1568 Hieronymi
3668 1513 3797 1554 ver-

2194 1573 2303 1646 bis,
2335 1590 2463 1631 mea:
2494 1576 2687 1651 lingua:
2708 1577 3003 1636 hominibus
3033 1582 3174 1651 dedi,
3205 1583 3522 1643 hallucinati
3553 1599 3705 1645 sunt.

915 1885 1592 1968 ADMONITIO
1667 1872 1827 1967 DE
1902 1882 2759 1993 SUBSEQUENTE
2834 1887 3375 1975 HOMILIA.

574 2042 825 2121 Collectio
857 2044 967 2121 lucc
1004 2042 1375 2121 sententiarum
1420 2051 1523 2121 est,
1565 2042 1931 2121 maximeque:
1958 2041 2025 2121 ad
2068 2042 2225 2111 probe
2246 2044 2637 2121 instituendam
2680 2046 3049 2121 monac/torum
3084 2050 3239 2104 vitam
3284 2061 3552 2121 spectant,
3591 2072 3657 2109 ea:
3681 2057 3808 2112 Hie-

499 2112 971 2195 ronymiﬂepistolis
999 2130 1060 2166 ac
1105 2112 1252 2195 libris
1279 2113 1343 2167 ab
1381 2112 1613 2195 studioso
1634 2116 1881 2195 quopiatit
1908 2113 2181 2167 adornata.
2238 2112 2477 2195 Qecurrit
2499 2131 2561 2195 ea,
2603 2116 2748 2195 nobis
2778 2118 2829 2169 in
2870 2122 3293 2195 perantiquopet
3312 2112 3482 2178 'bona:
3506 2112 3807 2195 cumprimis

500 2182 658 2266 ποιεῖ,
699 2182 949 2267 Vaticano
994 2200 1091 2267 ms.
1113 2184 1330 2267 fodice,
1351 2185 1457 2267 _gtti
1502 2182 1810 2267 numi‘MO,
1840 2195 2159 2264 pawnotatur
2188 2199 2211 2265 ί
2236 2185 2463 2267 υἱδαιμιε⁸
2490 2188 2743 2267 estntanti,
2777 2198 2832 2242 ut
2871 2182 2925 2243 in
2967 2182 3131 2267 lucem
3161 2182 3245 2246 edi
3291 2196 3423 2248 inter
3477 2182 3808 2267 supposititia

500 2256 695 2337 scripta
722 2270 839 2339 eum
864 2253 1077 2337 leyenlt's
1103 2256 1286 2339 fructu
1307 2253 1483 2339 aliqua
1517 2262 1684 2325 posset
1716 2271 1733 2308 :
1763 2253 1988 2307 maxime
2018 2271 2133 2310 cum
2162 2254 2295 2309 viam
2320 2253 2521 2312 munire
2556 2253 2775 2329 Regula:
2828 2261 3215 2319 monachorum
3236 2307 3250 2333 ,
3280 2267 3418 2338 quod
3457 2253 3689 2339 ejusdem
3731 2272 3810 2326 in-

498 2325 641 2397 genii
679 2334 832 2397 atque
861 2325 1021 2381 animi
1049 2325 1180 2398 opus
1213 2334 1309 2394 est,
1352 2325 1607 2392 videatur.

1683 2458 1844 2541 AD
1901 2453 2589 2542 MONACHOS.

575 2596 686 2654 Alii
713 2596 976 2656 festinant
1004 2598 1072 2655 ad
1100 2598 1369 2665 coelestia,
1398 2608 1455 2655 et
1494 2611 1731 2669 superna
1761 2596 2100 2667 desiderant,
2134 2603 2182 2663 Β
2209 2605 2293 2652 est
2314 2596 2500 2653 videre
2518 2596 2765 2654 crebrius
2793 2601 2936 2670 quod
2958 2615 3082 2660 esse
3114 2607 3485 2677 contempsit?
3511 2608 3817 2667 Monachus

503 2693 604 2750 alii
634 2693 871 2750 terrenis
898 2694 1124 2751 facibus
1150 2694 1460 2761 inhiantes,
1490 2693 1731 2749 fomenta
1763 2706 1874 2748 non
1904 2690 2110 2747 habent

504 2786 780 2842 veritatis.
804 2785 866 2841 Si
895 2787 1017 2857 quis
1045 2785 1209 2842 habet
1238 2780 1485 2842 animam
1506 2784 1853 2856 virginalem,
1887 2791 1943 2839 et
1960 2798 2109 2837 ama-

502 2887 595 2935 tor
623 2886 708 2934 est
737 2877 1035 2949 pudicitiae,
1090 2894 1199 2934 non
1228 2878 1391 2933 debet
1435 2877 1805 2933 mediocribus
1837 2889 1959 2931 esse
1980 2889 2109 2930 con-

508 2979 719 3039 tentus,
741 2985 864 3040 qua:
890 2970 1000 3025 cito
1028 2971 1380 3038 exolescunt,
1414 2976 1471 3024 et
1490 2978 1684 3025 exorto
1714 2974 1963 3023 caumate
1986 2980 2109 3022 are-

509 3063 697 3119 iiunt:
746 3062 843 3118 sed
890 3064 1163 3133 perfectas
1213 3063 1448 3117 virtutes
1496 3068 1787 3132 sequatur,
1831 3070 1888 3115 ut
1924 3061 2109 3115 lumen

510 3155 713 3213 habeat
738 3155 1157 3226 sempiternum.
1191 3154 1288 3209 Illa
1318 3152 1633 3208 studeamus
1663 3151 1877 3207 discere
1905 3150 1959 3205 in
2005 3159 2112 3205 ter-

509 3246 630 3315 ris,
678 3259 909 3317 quarum
965 3245 1155 3301 notitia
1227 3251 1544 3314 perseveret
1603 3242 1660 3297 in
1718 3242 1892 3299 ccelis.
1942 3242 2112 3298 Nemo

508 3338 929 3394 renuntiaturus
977 3337 1219 3405 saeculo,
1268 3337 1411 3393 bene
1457 3345 1641 3408 potest
1690 3336 1930 3392 vendere
1988 3352 2113 3406 quae

515 3432 869 3503 contempsit.
926 3430 1205 3487 Christum
1248 3431 1404 3502 sequi
1460 3431 1709 3502 cupiens,
1743 3430 1787 3485 si
1838 3429 2005 3485 habes
2059 3429 2115 3485 in

516 3536 789 3599 potestate
838 3543 957 3584 rem
1013 3537 1185 3595 tuam,
1218 3527 1435 3583 vende:
1464 3528 1511 3582 si
1542 3542 1648 3582 non
1690 3525 1882 3595 habes,
1919 3541 2115 3597 magno

523 3632 694 3697 onere
718 3619 980 3674 liberatus
1005 3635 1085 3675 es.
1120 3618 1318 3675 Totum
1358 3619 1503 3675 enim
1548 3619 1660 3675 Deo
1708 3618 1887 3687 dedit,
1936 3618 2028 3689 qui
2056 3634 2116 3675 se

520 3713 704 3783 ipsum
744 3712 963 3768 obtulit.
997 3711 1182 3767 Facile
1206 3713 1509 3769 contemnit
1535 3712 1735 3779 omnia,
1767 3713 1860 3783 qui
1885 3726 1944 3768 se
1975 3728 2118 3769 sem-

524 3822 627 3877 per
653 3805 859 3876 cogitat
886 3820 1009 3861 esse
1049 3806 1397 3861 moriturum.
1427 3806 1768 3876 Frequenter
1814 3802 2118 3877 impudicos

523 3912 691 3953 senes
722 3908 855 3951 mtas
907 3897 1109 3953 lasciva
1140 3898 1487 3953 condemnat.
1521 3896 1743 3953 Suliitus
1769 3899 1919 3954 calor
1958 3898 2120 3969 longo

2213 2687 2410 2743 habeat
2436 2689 2846 2760 simplicitatem
2876 2694 3167 2763 columbze,
3193 2712 3294 2754 nec
3323 2700 3576 2770 cuiquam
3607 2703 3816 2758 machi-

2214 2788 2375 2836 netur
2401 2781 2557 2838 dolos
2589 2800 2603 2835 :
2635 2784 2836 2840 habeat
2859 2794 2913 2842 et
2940 2790 3214 2859 serpentis
3244 2793 3530 2863 astutiam,
3581 2810 3651 2851 ne
3676 2796 3818 2851 alio-

2215 2887 2336 2928 rum
2363 2874 2742 2945 supplantetur
2773 2878 3018 2947 insidiis,
3053 2884 3174 2953 quia
3210 2900 3319 2939 non
3350 2886 3577 2942 multum
3613 2888 3817 2945 distata

2212 2967 2346 3023 vitio
2376 2968 2463 3025 vel
2505 2969 2759 3040 decipere
2802 2987 2965 3043 posse
2999 2976 3086 3032 vel
3128 2977 3331 3049 decipi.
3380 2979 3682 3038 Monachus
3724 2986 3818 3055 qui

2215 3059 2577 3116 substantiam
2623 3076 2774 3118 suam
2804 3063 3024 3122 Christo
3052 3066 3338 3137 obtulerit,
3370 3082 3560 3127 caveat
3578 3072 3663 3130 'ne
3693 3091 3817 3133 eam

2216 3151 2593 3223 imprudenter
2619 3153 2887 3225 effundat,
2918 3157 2971 3213 id
2986 3166 3093 3228 est,
3126 3176 3194 3216 ne
3224 3177 3340 3217 rem
3371 3179 3673 3235 pauperum
3706 3184 3819 3224 non

2216 3246 2549 3317 pauperibus
2578 3247 2801 3315 tribuat,
2832 3257 2888 3305 et
2916 3252 3215 3307 secundum
3259 3253 3463 3310 dictum
3496 3258 3819 3327 prudentis-

2218 3334 2342 3389 simi
2370 3335 2493 3403 viri,
2543 3337 2845 3393 liberalitas
2880 3339 3208 3398 liberalitate
3235 3355 3439 3414 pereat.
3470 3346 3822 3421 Quicumque

2217 3426 2447 3483 Domino
2500 3429 2717 3485 servire
2762 3433 3028 3503 coeperit,
3085 3450 3275 3491 omnes
3325 3437 3552 3494 insidias
3604 3441 3821 3499 diaboli

2220 3521 2481 3578 observet
2526 3523 2853 3595 diligenter,
2903 3535 2964 3583 ut
2992 3530 3148 3600 quasi
3200 3539 3394 3588 cautus
3445 3542 3502 3589 et
3547 3535 3823 3597 sollicitus

2220 3614 2573 3688 gubernator,
2610 3618 2663 3673 in
2694 3636 2800 3690 quo
2841 3621 3026 3679 littore
3066 3624 3342 3694 pudicitiae
3386 3627 3561 3697 pirata
3589 3632 3684 3699 sit,
3720 3650 3821 3689 no-

2220 3706 2409 3763 verit:
2454 3708 2546 3765 ubi
2590 3708 2894 3784 Charybdis
2945 3724 3001 3770 et
3046 3716 3201 3771 radix
3246 3720 3485 3776 omnium
3538 3724 3816 3782 malorum

2221 3800 2448 3856 avaritia
2481 3817 2496 3854 :
2539 3800 2630 3856 ubi
2660 3802 2841 3875 Scylla
2871 3816 2925 3860 et
2955 3806 3383 3865 obtrectatorum
3410 3825 3596 3869 canes.
3628 3814 3700 3871 Et
3722 3831 3819 3874 co-

2222 3894 2355 3965 gitet
2401 3896 2673 3965 quomodo
2720 3899 3034 3969 frequenter
3091 3901 3147 3957 in
3190 3903 3368 3960 media
3421 3909 3823 3979 tranquillitate

523 3992 694 4047 vincit
730 3978 1006 4063 tempore.
1065 3992 1205 4060 Quia
1256 3992 1413 4048 multi
1464 3992 1557 4048 diu
1614 3992 1847 4048 vivendo
1894 3996 2187 4062 portantc
2221 3985 2420 4055 securi,
2445 3986 2665 4058 Libycis
2688 3988 2942 4044 vitiorum
2970 3992 3213 4061 syrtibus
3230 3978 3821 4070 obruamur,iquanta-

522 4085 709 4141 funera
742 4100 864 4153 sua,
906 4094 960 4141 et
985 4084 1141 4157 quasi
1188 4086 1438 4156 sepulcra
1485 4086 1734 4141 dealbata
1782 4087 1942 4156 plena
1989 4096 2119 4141 sunt

524 4177 741 4232 ossibus
772 4186 1133 4233 mortuorum.
1187 4178 1385 4233 Beatus
1427 4180 1519 4249 qui
1561 4179 1774 4234 divinas
1804 4180 2116 4250 Scripturas

521 4270 741 4341 legens,
791 4270 959 4326 verba
1000 4272 1168 4327 vertit
1216 4272 1269 4328 in
1316 4287 1484 4343 opere
1515 4291 1527 4328 :
1558 4284 1614 4329 et
1643 4274 1843 4329 nudam
1894 4291 2114 4332 crucem

524 4362 702 4423 nudus
744 4376 1001 4434 sequens,
1055 4363 1208 4434 puris
1240 4364 1492 4421 manibus
1519 4374 1573 4420 et
1604 4365 1836 4423 candido
1870 4380 2113 4440 pectore,

520 4472 819 4530 pauperem
850 4470 931 4523 se,
974 4465 1029 4512 et
1056 4457 1274 4528 Spiritu,
1303 4466 1358 4514 et
1383 4458 1576 4529 Opibus
1625 4461 1907 4529 glorietur.
1944 4463 2117 4522 Nemo

520 4561 704 4624 potest
737 4560 795 4609 et
838 4552 1069 4608 virtutes
1114 4554 1279 4608 simul
1330 4562 1385 4609 et
1412 4552 1628 4608 divitias
1676 4554 1977 4624 possidere.
2014 4558 2117 4626 Qui

521 4648 639 4704 vult
658 4661 781 4703 esse
803 4644 1104 4717 perfectus,
1136 4645 1511 4702 multitudines
1532 4645 1836 4715 hominum,
1860 4656 1918 4704 et
1937 4648 2115 4707 officia

524 4741 913 4807 salutationis,
974 4749 1030 4797 et
1083 4741 1331 4796 convivia
1392 4742 1545 4811 quasi
1586 4740 1845 4812 quasdam
1894 4752 2115 4801 catenas

524 4833 698 4904 fugiat
733 4833 1092 4903 voluptatum.
1132 4831 1420 4888 Monachis
1454 4833 1609 4889 cibus
1650 4834 1720 4889 sit
1758 4834 1880 4891 vilis
1908 4844 1967 4891 et
2022 4851 2115 4893 ve-

527 4927 825 4995 spertinus.
858 4925 1019 4983 Olera
1045 4934 1101 4981 et
1130 4926 1424 4997 legumina,
1454 4926 1835 4999 interdumque
1870 4937 1927 4985 et
1954 4929 2118 5001 pisci-

526 5016 681 5071 culos
711 5031 811 5086 pro
831 5018 1062 5072 summis
1089 5016 1253 5073 ducat
1280 5016 1513 5074 deliciis.
1546 5020 1817 5091 Quidquid
1844 5022 1987 5077 enim
2018 5038 2117 5093 per

525 5104 707 5175 gulam
738 5120 848 5161 non
877 5108 1131 5173 sentitur,
1166 5108 1271 5165 hoc
1299 5108 1349 5165 ei
1371 5110 1597 5182 sitquod
1618 5120 1673 5168 et
1694 5113 1851 5185 panis
1878 5124 1934 5170 et
1960 5115 2112 5185 legu-

522 5200 695 5256 mina.
737 5200 1035 5255 Monachus
1064 5200 1379 5272 frequenter
1409 5212 1559 5273 oret,
1594 5214 1670 5276 et,
1694 5206 1834 5263 flexo
1861 5223 2112 5279 corpore,

522 5302 765 5351 mentem
788 5292 857 5349 ad
872 5294 1144 5354 Christum
1169 5298 1360 5368 eriget.
1385 5297 1588 5355 Crebro
1609 5300 1819 5372 vigilet,
1844 5312 1899 5358 et
1924 5312 2115 5362 ventre

2220 4094 2327 4148 que
2358 4090 2625 4137 venenata
2651 4082 2948 4139 animantia
2979 4086 3256 4143 desertum
3303 4090 3464 4160 hujus
3494 4097 3682 4151 saeculi
3716 4114 3821 4152 nu-

2220 4172 2368 4227 triat.
2418 4173 2477 4228 Si
2513 4175 2883 4245 negotiatores
2922 4176 3083 4247 hujus
3121 4181 3308 4237 surculi
3355 4184 3521 4240 multa
3566 4188 3815 4257 pericula

2220 4264 2527 4336 sustinent,
2581 4275 2640 4321 ut
2681 4267 2748 4322 ad
2790 4269 3027 4325 incertas
3067 4274 3386 4341 perveniant
3432 4278 3815 4351 periturasque

2220 4356 2454 4425 divitias,
2487 4368 2541 4415 et
2587 4368 2807 4415 servant
2837 4361 2988 4417 brevi
3017 4372 3265 4435 tempore
3302 4368 3447 4437 quod
3474 4385 3600 4426 cum
3629 4374 3817 4430 multis

2220 4454 2498 4530 periculis,
2516 4468 2640 4514 cum
2664 4452 2981 4512 discrimine
3002 4456 3196 4513 anima:
3214 4466 3271 4515 et
3297 4463 3545 4532 corporis
3575 4467 3815 4534 quaesie-

2221 4557 2351 4606 runt
2382 4564 2396 4606 :
2430 4546 2557 4618 quid
2609 4545 2810 4604 Christi
2850 4551 3175 4619 negotiatori
3219 4551 3526 4611 faciendum
3556 4566 3663 4624 est,
3696 4559 3810 4630 qui,

2218 4640 2453 4699 venditis
2503 4641 2778 4709 omnibus,
2809 4643 3010 4711 quaerit
3037 4643 3494 4713 pretiosissimam
3543 4654 3815 4722 margari-

2220 4743 2329 4790 tam
2371 4750 2385 4787 :
2423 4731 2515 4804 qui
2562 4732 2688 4786 totis
2744 4734 3065 4789 substantia:
3118 4734 3313 4807 opibus
3363 4739 3630 4810 venditis,
3677 4745 3813 4800 emit

2220 4841 2431 4899 agrum,
2482 4825 2538 4880 in
2569 4839 2679 4897 quo
2710 4826 2947 4896 reperiat
3000 4827 3340 4900 thesaurum,
3379 4846 3541 4902 quem
3576 4849 3682 4890 nec
3727 4836 3815 4892 fur

2220 4934 2320 4975 nec
2344 4918 2484 4973 latro
2514 4919 2690 4990 possit
2714 4919 2967 4975 auferre?
2991 4919 3326 4993 Quicumque
3355 4924 3658 4981 monachus
3687 4941 3815 4985 esse

2221 5011 2361 5081 vult,
2396 5026 2503 5067 non
2535 5026 2651 5067 sua:
2679 5012 2857 5083 gentis
2878 5012 3075 5069 habeat
3095 5028 3304 5082 curam,
3334 5030 3443 5071 non
3473 5016 3554 5073 rei
3576 5016 3815 5073 familia-

2220 5104 2321 5173 ris,
2348 5102 2444 5161 sed
2472 5102 2671 5159 animae
2697 5118 2834 5159 sure.
2867 5104 3074 5160 Sordes
3095 5107 3333 5162 vestium
3365 5106 3609 5164 candida:
3652 5124 3814 5167 men-

2221 5200 2291 5256 tis
2338 5199 2539 5255 indicia
2580 5198 2692 5257 sint
2739 5215 2755 5252 :
2804 5197 2928 5252 vilis
2975 5199 3153 5255 tunica
3203 5210 3571 5272 contemptum
3618 5204 3815 5261 saeculi

2220 5296 2432 5369 probet.
2480 5292 2627 5350 Cave
2678 5308 2747 5349 ne
2789 5292 2909 5349 sine
2958 5294 3183 5351 doctore
3228 5295 3559 5366 ingrediaris
3611 5300 3758 5355 viam
3794 5346 3809 5370 ,

520 5403 724 5445 vacuus
753 5402 902 5459 smpe
942 5386 1199 5457 dormiat,
1250 5399 1307 5445 et
1337 5391 1477 5447 inter
1509 5391 1623 5448 hinc
1654 5396 1998 5453 rumusculos
2018 5438 2032 5463 ,
2059 5406 2117 5454 et
2140 5388 2194 5449 D
2218 5405 2378 5465 quam
2410 5401 2703 5456 numquam
2733 5387 3016 5455 ingressus
3041 5403 3123 5454 es.
3156 5396 3211 5442 el
3236 5388 3288 5443 in
3335 5396 3543 5457 Panem
3573 5390 3811 5450 alteram

521 5485 791 5555 gloriosos
812 5488 867 5536 et
890 5477 1171 5549 palpantes
1192 5479 1502 5538 adulatores
1524 5484 1679 5553 quasi
1710 5484 1891 5543 hostes
1915 5488 2106 5560 fugiat.

522 5575 819 5632 Monachus
846 5570 1163 5628 humi'itate
1190 5576 1441 5645 vesnum,
1480 5586 1723 5637 tumente
1751 5583 1954 5651 animo,
2000 5599 2108 5640 non

521 5673 747 5739 appetat
765 5657 1111 5722 saecularium
1131 5669 1404 5727 consortia
1440 5688 1452 5728 :
1483 5670 1710 5731 devitet.
1741 5677 1882 5746 Quid
1902 5679 1953 5738 ei
1974 5694 2111 5752 opus

2218 5480 2504 5541 declinans
2534 5490 2776 5532 errorem
2804 5478 3053 5546 patiaris,
3086 5478 3318 5550 plusque
3344 5488 3437 5535 aut
3466 5482 3652 5541 minus
3695 5503 3813 5545 am-

2220 5574 2373 5632 bules
2416 5583 2579 5640 quam
2611 5581 2837 5625 necesse
2885 5580 2997 5635 est,
3030 5580 3085 5625 et
3115 5585 3346 5629 currens
3391 5572 3658 5648 lasseris,
3718 5593 3813 5638 aut

2222 5682 2430 5733 moram
2459 5665 2708 5728 faciendo
2733 5666 3067 5729 obdormias.
3091 5669 3174 5729 llli
3198 5670 3425 5730 aliorum
3449 5670 3655 5733 debent
3682 5689 3809 5735 esse
