4012 6190
202 164 310 221 515

1402 175 1683 234 llOMlLlA
1721 181 1813 236 AD
1850 183 2248 249 MONACHOS.

3390 203 3497 263 δη

203 276 500 350 doctores,
549 284 642 355 qui
698 286 938 356 speciem
987 287 1426 348 conversationis
1465 304 1585 345 sum
1615 292 1787 347 multo
1818 296 2061 365 Afores,
2112 316 2234 370 qua:
2275 305 2423 374 prius
2450 310 2806 369 salutantium
2856 316 3043 373 turbas
3094 316 3423 387 vomebant,
3456 334 3488 375 a

204 380 453 444 tempore
475 375 806 449 didicerunt,
836 382 924 452 qui
950 381 1190 436 omnium
1220 381 1448 439 fuerunt
1470 384 1703 451 minimi,
1735 394 1795 442 ut

204 468 362 538 primi
390 472 635 529 omnium
667 474 888 531 fierent.
921 475 1071 543 Quos
1099 489 1203 532 nec
1245 477 1480 542 esuries,
1512 492 1618 533 nec
1645 487 1795 533 satu-

202 561 334 618 ritas
366 563 661 635 aliquando
697 568 1001 638 superavit,
1031 570 1123 639 qui
1169 578 1488 639 paupertate
1519 570 1790 637 laetantur,

203 670 429 726 quorum
468 658 710 730 habitus,
742 676 951 731 sermo,
992 662 1197 731 vultus,
1248 665 1515 731 incessus,
1544 664 1793 720 doctrina

200 747 459 805 virtutum
487 760 591 808 est.
618 752 929 823 Rcligiosus
951 755 1095 809 inter
1116 754 1379 811 mulieres
1402 753 1651 811 habitare
1682 770 1793 811 non

197 839 381 907 debet,
430 858 502 900 ne
529 844 620 900 die
645 844 865 913 videat,
912 845 1058 916 Quod
1083 855 1243 902 nocte
1271 848 1493 917 cogitet.
1543 846 1793 904 Monachi

198 934 267 988 sit
318 936 450 1008 vigil
481 952 717 1005 sensus,
775 955 846 996 ne
896 942 1053 997 vanis
1101 942 1525 1011 cogitationibus
1582 952 1785 1012 pateat.

196 1030 356 1084 Amet
407 1030 694 1088 scientiam
721 1033 1151 1105 Scripturarum,
1202 1043 1256 1088 et
1293 1035 1477 1090 carnis
1517 1034 1644 1090 vitia
1677 1051 1785 1091 non

195 1122 422 1180 amabit.
456 1124 758 1181 Monachus
785 1126 936 1181 vivat
986 1127 1041 1180 in
1097 1128 1437 1182 monasterio
1484 1127 1586 1182 sub
1622 1127 1785 1183 unius

194 1211 482 1283 disciplina
513 1217 704 1285 patris,
733 1219 1117 1288 consortioque
1144 1218 1465 1284 multorum,
1490 1228 1551 1274 ut
1575 1221 1646 1275 ab
1675 1222 1783 1277 alio

194 1304 365 1360 discat
393 1307 781 1374 humilitatem,
812 1308 882 1364 ab
911 1309 1020 1364 alio
1050 1310 1395 1379 patientiam.
1430 1310 1583 1366 Unus
1628 1312 1777 1368 enim

192 1395 488 1464 silentium,
510 1398 658 1454 alter
705 1399 903 1456 doceat
930 1400 1430 1457 mansuetudinem.
1461 1402 1581 1458 Non
1611 1402 1782 1460 faciat

191 1489 333 1558 quod
355 1492 469 1547 vult
502 1511 517 1549 :
549 1493 799 1550 comedat
821 1495 967 1566 quod
988 1495 1211 1565 iubetur
1242 1514 1254 1549 :
1285 1495 1483 1553 habeat
1513 1509 1776 1569 quantum

189 1584 457 1652 acceperit
488 1603 501 1639 :
532 1588 717 1657 operis
759 1588 843 1642 sui
890 1603 1055 1665 pensa
1096 1590 1390 1657 persolvat.
1444 1590 1777 1660 Subiiciatur

1895 392 2116 448 miseris
2158 395 2499 456 obsidentur.
2549 403 2722 472 Felix,
2772 407 2862 478 qui
2896 407 2997 464 hoc
3041 412 3291 467 exercitu
3315 412 3487 468 comi-

1896 490 2041 537 tatus
2072 483 2317 543 incedit:
2350 489 2478 547 felix
2510 497 2601 565 qui
2644 496 2840 552 horum
2888 500 3139 558 sordibus
3183 504 3488 563 dealbatur.

1895 572 2078 629 Prima
2128 578 2301 635 virtus
2358 592 2443 637 est
2504 589 2759 643 monachi
2810 600 3164 650 contemnere
3209 596 3485 654 hominum

1886 666 2120 735 iudicia,
2152 679 2208 727 et
2248 687 2463 745 semper
2494 678 2740 749 Apostoli
2783 684 3061 751 recordari
3108 686 3381 742 dicentis:
3416 689 3478 745 Si

1895 759 2069 815 adhuc
2111 764 2409 822 hominibus
2458 771 2663 839 placere
2690 772 2890 843 vellent,
2934 776 3132 832 Christi
3179 794 3353 833 servus
3382 797 3482 835 non

1892 866 2073 906 essem.
2123 854 2383 921 Quamvis
2427 861 2606 917 clarus
2636 863 2811 921 honor
2844 866 3063 923 vilescit
3110 868 3164 923 in
3192 869 3399 935 turbas,
3429 881 3486 926 et

1891 943 2037 1012 apud
2083 945 2259 1002 bonos
2306 950 2455 1005 viros
2499 952 2723 1025 indigna
2770 959 2827 1012 lit
2857 958 2973 1029 ipsa
3005 960 3271 1031 dignitas,
3321 978 3487 1033 quam

1890 1034 2045 1088 multi
2092 1036 2301 1109 indigni
2347 1043 2655 1112 possident.
2703 1047 2857 1105 Unde
2905 1054 3124 1123 egregie
3157 1053 3227 1109 de
3274 1055 3485 1111 Cmsare

1888 1123 2118 1194 Tullius,
2150 1128 2278 1184 dum
2321 1135 2607 1203 quosdam,
2640 1142 2823 1196 ornari
2846 1143 2951 1211 ait,
2980 1144 3185 1211 voluit,
3220 1160 3328 1201 non
3364 1147 3487 1203 illos

1887 1218 2228 1290 houestavit,
2272 1226 2368 1282 sed
2402 1243 2726 1288 ornamenta
2778 1236 2895 1304 ipsa
2944 1239 3205 1308 turpavit.
3260 1240 3489 1310 Semper

1884 1312 2030 1367 enim
2073 1317 2303 1385 grandia
2356 1321 2409 1375 in
2453 1322 2789 1381 audientium
2843 1340 3124 1397 ponuntur
3169 1332 3401 1388 arbitrio
3460 1352 3472 1388 :

1882 1405 2126 1463 sicutest
2152 1407 2318 1465 illud:
2347 1411 2407 1468 Si
2433 1416 2508 1469 vis
2537 1418 2793 1488 perfectus
2818 1437 2961 1488 esse;
2989 1431 3044 1476 et
3064 1423 3193 1478 alibi
3217 1424 3287 1479 de
3309 1440 3481 1480 cunu-

1880 1501 2036 1564 chis:
2067 1504 2169 1570 Qui
2197 1516 2362 1576 potest
2392 1525 2577 1580 capere
2607 1514 2801 1585 capiat.
2824 1514 2949 1570 Ideo
2975 1526 3157 1571 autem
3183 1532 3295 1572 non
3325 1520 3483 1588 poni-

1880 1595 2029 1650 nitur
2056 1599 2373 1667 necessitas,
2404 1610 2462 1657 ut
2492 1604 2745 1674 voluptas
2777 1608 3057 1675 przemium
3082 1619 3473 1682 consequatur.

187 1678 270 1731 cui
298 1692 409 1734 non
440 1679 578 1735 vult.
620 1680 823 1737 Lassus
850 1682 917 1737 ad
962 1691 1192 1737 stratum
1220 1684 1421 1749 veniat,
1464 1684 1776 1740 ambulans-
1806 1688 1855 1749 B
1879 1685 2082 1744 Christi
2117 1691 2382 1760 sapientia
2414 1704 2501 1750 est
2532 1699 2916 1765 sanctificatio,
2964 1678 3293 1773 redemptio.
3324 1704 3472 1759 idem

185 1785 286 1839 que
315 1772 598 1841 dormitet,
628 1775 862 1830 necdum
890 1776 1113 1845 expleto
1140 1790 1333 1831 somno
1358 1790 1582 1847 surgere
1617 1792 1773 1833 com—

184 1864 443 1933 pellatur.
487 1866 688 1921 Passus
719 1866 974 1937 iniuriam
1007 1875 1206 1923 taceat.
1250 1868 1615 1939 Praepositum
1660 1884 1781 1925 mo-

182 1957 411 2011 nasterii
453 1958 663 2023 timeat,
704 1967 765 2014 ut
794 1959 1103 2029 Dominum,
1129 1960 1321 2031 diligat
1368 1968 1431 2016 ut
1456 1970 1773 2032 parentem,

182 2047 368 2102 credat
396 2048 503 2104 sibi
552 2049 655 2105 hoc
679 2064 802 2106 esse
828 2052 1066 2107 salutare
1089 2052 1348 2122 quidquid
1380 2053 1472 2108 ille
1500 2068 1778 2124 praecepe-

183 2142 271 2208 rit,
306 2156 410 2197 nec
439 2144 508 2197 de
539 2142 763 2212 majoris
793 2145 1063 2215 sententia
1080 2146 1316 2215 iudicet,
1348 2146 1505 2217 cuius
1534 2147 1774 2204 officium

184 2242 266 2289 est.
319 2233 548 2290 obedire
605 2245 660 2291 et
708 2236 939 2306 implere
989 2254 1109 2309 qua:
1148 2239 1298 2308 jussa
1351 2248 1496 2295 sunt.
1548 2240 1776 2298 Dicente

184 2323 362 2395 Moyse
392 2342 406 2379 :
438 2326 598 2392 Audi,
632 2326 825 2396 Israel,
852 2338 899 2382 et
926 2338 1059 2383 tace.
1104 2330 1334 2397 Quidam
1366 2332 1689 2402 profitentur
1714 2348 1774 2390 se

184 2417 493 2473 renuntiare
530 2420 793 2476 saaculum
820 2422 1169 2479 vestimentis
1208 2424 1510 2492 dumtaxat,
1540 2433 1598 2483 et
1624 2426 1773 2484 vocis

185 2509 542 2579 professione,
591 2526 701 2567 non
742 2511 906 2568 rebus
939 2530 953 2566 :
982 2513 1076 2582 qui
1104 2513 1241 2570 nihil
1270 2515 1343 2571 de
1383 2516 1612 2586 pristina
1641 2532 1774 2573 eon-

186 2602 490 2658 versatione
532 2612 827 2670 mutantes,
864 2618 956 2661 res
996 2605 1291 2662 familiares
1331 2608 1503 2678 magis
1549 2619 1769 2680 augent,

186 2709 337 2763 quam
365 2696 636 2752 minuant.
669 2696 876 2753 Eadem
908 2698 1209 2755 ministeria
1250 2714 1567 2769 servorum,
1624 2702 1768 2759 idem

186 2794 473 2853 apparatus
516 2786 775 2853 convivii,
802 2798 857 2843 et
898 2789 1039 2844 inter
1063 2790 1271 2858 turbas,
1299 2802 1353 2847 et
1378 2793 1632 2848 examina
1658 2796 1764 2850 mi-

184 2880 479 2932 nistrorum
510 2879 730 2933 nomina
776 2879 879 2934 sibi
911 2881 1192 2936 vindicant
1224 2883 1481 2938 solitarii.
1516 2885 1770 2957 Plerique

185 2969 430 3025 monachi
482 2969 694 3027 artibus
723 2980 779 3028 et
808 2974 1268 3043 negotiationibus
1298 2976 1547 3046 pristinis
1576 2994 1769 3038 carere

1878 1779 2184 1850 redemptio
2212 1792 2269 1837 et
2294 1785 2533 1854 pretium
2569 1788 2818 1847 Christus
2849 1795 3053 1862 omnia,
3081 1805 3136 1849 ut
3166 1796 3260 1865 qui
3293 1798 3474 1853 omnia

1878 1880 2103 1942 propter
2144 1872 2425 1932 Christum
2488 1879 2795 1952 dimiserit,
2846 1901 3012 1940 unum
3070 1886 3313 1943 inveniat
3368 1905 3469 1960 pro

1878 1963 2153 2020 omnibus.
2181 1966 2316 2022 Cum
2340 1968 2656 2039 religionem
2681 1974 2802 2043 quis
2832 1976 3111 2043 professus
3139 1977 3327 2047 fuerit,
3357 1989 3474 2036 stu-

1877 2054 2007 2111 deat
2032 2071 2141 2111 non
2173 2058 2347 2114 solum
2380 2064 2667 2130 pecuniam
2692 2065 2907 2120 Christo
2932 2067 3155 2138 oﬂ‘erre,
3183 2070 3280 2125 sed
3307 2080 3362 2127 et
3387 2085 3475 2128 se-

1878 2150 2195 2220 metipsum.
2225 2153 2298 2207 Et
2317 2153 2564 2210 imitetur
2593 2155 2761 2211 filium
2793 2157 3052 2223 hominis,
3077 2160 3170 2231 qui
3195 2176 3301 2217 non
3324 2165 3475 2219 venit

1877 2242 2203 2310 ministrari,
2234 2244 2333 2300 sed
2364 2246 2701 2302 ministrare.
2734 2247 2960 2305 Corium
2988 2252 3135 2307 enim
3167 2268 3268 2325 pro
3296 2256 3473 2323 corio,

1878 2342 1933 2388 et
1956 2334 2143 2389 omnia
2172 2350 2294 2405 qua:
2322 2337 2567 2406 possidet
2596 2338 2761 2395 homo
2790 2340 2926 2397 dare
2955 2352 3134 2412 potest
3163 2359 3262 2416 pro
3290 2347 3474 2402 anima

1874 2440 1996 2482 sua.
2036 2426 2144 2483 Sed
2174 2437 2354 2500 tange,
2384 2429 2559 2502 inquit
2586 2432 2870 2499 diabolus,
2897 2450 3092 2492 carnes
3121 2436 3258 2508 eius.
3290 2438 3472 2495 Hostis

1876 2520 2132 2591 antiquus
2153 2521 2257 2577 scit
2279 2523 2449 2594 magis
2471 2525 2824 2581 continentiae
2852 2542 3012 2596 quam
3038 2544 3324 2585 munerum
3348 2544 3472 2587 esse

1874 2613 2377 2671 certamen.Facile
2400 2616 2655 2686 abiicitur
2680 2619 2824 2688 quod
2853 2618 3086 2675 habetur
3104 2623 3466 2679 extrinsecus.

1873 2704 2193 2761 lntestinum
2216 2706 2415 2764 bellum
2448 2710 2805 2779 periculosius
2835 2721 2954 2777 est;
2974 2713 3323 2783 coniunctam
3353 2714 3468 2770 dis-

1872 2799 2234 2869 glutinemus,
2268 2800 2475 2857 unitam
2507 2802 2865 2859 dissecemus.
2905 2804 2962 2861 Si
2997 2804 3142 2861 enim
3173 2805 3469 2864 offeramus

1873 2888 2097 2946 Christo
2116 2906 2250 2960 cpes
2280 2908 2399 2947 cum
2430 2893 2611 2948 anima
2640 2905 2855 2961 nostra,
2904 2897 3134 2953 libenter
3179 2898 3465 2970 suscipiet.

1873 2982 1931 3039 Si
1958 2993 2140 3040 autem
2172 3000 2294 3055 qua:
2323 2986 2456 3041 foris
2481 2998 2613 3042 sunt
2643 2988 2789 3055 Deo,
2818 2998 2874 3044 et
2910 3005 3032 3061 qua:
3072 2991 3219 3047 intus
3248 2993 3467 3049 diabolo

186 3076 287 3117 non
342 3073 591 3133 possunt,
634 3080 745 3121 non
772 3066 979 3123 victum
1027 3077 1085 3123 et
1106 3069 1392 3136 vestitum,
1438 3071 1585 3140 quod
1613 3074 1763 3143 Apo-
1791 3074 1839 3137 C
1870 3075 2097 3141 demus,
2139 3092 2247 3132 non
2277 3079 2382 3133 erit
2411 3094 2563 3150 :equa
2591 3081 2770 3150 portio
2799 3098 2812 3134 :
2849 3080 3233 3152 dicereturque
3256 3082 3417 3139 nobis
3447 3102 3461 3138 :

184 3157 354 3212 stolus
395 3160 678 3229 praecepit,
728 3160 825 3216 sed
857 3162 1063 3231 majora
1098 3178 1260 3233 quam
1300 3166 1487 3221 saeculi
1515 3167 1768 3226 homines

185 3250 543 3306 emolumenta
589 3262 899 3322 sectantes,
932 3255 1034 3311 sub
1078 3256 1367 3327 religionis
1407 3260 1566 3316 titulo
1609 3276 1770 3317 exer-

183 3350 300 3396 cent
338 3343 538 3412 injusta
574 3347 929 3413 commercia,
953 3355 1009 3402 et
1039 3347 1218 3418 plenis
1247 3352 1485 3407 saeculis
1516 3355 1765 3410 moriun-

185 3441 262 3488 tur
303 3434 531 3501 divites,
583 3437 674 3507 qui
707 3442 859 3507 quasi
893 3454 1164 3511 pauperes
1194 3442 1469 3498 vixerant.
1504 3445 1606 3513 Qui
1637 3461 1769 3516 pro-

184 3524 335 3582 fieere
364 3529 568 3595 studet,
604 3546 710 3585 non
740 3531 1054 3589 consideret
1104 3535 1233 3603 quid
1264 3537 1391 3592 mali
1419 3537 1510 3592 alii
1540 3540 1763 3607 faciant,

183 3620 266 3675 scd
300 3620 433 3691 quid
483 3622 611 3677 boni
637 3622 730 3677 ille
771 3624 953 3680 facere
990 3626 1209 3682 debeat.
1241 3627 1300 3683 Si
1339 3630 1394 3684 in
1431 3635 1767 3690 monasterio

184 3712 359 3769 vivens
387 3714 625 3772 clericus
648 3732 772 3773 esse
798 3719 1102 3789 desideras,
1131 3722 1205 3778 ita
1238 3734 1291 3780 te
1312 3726 1533 3794 exhibe,
1556 3737 1617 3782 ut
1641 3729 1765 3787 vita:

184 3807 427 3867 meritum
456 3810 833 3881 consequaris.
866 3811 923 3867 ld
937 3822 1039 3880 est,
1073 3824 1132 3870 ut
1159 3815 1585 3875 adolescentiam
1616 3829 1764 3879 tuam

183 3898 314 3952 nulla
349 3898 598 3956 libidinis
626 3903 790 3959 sorde
836 3908 1223 3975 commacules,
1254 3920 1315 3965 ut
1343 3913 1412 3967 ad
1455 3914 1629 3971 altare
1653 3916 1764 3972 Do-

185 3990 322 4057 mini,
373 3993 528 4061 quasi
570 3993 639 4048 de
672 3995 912 4050 thalamo
954 3998 1105 4068 virgo
1136 4002 1421 4071 procedas,
1452 4012 1508 4058 et
1555 4005 1764 4061 habens

181 4081 376 4139 deforis
394 4084 594 4141 bonum
618 4089 1008 4159 testimonium,
1040 4091 1367 4164 feutinaaque
1382 4111 1583 4152 nomen
1612 4109 1760 4155 tuum

184 4179 460 4245 noverint,
517 4180 725 4236 vultum
771 4183 1038 4239 nesciant.
1101 4187 1270 4242 Multo
1316 4196 1564 4261 tempore
1612 4192 1763 4250 disce

184 4270 312 4337 quod
340 4270 567 4339 doceas,
597 4288 697 4329 nec
722 4276 915 4331 credas
942 4277 1318 4336 laudatoribus
1350 4282 1479 4350 tuis,
1512 4285 1678 4341 immo
1707 4287 1760 4341 in

184 4360 440 4419 risoribus
479 4379 665 4421 aurem
717 4383 787 4423 ne
817 4368 1048 4425 libenter
1073 4374 1476 4431 accommodes.
1538 4377 1613 4431 Ita
1654 4379 1756 4434 viri

1871 3167 2066 3224 Nonne
2105 3171 2151 3224 si
2179 3180 2315 3225 recte
2352 3171 2564 3239 oﬁ'eras,
2606 3184 2655 3228 et
2678 3190 2781 3228 non
2805 3182 2940 3229 recte
2966 3175 3191 3240 dividas,
3221 3178 3461 3245 peccasti.

1872 3258 1969 3315 Vir
1998 3261 2195 3317 nobilis
2223 3265 2438 3332 quando
2469 3280 2773 3320 conversus
2804 3266 2994 3330 fuerit,
3034 3280 3139 3321 non
3182 3268 3231 3321 ei
3268 3268 3342 3322 sit
3378 3275 3468 3324 tu-

1869 3354 2076 3421 moris,
2122 3355 2219 3411 sed
2268 3357 2589 3411 humilitatis
2640 3358 2879 3424 occasio,
2928 3359 3106 3413 sciens
3136 3359 3332 3415 Filium
3365 3362 3466 3417 Dei

1868 3445 2068 3501 factum
2114 3461 2237 3501 esse
2283 3447 2451 3501 filium
2496 3447 2775 3503 hominis:
2808 3458 3185 3519 quantumque
3213 3467 3274 3506 se
3318 3451 3468 3520 deie-

1867 3538 2039 3603 cerit,
2073 3537 2329 3592 humilior
2355 3537 2578 3594 Christo
2613 3554 2721 3594 non
2754 3542 2877 3595 erit.
2909 3540 3043 3597 Nam
3069 3542 3172 3598 etsi
3198 3543 3466 3603 incederit

1869 3629 2101 3699 pedibus
2132 3629 2317 3697 nudis,
2349 3638 2405 3684 et
2432 3631 2551 3685 frua
2584 3632 2766 3687 tunica
2795 3633 3079 3703 vestiatur,
3110 3643 3464 3710 :cqueturquc

1867 3721 2221 3791 pauperibus,
2252 3730 2307 3776 et
2335 3722 2557 3792 inopum
2588 3724 2757 3780 cellas
2782 3725 3072 3795 dignanter
3103 3728 3376 3795 introeat,
3408 3742 3464 3789 et

1867 3810 1943 3866 sit
1974 3826 2246 3867 cmcorum
2291 3813 2482 3868 oculus
2503 3855 2518 3880 ,
2552 3830 2746 3869 manus
2775 3815 3061 3886 debilium,
3105 3834 3203 3889 pes
3241 3822 3468 3879 claudo-

1869 3919 1989 3959 rum
2015 3946 2029 3972 ,
2064 3903 2112 3958 si
2156 3904 2274 3974 ipse
2303 3920 2499 3975 aquam
2530 3917 2754 3977 portet,
2788 3908 2932 3978 ligna
2958 3912 3243 3978 concidat,
3281 3915 3462 3971 focum

1867 4006 2143 4063 exstruat,
2167 3996 2258 4052 ubi
2298 4000 2511 4053 vincula
2532 4000 2555 4051 ‘I
2578 4000 2666 4053 ubi
2693 4000 2889 4070 alapze?
2916 4002 3007 4057 ubi
3036 4004 3230 4071 sputa?
3251 4005 3341 4059 ubi
3368 4006 3466 4059 lla-

1866 4088 2047 4160 gella?
2079 4088 2168 4143 ubi
2217 4088 2555 4160 patibulum?
2586 4091 2675 4146 ubi
2724 4092 2907 4147 mors?
2944 4092 3124 4147 Prima
3167 4095 3466 4151 monacho-

1866 4199 1987 4240 rum
2038 4184 2212 4239 virtus
2256 4184 2373 4239 h:ec
2407 4192 2523 4249 est,
2568 4195 2628 4241 ut
2662 4185 2797 4241 nihil
2845 4186 2948 4242 sibi
2987 4187 3055 4243 de
3087 4186 3461 4257 professione,

1868 4277 2004 4333 nihil
2028 4277 2097 4333 de
2117 4278 2454 4334 continentia
2481 4278 2832 4334 blandiantur
2859 4296 2872 4332 :
2899 4278 2995 4334 sed
3020 4280 3299 4335 humilitas
3323 4280 3465 4336 inter

1869 4386 1967 4427 eos
1995 4371 2275 4427 contentio
2301 4372 2404 4442 sit,
2436 4383 2491 4428 et
2520 4372 2849 4444 quicumque
2880 4373 3218 4428 novissimus
3262 4372 3460 4441 fuerit,

184 4456 339 4509 sancti
394 4454 468 4511 ad
520 4470 769 4528 supernae
815 4463 1119 4518 vocationis
1170 4466 1402 4534 palmam
1451 4478 1757 4539 spontanea
1789 4456 1841 4516 D
1868 4464 1955 4520 hic
1995 4466 2204 4533 primus
2234 4474 2476 4536 putetur.
2519 4465 2627 4521 Nec
2669 4474 2827 4522 extra
2856 4464 3075 4520 modum
3108 4464 3322 4532 inediae,
3358 4478 3460 4520 nec

182 4541 460 4601 devotione
488 4547 765 4617 festinant,
797 4553 1073 4621 quomodo
1098 4566 1351 4625 potentes
1380 4561 1501 4629 equi
1531 4561 1598 4617 ad
1621 4578 1755 4618 cur-

181 4648 282 4692 sum
310 4639 505 4707 vincti,
536 4642 719 4712 auriga
753 4644 988 4712 desuper
1012 4645 1301 4715 innitente,
1336 4663 1584 4719 servent,
1640 4671 1753 4711 non

180 4740 545 4799 exspectantes
572 4731 781 4804 ﬂagella
808 4738 1094 4793 verberum
1121 4780 1137 4805 ,
1166 4741 1261 4796 sed
1290 4743 1357 4797 ad
1390 4746 1541 4799 vocis
1571 4746 1757 4803 horta-

180 4832 337 4877 menta
375 4826 673 4881 ferventes.
712 4825 830 4882 Non
874 4840 1099 4898 appetas
1130 4833 1337 4903 maiora
1366 4835 1575 4893 viribus
1624 4840 1751 4909 tuis,

182 4914 286 4981 quia
316 4918 518 4974 melior
557 4927 642 4974 est
673 4920 725 4975 in
754 4921 1137 4979 humilioribus
1169 4934 1287 4981 tuto
1316 4944 1560 5000 pergere,
1586 4948 1748 5003 quam

184 5008 396 5072 pendulo
446 5010 620 5081 gradu
652 5011 707 5066 in
742 5013 1153 5071 sublimioribus
1179 5016 1465 5076 ﬂuctuare.
1520 5021 1759 5079 Lmtatur

182 5096 306 5157 Deus
334 5106 561 5175 quando
610 5108 860 5163 conversi
890 5108 1089 5166 divites
1116 5126 1207 5167 res
1248 5128 1374 5169 suas
1424 5118 1756 5185 pauperibus

182 5192 427 5265 tribuunt,
488 5200 707 5269 quando
736 5201 995 5258 ardentes
1045 5219 1308 5275 gemmae,
1341 5207 1541 5278 quibus
1595 5219 1753 5267 antea

180 5286 362 5346 collum
406 5300 463 5347 et
492 5291 661 5349 facies
693 5295 995 5365 tegebatur,
1026 5300 1303 5368 egentium
1352 5311 1577 5360 ventres
1604 5314 1755 5360 satu-

179 5390 303 5436 rant.
334 5383 569 5451 Quando
606 5396 789 5443 vestes
818 5390 1032 5459 sericae,
1066 5401 1122 5448 et
1148 5409 1340 5452 aurum
1374 5395 1431 5453 in
1463 5398 1547 5453 fila
1577 5400 1753 5455 lente-

179 5486 320 5532 scens
350 5478 406 5533 in
431 5478 616 5536 mollia
643 5479 889 5539 lanarum
911 5484 1235 5543 vestimenta
1265 5497 1529 5558 mutatur,
1554 5490 1752 5561 quibus

180 5569 456 5637 repellatur
473 5570 668 5643 frigus,
684 5588 790 5629 non
819 5575 1017 5646 quibus
1039 5580 1231 5637 nititur
1247 5582 1473 5639 ambitio
1501 5602 1514 5640 :
1536 5583 1752 5653 quando

184 5654 490 5722 deliciarum
542 5665 939 5737 supellectilem
998 5672 1173 5730 virtus
1231 5675 1475 5745 insumit,
1533 5676 1752 5747 quando

1864 4556 2225 4613 immoderata
2262 4560 2523 4614 saturitas
2558 4560 3015 4615 condemnentur.
3048 4557 3220 4612 Nemo
3251 4557 3463 4627 iudicet

1864 4652 2093 4708 alterum
2112 4696 2127 4721 ,
2156 4668 2227 4709 ne
2266 4667 2297 4707 a
2328 4653 2561 4708 Domino
2585 4652 2883 4721 iudicetur,
2912 4650 3283 4717 unusquisque
3312 4651 3458 4708 enim

1864 4764 1965 4804 suo
1996 4748 2226 4802 Domino
2256 4755 2392 4811 stat,
2420 4754 2517 4799 aut
2546 4746 2711 4799 cadit.
2744 4743 2991 4799 Monachi
3023 4743 3334 4811 specialiter
3366 4761 3463 4801 ex-

1862 4840 2097 4913 petenda
2136 4849 2222 4894 est
2269 4838 2531 4904 solitudo,
2564 4845 2621 4892 et
2664 4837 2819 4892 urbis
2868 4836 3129 4890 habitatio
3181 4835 3458 4907 fugienda,

1863 4948 2022 5004 quam
2063 4930 2236 4985 videri
2272 4939 2328 4984 et
2366 4930 2573 4994 videre,
2608 4930 2850 4985 salutare
2879 4940 2934 4984 et
2963 4930 3216 4997 salutari,
3253 4932 3460 4989 laudari

1861 5033 1917 5081 et
1940 5021 2251 5085 detrahere,
2282 5021 2470 5077 audire
2492 5031 2548 5075 et
2572 5022 2852 5091 proloqui,
2884 5030 2941 5078 et
2967 5032 3173 5080 tantam
3207 5026 3462 5099 frequen-

1861 5119 1994 5174 tium
2022 5116 2302 5171 hominum
2340 5115 2569 5169 salutem
2613 5116 2845 5171 invitum
2870 5117 2996 5188 apati
3025 5138 3036 5173 :
3072 5136 3193 5190 quae
3216 5124 3396 5179 omnia
3427 5138 3458 5179 a

1858 5210 2148 5283 proposito
2190 5207 2584 5264 monachorum
2638 5217 2694 5265 et
2750 5210 2929 5279 quiete
2971 5213 3149 5269 aliena
3195 5224 3343 5268 sunt.
3372 5214 3463 5268 Ait

1860 5310 2004 5363 enim
2040 5304 2285 5360 videmus
2316 5304 2598 5359 venientes
2628 5302 2697 5358 ad
2726 5319 2856 5369 nos,
2890 5317 2944 5361 ct
2974 5307 3253 5362 silentium
3280 5308 3463 5377 perdi-

1859 5412 1981 5454 mus
2014 5416 2025 5451 :
2058 5406 2152 5453 aut
2173 5409 2281 5451 non
2310 5395 2582 5461 videmus,
2619 5404 2675 5451 et
2702 5396 2924 5464 superbi
2951 5398 3252 5468 arguimur.
3285 5397 3461 5454 Inter-

1859 5493 2098 5561 dumque
2131 5489 2483 5546 visitantibus
2526 5489 2811 5546 reddimus
2853 5490 3025 5546 vicem
3049 5532 3064 5556 ,
3094 5490 3162 5545 ad
3188 5491 3459 5562 superbos

1860 5582 2009 5639 fores
2040 5581 2346 5653 pergimus,
2397 5590 2452 5636 et
2495 5582 2638 5636 inter
2688 5580 2901 5649 linguas
2954 5580 3265 5639 rodentium
3297 5584 3458 5640 mini-

1857 5684 2096 5734 strorum
2125 5681 2311 5746 postes
2340 5674 2676 5753 ingredimur
2706 5681 2946 5733 auratos.
2992 5671 3149 5732 Sunt
3180 5677 3361 5735 sancti
3410 5678 3458 5733 la
