4012 6190
461 199 565 255 515

1499 197 1557 252 S.
1601 192 1985 254 HIERONYMI
2023 191 2309 253 OPERUM
2349 192 2715 252 MANTISSA.

3655 200 3764 257 516

461 314 620 386 pides
640 353 657 381 ,
688 316 786 387 qui
816 315 1104 370 volvuntur
1132 323 1295 379 super
1326 316 1524 365 terram
1549 349 1563 373 ,
1593 309 1791 373 laeves,
1821 307 1975 376 politi
2004 313 2060 361 et
2083 306 2136 367 Α
2164 305 2367 375 absque
2388 305 2588 360 amictu
2619 304 2765 361 lineo
2792 304 3071 374 incedere,
3097 303 3193 361 sed
3223 307 3459 378 pretium
3488 309 3760 367 linearum

463 407 799 464 rotunditate
839 421 935 461 sua
973 412 1211 457 rotarum
1256 402 1502 456 cursibus
1544 399 1754 454 similes
1798 406 1946 452 sunt.
1982 397 2060 453 De

465 503 665 558 talibus
698 501 963 570 Propheta
999 497 1151 567 jubet
1186 496 1302 550 tolli
1331 495 1518 559 devia,
1558 509 1625 549 ne
1659 493 2057 549 ambulantium

468 594 521 649 in
552 608 649 649 eos
674 590 950 648 oﬂ'endant
982 587 1167 658 pedes.
1198 587 1271 643 lbi
1302 598 1482 642 autem
1510 586 1856 641 ambulantes
1886 586 2059 639 viato.

472 700 582 753 res,
610 694 667 740 et
700 689 1095 753 praetereuntes
1123 680 1460 750 intelligendi
1491 689 1639 744 sunt,
1668 680 1758 749 qui
1793 694 1890 749 per
1916 677 2058 733 istud

466 776 727 833 sarculum
768 773 835 829 ad
873 776 1169 842 supernam
1215 771 1601 827 habitationem
1634 772 1867 826 transire
1908 768 2062 826 testi-

468 882 619 926 nant.
652 865 1119 937 Reprehensibills
1142 876 1224 921 est
1258 866 1347 935 qui
1378 873 1643 919 secretam
1678 864 1874 919 volens
1900 877 2061 933 agere

466 961 657 1028 vitam,
680 974 802 1015 cum
826 959 1043 1014 clausus
1055 956 1529 1025 cellula,corpore
1551 956 1737 1021 lateat,
1762 955 1938 1026 lingua
1964 967 2061 1024 per

468 1052 659 1108 orbem
693 1057 936 1119 vagatur.
967 1046 1169 1104 Caveat
1197 1049 1481 1119 religiosus
1510 1048 1585 1103 ibi
1611 1047 1819 1113 vivere,
1850 1047 1940 1101 ubi
1967 1062 2063 1102 ne-

468 1157 621 1199 cesse
652 1141 847 1197 habeat
869 1140 1114 1211 quotidie
1135 1148 1229 1196 aut
1250 1141 1450 1211 perire,
1484 1146 1579 1194 aut
1609 1139 1773 1194 vinci.
1804 1138 2061 1193 Securius

468 1242 551 1289 est
576 1232 727 1289 enim
756 1230 936 1302 perire
964 1246 1074 1287 non
1116 1245 1307 1301 posse,
1351 1245 1512 1302 quam
1556 1230 1710 1300 juxta
1759 1228 2063 1300 periculum

472 1343 578 1382 non
614 1326 841 1397 perisse.
896 1325 1039 1383 Inter
1075 1324 1267 1395 epulas
1304 1332 1363 1381 et
1402 1324 1691 1379 illecebras
1726 1323 2065 1395 voluptatum

471 1420 638 1475 etiam
665 1418 873 1473 ierreas
897 1424 1109 1473 mentes
1132 1416 1297 1472 libido
1322 1415 1529 1473 domat.
1558 1415 1786 1472 Diliicile
1811 1416 1957 1472 enim
1982 1415 2068 1470 in-

475 1520 559 1566 ter
589 1510 817 1566 delicias
843 1521 1091 1565 servatur
1120 1509 1403 1580 pudicitia.
1435 1505 1628 1565 Nitens
1660 1509 1869 1565 cunctis
1898 1507 2069 1564 sordi-

473 1602 603 1658 dum
643 1609 880 1658 ostentat
914 1602 1177 1657 animum.
1213 1600 1478 1657 Monacho
1503 1600 1550 1657 si
1584 1600 1818 1658 clericus
1845 1610 1937 1656 aut
1964 1615 2067 1657 ste-

2164 411 2269 452 non
2320 396 2526 453 habere
2564 397 2840 454 laudabile
2886 406 2973 453 est
3017 414 3029 451 :
3076 399 3315 470 alioquin
3364 401 3657 458 ridiculum
3710 413 3763 461 et

2164 488 2381 559 plenum
2409 489 2695 545 dedecoris
2724 498 2831 555 est,
2863 490 3066 547 referto
3094 492 3393 563 marsnpio,
3427 496 3571 563 quod
3605 497 3761 552 suda-

2162 582 2325 645 rium,
2354 583 2702 655 orariumque
2725 599 2829 639 uon
2860 586 3083 649 habcas.
3102 587 3354 657 gloriari.
3382 588 3495 646 Nec
3524 594 3764 649 rusticus

2162 685 2217 730 et
2245 684 2451 730 tantum
2493 676 2721 745 simplex
2752 675 2921 732 frater
2963 679 3085 734 ideo
3114 692 3177 734 se
3206 690 3453 736 sanctum
3486 693 3644 752 putet
3670 728 3685 753 ,
3716 686 3763 742 si

2165 768 2298 823 nihil
2326 769 2536 823 noverit
2563 785 2575 822 :
2601 782 2702 823 nec
2730 769 2938 838 peritus
2961 778 3017 824 et
3042 770 3311 842 eloquens
3335 772 3387 827 in
3412 773 3591 845 lingua
3617 779 3763 832 acsti-

2165 870 2275 916 met
2303 860 2682 926 sanctitatem;
2717 861 2996 931 multoque
3027 863 3225 919 melius
3256 877 3289 919 e
3318 864 3533 922 duobus
3558 868 3763 938 imper-

2164 953 2323 1009 fectis
2350 954 2715 1009 rusticitatem
2761 964 3005 1010 sanctam
3051 955 3275 1023 habere,
3302 973 3465 1030 quam
3493 961 3763 1033 eloquen-

2166 1047 2292 1101 tiam
2321 1047 2701 1117 peccatricem.
2730 1046 3002 1118 Quidquid
3029 1048 3264 1105 inebriat
3292 1065 3357 1106 ac
3386 1060 3586 1110 statum
3614 1068 3765 1112 men.

2168 1142 2236 1195 tis
2277 1139 2503 1205 evertit,
2538 1139 2790 1194 similiter
2825 1139 3093 1210 fugiamus
3121 1141 3267 1196 sicut
3309 1156 3604 1200 venenum.
3645 1145 3759 1203 Nec

2168 1231 2272 1288 hoc
2302 1232 2424 1287 dico
2453 1231 2597 1303 quod
2627 1245 2658 1285 a
2692 1231 2847 1287 nobis
2868 1240 3117 1289 creatura
3143 1231 3455 1303 damnetur,
3485 1236 3757 1307 siquidem

2167 1333 2221 1380 et
2253 1324 2514 1379 Dominus
2543 1323 2651 1377 vini
2682 1330 2897 1394 potator
2927 1324 3231 1396 appellatus
3261 1332 3361 1391 est,
3391 1334 3447 1381 et
3465 1327 3762 1385 Timotheo
3798 1368 3803 1369 κ

2169 1414 2372 1471 dolenti
2413 1414 2751 1470 stomachum
2798 1416 3071 1471 modicum
3112 1416 3225 1472 vini
3270 1418 3487 1475 sorbere
3513 1419 3761 1476 laxatum

2168 1518 2271 1564 est.
2289 1506 2490 1563 ditatis
2510 1517 2563 1562 et
2586 1506 2911 1563 valetudinis
2935 1515 2993 1563 ct
3015 1521 3309 1578 corporum
3332 1508 3623 1580 qualitates
3644 1510 3765 1567 esi-

2169 1603 2348 1673 gimus
2376 1600 2430 1656 iu
2459 1599 2717 1671 potando.
2741 1598 2897 1668 Quod
2927 1598 2973 1654 si
3002 1600 3121 1656 sine
3153 1600 3279 1656 vino
3301 1600 3486 1670 ardeo,
3512 1610 3570 1658 et
3594 1602 3766 1660 ardeo

474 1692 678 1749 cularis
704 1691 936 1764 dixerit,
967 1708 1066 1749 cur
1106 1694 1287 1765 pergis
1327 1692 1394 1749 ad
1428 1706 1695 1761 eremum,
1728 1701 1813 1747 sta
1839 1693 1892 1747 in
1923 1692 2062 1761 acie,
2097 1683 2146 1746 Β
2171 1693 2543 1750 adolescentia
2574 1702 2627 1749 et
2659 1691 2969 1748 inﬂammor
2997 1691 3179 1750 calore
3214 1694 3515 1765 sanguinis,
3548 1704 3605 1752 et
3630 1710 3761 1752 suco

474 1785 806 1842 adversariis
828 1796 1069 1841 armatus
1095 1785 1322 1853 obsisto,
1350 1796 1405 1840 ut
1432 1793 1718 1857 postquam
1745 1784 2069 1854 viceris,co-

473 1880 708 1937 roneris.
725 1878 820 1937 ille
840 1878 1190 1951 respondeat,
1208 1879 1376 1934 fateor
1405 1878 1839 1935 imbecillitatem
1864 1893 2066 1945 meam,

480 1972 611 2027 nolo
634 1985 731 2044 spe
752 1986 989 2042 pugnare
1021 1971 1284 2038 victoria},
1312 1986 1381 2028 ne
1409 1971 1631 2042 perdam
1664 1970 1960 2042 aliquando
1988 1972 2071 2027 vi-

476 2064 721 2119 ctoriam.
750 2062 807 2118 Si
835 2061 1025 2133 iugero
1046 2063 1309 2134 gladium,
1335 2063 1574 2120 devitavi
1604 2080 1617 2117 :
1642 2064 1687 2119 si
1716 2074 1950 2131 stetero,
1976 2070 2070 2120 aut

475 2155 797 2211 vincendum
822 2155 955 2211 mibi
984 2165 1089 2221 est,
1114 2166 1208 2211 aut
1231 2156 1558 2212 cadendum.
1586 2155 1728 2225 Quid
1755 2165 1937 2212 antem
1970 2170 2067 2211 ne-

475 2260 631 2302 cesse
676 2255 761 2302 est
802 2256 951 2303 certa
991 2247 1296 2315 dimittere,
1335 2256 1391 2303 et
1428 2249 1632 2303 incerta
1686 2248 1926 2303 sectari?
1968 2257 2065 2304 aut

475 2346 653 2403 scuto,
679 2348 773 2393 aut
801 2338 1026 2410 pedibus
1058 2354 1207 2395 mors
1236 2347 1323 2395 est
1352 2338 1688 2395 vitanda.Tu
1713 2338 1804 2409 qui
1833 2352 2065 2409 pugnas,

474 2440 531 2487 et
560 2445 824 2501 superare
852 2440 1005 2501 potes
1031 2439 1089 2486 et
1123 2432 1363 2487 vincere.
1401 2432 1514 2501 Ego
1557 2445 1683 2485 cum
1730 2429 1912 2501 l‘ugio,
1958 2446 2069 2485 non

476 2524 635 2581 vinco
661 2524 714 2580 in
745 2540 812 2580 eo
840 2524 985 2595 quod
1027 2524 1211 2595 fugio,
1244 2523 1341 2579 sed
1374 2522 1495 2578 ideo
1539 2522 1684 2595 fugio
1705 2564 1722 2590 ,
1758 2538 1827 2580 ne
1860 2526 2068 2579 vincar.

476 2619 637 2676 Nulla
676 2618 942 2674 securitas
967 2626 1052 2672 est
1084 2616 1263 2672 vicino
1302 2627 1554 2687 serpente
1580 2616 1846 2672 dormire.
1883 2617 2071 2673 Potest

480 2711 596 2766 fieri
619 2718 678 2763 ut
701 2723 788 2764 me
810 2724 919 2762 non
947 2707 1218 2774 mordeat,
1242 2718 1299 2764 et
1324 2719 1503 2765 tamen
1533 2717 1711 2780 potest
1739 2708 1859 2765 fieri
1888 2718 1945 2764 ut
1969 2709 2071 2764 ali-

480 2801 697 2874 quando
725 2801 995 2857 mordeat.
1034 2801 1246 2859 Idcirco
1273 2803 1490 2859 urbium
1520 2803 1858 2876 frequentius
1900 2806 2073 2862 decli-

483 2909 709 2963 namus,
750 2910 818 2951 ne
857 2895 1041 2952 facere
1078 2897 1492 2968 compellamur,
1529 2915 1651 2969 quae
1686 2914 1785 2955 nos
1820 2914 1931 2956 non
1960 2910 2068 2955 tam

486 2996 676 3042 natura
698 2988 844 3057 cogit
865 2988 1042 3044 iacere
1068 3004 1231 3059 quam
1258 2990 1525 3059 voluptas.
1551 2991 1785 3046 Luxuria
1808 3001 1984 3048 mater
2005 2991 2071 3046 li-

2171 1788 2411 1854 culento,
2442 1784 2731 1856 validoque
2756 1798 2877 1840 sum
2902 1798 3150 1856 corpore,
3177 1785 3413 1842 libenter
3440 1787 3642 1843 carebo
3668 1805 3766 1859 po-

2171 1881 2324 1947 culo,
2366 1880 2437 1935 iu-
2462 1894 2571 1949 quo
2613 1880 2851 1951 sumptio
2878 1878 2990 1934 vini
3030 1888 3134 1935 est.
3185 1878 3406 1949 Pinguis
3433 1889 3627 1938 venter
3656 1899 3765 1941 non

2172 1973 2337 2044 gignit
2368 1987 2593 2029 sensum
2627 1981 2875 2037 tenuem;
2909 1978 3119 2026 tantum
3160 1970 3257 2027 tibi
3294 1972 3628 2043 jejuniorum
3669 1978 3770 2031 int-

2172 2079 2343 2135 pone,
2377 2073 2636 2135 quantmn
2667 2062 2813 2117 ferre
2845 2070 3020 2131 potes.
3060 2062 3180 2117 Sint
3209 2077 3371 2130 pura,
3403 2076 3549 2118 casta
3571 2105 3588 2131 ,
3630 2067 3766 2121 sim-

2174 2157 2355 2226 plicia,
2400 2155 2713 2221 moderata,
2765 2166 2872 2209 non
2931 2153 3312 2221 superstitiosa
3365 2154 3592 2225 jejunis.
3625 2157 3768 2224 Quid

2173 2248 2398 2320 prodest
2420 2248 2594 2303 oleam
2629 2263 2735 2302 non
2767 2246 2939 2312 vesci,
2970 2258 3024 2301 et
3056 2247 3340 2302 molestias
3366 2248 3631 2319 quasdam
3658 2251 3767 2306 dii-

2176 2340 2550 2410 iicultatesque
2570 2339 2816 2394 ciborum
2840 2353 3084 2409 quaerere
3110 2356 3123 2394 :
3147 2339 3365 2402 carice.
3384 2341 3558 2410 piper,
3575 2358 3769 2410 nucr-s,

2176 2433 2471 2505 palmarum
2504 2432 2732 2498 fruetus,
2762 2432 2962 2499 simila,
2990 2432 3173 2497 mella,
3203 2433 3454 2504 pistadia,
3489 2444 3603 2492 tota
3634 2438 3771 2493 bor-

2175 2536 2354 2582 torum
2401 2527 2614 2581 cultura
2669 2532 2944 2590 vescatur,
2977 2535 3036 2579 ut
3080 2524 3288 2581 cibario
3334 2541 3443 2582 non
3482 2544 3774 2587 vescamur

2175 2634 2333 2690 pane.
2363 2619 2515 2674 Alios
2544 2618 2626 2673 ier
2653 2627 2841 2674 contra
2872 2632 3055 2672 rerum
3098 2616 3488 2690 hominumque
3516 2630 3771 2679 naturam

2173 2728 2367 2785 aquam
2400 2729 2508 2769 non
2540 2712 2750 2779 bibere,
2779 2727 2879 2768 nec
2906 2712 3053 2769 vesci
3077 2726 3249 2784 pane,
3275 2713 3371 2769 sed
3399 2715 3775 2773 sorbitiuncu-

2176 2806 2255 2861 las
2281 2805 2563 2871 delicatas,
2592 2804 2829 2860 contrita
2854 2803 3027 2873 olera,
3057 2804 3414 2875 betarumque
3440 2819 3635 2863 succos
3658 2823 3772 2865 non

2176 2898 2343 2953 calice
2366 2897 2613 2962 sorbere,
2643 2895 2739 2951 sed
2770 2910 2959 2950 conca.
2984 2895 3362 2952 Fortissimum
3386 2897 3658 2968 jejunium
3686 2910 3777 2957 est

2181 2990 2333 3059 panis
2353 2999 2410 3046 et
2436 3004 2609 3060 aqua;
2630 2987 2730 3044 sed
2757 2988 2884 3059 quia
2908 2988 3137 3058 gloriam
3163 3004 3270 3045 non
3294 2989 3479 3057 habet,
3503 3000 3561 3047 et
3578 3006 3774 3049 omnes

487 3080 686 3136 bidinls
708 3089 826 3146 est,
856 3092 1209 3152 ventremque
1236 3083 1530 3138 distentum
1558 3084 1706 3153 cibo,
1745 3093 1803 3140 et
1831 3085 1940 3139 vini
1970 3100 2073 3156 po-
2101 3065 2150 3131 C
2180 3083 2251 3139 de
2289 3097 2426 3155 pane
2461 3090 2519 3138 et
2557 3096 2698 3153 aqua
2729 3082 2987 3149 vivimus,
3022 3083 3175 3154 quasi
3204 3082 3476 3153 publicum
3503 3084 3774 3155 jejunium

489 3174 725 3232 tionibus
757 3176 1038 3245 irrigatum
1066 3177 1317 3247 voluptas
1338 3176 1659 3247 genitalium
1682 3178 1947 3247 sequitur.
1980 3181 2079 3233 Αιδ

492 3284 598 3339 que
628 3277 688 3324 ut
717 3268 790 3323 ita
821 3268 1027 3324 dictum
1056 3271 1158 3335 sit,
1198 3284 1297 3341 pro
1327 3270 1695 3325 membrorum
1723 3270 1915 3326 ordine
1943 3271 2080 3327 ordo

490 3363 743 3418 vitiorum
790 3363 1081 3417 mutandus
1105 3371 1210 3418 est.
1243 3362 1511 3418 Nobilitas
1532 3372 1593 3419 et
1616 3363 1821 3418 divitiae
1849 3378 1958 3419 non
1986 3363 2083 3420 ha—

492 3458 747 3513 bentibus
788 3457 884 3512 sed
930 3458 1407 3513 contemnentibus
1456 3473 1648 3527 magna
1692 3465 1851 3522 sunt,
1897 3457 2083 3515 saeculi

494 3550 741 3605 homines
775 3551 1081 3619 suscipiunt
1111 3565 1241 3615 eos,
1276 3552 1367 3620 qui
1400 3551 1483 3605 his
1512 3550 1725 3622 pollent
1766 3550 2080 3620 privilegiis.

492 3640 604 3696 Nos
620 3652 801 3697 autem
824 3641 1110 3697 laudamus
1130 3658 1227 3697 eos
1253 3644 1343 3712 qui
1379 3654 1598 3713 propter
1616 3641 1951 3699 Salvatorem
1980 3645 2081 3698 ista

493 3733 798 3802 despiciunt
825 3742 880 3788 et
909 3735 1101 3789 mirum
1131 3734 1186 3789 in
1219 3735 1440 3790 modum
1465 3749 1603 3806 quos
1636 3736 1900 3790 habentes
1928 3736 2082 3805 parvi

495 3826 784 3898 pendimus
813 3844 826 3880 :
858 3828 901 3881 si
947 3826 1148 3883 habere
1177 3827 1485 3895 noluerint,
1523 3827 1905 3899 praedicamus.
1938 3828 2085 3883 inter

497 3920 731 3975 hostium
767 3934 989 3986 manus,
1028 3927 1082 3975 et
1108 3920 1440 3989 captivitatis
1469 3920 1656 3973 duram
1695 3922 2081 3975 necessitatem

495 4013 630 4069 nihil
660 4012 932 4068 crudelius
960 4024 1041 4066 est
1069 4028 1226 4082 quam
1257 4021 1509 4083 parentes
1532 4029 1560 4067 a
1584 4014 1769 4069 liberis
1798 4027 2081 4083 separare.

495 4105 609 4162 iloc
636 4107 975 4177 frequenter,
1001 4106 1226 4175 iubente
1252 4106 1420 4177 gratia
1435 4105 2084 4176 Christi,quodammodo

495 4209 685 4254 contra
708 4198 829 4269 jura
850 4208 1056 4253 natura:
1084 4202 1302 4269 propria
1334 4198 1466 4254 iides
1490 4200 1740 4271 imperat.
1768 4200 1938 4254 Immo
1961 4213 2085 4267 gano

492 4293 626 4348 dens
659 4294 893 4363 appetit,
923 4303 976 4348 et
1004 4307 1243 4347 amorem
1276 4292 1510 4348 ﬁliorum
1535 4294 1741 4363 majore
1764 4292 1819 4347 in
1851 4290 2084 4346 Domino

494 4402 683 4444 amore
715 4385 1035 4443 contemnit.
1066 4387 1379 4444 Lasciviens
1406 4388 1773 4443 adolescentis
1801 4402 1931 4463 caro
1960 4400 2083 4442 cre-

2183 3187 2544 3248 nuncupatur.
2576 3177 2719 3231 Cave
2748 3191 2815 3229 ne
2852 3176 3177 3231 rumusculis
3224 3174 3504 3231 hominum
3535 3190 3778 3249 aucupe-

2183 3272 2280 3337 ris,
2312 3286 2382 3326 ne
2423 3270 2685 3325 oil'ensam
2740 3268 2834 3323 Dei
2869 3267 3011 3340 [Με.
3066 3268 3203 3342 mei]
3258 3270 3579 3340 populorum
3614 3271 3779 3326 laude

2182 3370 2506 3426 commutes,
2532 3362 2576 3415 si
2596 3359 2789 3425 adhuc,
2816 3360 2989 3429 inquit
3006 3362 3320 3428 Apostolus,
3343 3362 3636 3418 hoittinibus
3659 3364 3779 3433 pla-

2185 3471 2370 3519 cerem,
2395 3453 2586 3508 Christi
2612 3470 2787 3508 servus
2819 3470 2921 3508 non
2951 3470 3134 3509 essent.
3172 3454 3321 3509 Desit
3351 3455 3569 3525 placere
3598 3455 3780 3511 homi-

2186 3549 2345 3604 nibus
2385 3548 2481 3619 qui
2520 3560 2711 3603 servus
2753 3549 2929 3603 factus
2960 3559 3047 3602 est
3086 3548 3309 3603 Christi.
3343 3548 3447 3604 Per
3477 3550 3673 3604 bonam
3721 3560 3777 3606 et

2185 3643 2383 3696 malam
2417 3640 2640 3704 famam,
2670 3654 2700 3694 a
2730 3639 2960 3705 dextris,
2988 3647 3046 3693 et
3075 3654 3106 3693 a
3127 3640 3361 3696 sinistris
3386 3641 3592 3696 Christi
3619 3643 3779 3698 miles

2185 3736 2449 3807 graditur,
2503 3750 2601 3792 nec
2646 3735 2810 3791 laude
2861 3735 3160 3798 extollitur,
3220 3749 3322 3791 nec
3377 3736 3779 3805 vituperatione

2188 3830 2476 3899 frangitur,
2510 3844 2615 3883 non
2657 3827 2871 3883 divitiis
2902 3838 3108 3891 tumet,
3138 3843 3244 3883 non
3273 3829 3616 3883 contrahitur
3648 3845 3782 3899 pau-

2190 3932 2425 3993 pertate,
2449 3931 2503 3976 et
2532 3921 2773 3976 Imtitiam
2804 3923 3124 3986 contemnit,
3148 3930 3203 3975 ct
3230 3923 3528 3976 tristitiam.
3557 3922 3651 3977 Sol
3685 3938 3783 3991 per

2187 4017 2329 4071 diem
2378 4030 2484 4070 non
2531 4016 2639 4069 ttrit
2667 4030 2826 4080 eum,
2859 4031 3034 4084 neque
3075 4015 3197 4069 luna
3230 4031 3329 4085 per
3362 4026 3597 4071 noctem.
3638 4016 3780 4083 Quid

2192 4107 2351 4171 iacis,
2387 4107 2649 4162 monache
2672 4146 2686 4168 ,
2735 4107 2787 4160 in
2819 4115 3041 4174 paterna
3068 4106 3254 4170 domo,
3286 4107 3375 4161 bi
3418 4107 3617 4160 vallum
3638 4149 3653 4170 ,
3689 4108 3783 4162 ubi

2189 4200 2352 4264 fossa,
2374 4201 2463 4256 ubi
2490 4200 2662 4255 hiems
2685 4210 2802 4255 acta
2826 4200 2929 4254 sub
2952 4200 3220 4270 pellibus?
3240 4199 3380 4256 Ecce
3398 4200 3468 4255 de
3491 4202 3634 4255 caelo
3655 4202 3781 4255 tuba

2187 4295 2356 4363 canit,
2384 4308 2515 4351 ecce
2558 4310 2680 4349 cum
2712 4293 2947 4347 nubibus
2986 4292 3358 4347 debellaturus
3386 4294 3575 4348 orbem
3606 4293 3784 4364 impeo

2190 4398 2337 4442 rator
2362 4398 2602 4442 armatus
2629 4386 2925 4456 egreditur.
2953 4386 3098 4442 Ecce
3124 4386 3207 4441 bis
3234 4395 3427 4443 acutus
3450 4385 3687 4456 gladius,
3710 4402 3784 4442 ex

494 4478 605 4533 bris
625 4494 689 4534 ac
715 4478 1005 4548 duplicatis
1032 4489 1117 4535 est
1145 4478 1441 4550 frangenda
1467 4478 1692 4548 jejluiis
1724 4495 1739 4531 :
1773 4454 1969 4532 melius
1999 4485 2087 4532 est
2111 4449 2167 4511 υ
2191 4483 2333 4553 regis
2352 4494 2451 4538 ore
2472 4449 2772 4552 procedens
2797 4479 2953 4535 obvia
2977 4496 3207 4552 quicque
3233 4481 3411 4546 metit,
3437 4449 3492 4533 οτι
3516 4488 3572 4535 ιιι
3599 4480 3670 4535 dc.
3690 4496 3786 4535 en-

494 4572 638 4630 enim
684 4572 1027 4628 stomachum
1062 4572 1251 4628 dolere
1278 4585 1439 4643 quam
1488 4582 1747 4627 mentem.
1781 4570 2084 4639 Numquam

495 4668 562 4724 de
580 4683 679 4725 ore
699 4667 951 4723 monachi
972 4668 1147 4737 turpis
1165 4675 1259 4721 aut
1274 4665 1513 4721 lascivus
1530 4676 1715 4720 sermo
1740 4662 2083 4734 egrediatur:

497 4761 581 4819 his
605 4762 753 4819 enim
782 4762 952 4831 signis
978 4760 1303 4817 libidinosus
1332 4758 1545 4813 animus
1570 4755 1875 4814 ostenditur
1905 4762 1964 4812 et
1995 4769 2090 4824 per

496 4856 821 4912 exteriorem
844 4854 1117 4913 hominem
1140 4851 1417 4907 interioris
1440 4851 1675 4906 hominis
1697 4847 1827 4904 vitia
1853 4848 2085 4904 deruun-

495 4958 756 5005 strantur.
790 4949 1037 5003 Mensura
1088 4947 1366 5018 religionis
1408 4956 1492 5001 est
1521 4946 1565 5000 si
1597 4958 1864 5016 pauperes
1892 4952 1949 4999 et
1991 4958 2087 5013 pe-

496 5040 720 5112 regrini.
748 5048 955 5096 etcum
983 5041 1091 5097 illis
1119 5040 1365 5096 Christus
1391 5039 1625 5095 conviva
1651 5052 1777 5095 esse
1807 5046 2081 5093 noscatur.

492 5131 751 5202 Quisquis
780 5131 1075 5201 perlectam
1105 5130 1221 5186 vult
1249 5145 1413 5203 agere
1445 5132 1607 5187 vitam
1627 5172 1641 5197 ,
1693 5130 2085 5202 negotiatorem

495 5226 779 5295 clericum,
808 5234 865 5280 et
891 5239 960 5281 es
995 5225 1157 5296 inope
1179 5225 1425 5294 divitem,
1454 5235 1509 5280 et
1535 5242 1602 5282 ex
1636 5225 1854 5298 ignobili
1877 5225 2087 5296 glorio-

492 5333 633 5385 sum,
656 5318 811 5388 quasi
833 5318 1125 5389 quamdam
1151 5327 1359 5388 pestem
1381 5320 1549 5391 fugiat
1571 5320 1933 5387 voluptatum.
1960 5317 2091 5373 Car-

490 5420 737 5480 nunpunt
762 5409 901 5465 enim
929 5426 1098 5464 mres
1127 5411 1287 5465 bonos
1318 5410 1667 5478 {conlationes
1696 5412 1953 5480 pessima.
1990 5409 2093 5466 Ve-

492 5515 604 5559 stes
629 5504 863 5572 pollutas
888 5502 998 5574 [ΑΙ.
1032 5501 1234 5572 pullas]
1262 5517 1417 5573 mque
1437 5508 1672 5560 vitemus
1704 5512 1764 5558 ut
1784 5503 2086 5560 candidas:

491 5602 722 5647 ornatus
751 5594 897 5647 enim
942 5604 996 5647 et
1043 5593 1232 5649 sordes
1260 5596 1390 5662 ipari
1425 5596 1593 5651 modo
1623 5595 1879 5666 fugienda
1925 5605 2084 5663 sunt,

489 5685 617 5758 quia
644 5684 880 5742 alterum
903 5685 1154 5754 deliciis,
1201 5687 1434 5746 alterum
1472 5689 1649 5763 gloria
1689 5690 1917 5748 redolet.
1965 5691 2087 5750 Non

2194 4576 2372 4632 bieulo
2398 4575 2465 4630 ad
2493 4576 2693 4640 aciem,
2712 4574 2779 4630 de
2805 4574 2998 4629 umbra
3024 4574 3305 4644 egrederis
3330 4574 3397 4628 ad
3422 4573 3618 4628 solent.
3638 4573 3785 4629 Cor-

2192 4684 2293 4741 pus
2310 4678 2589 4723 assuetum
2618 4666 2837 4732 tunica,
2869 4666 3055 4721 loricas
3080 4682 3219 4721 onus
3250 4681 3356 4721 non
3380 4666 3591 4720 suifert.
3608 4664 3790 4737 Caput

2195 4770 2442 4830 opertum
2474 4759 2641 4814 linteo
2665 4758 2876 4829 galeam
2916 4767 3162 4825 recusat,
3217 4758 3409 4813 molles
3444 4758 3559 4813 otio
3592 4772 3790 4813 manus

2196 4855 2370 4910 durus
2402 4860 2689 4923 exasperat
2710 4851 2956 4923 capulus,
2990 4859 3047 4906 et
3076 4851 3199 4906 ideo
3228 4848 3360 4907 licet
3388 4862 3578 4921 sparso
3606 4850 3785 4917 crine,

2196 4955 2253 5003 et
2293 4946 2481 5001 scissis
2513 4945 2787 5007 vestibus,
2833 4944 2997 4999 ubera
3030 4942 3228 5014 quibus
3258 4944 3562 5008 nutrierat,
3610 4950 3792 4998 mater

2195 5040 2450 5097 ostendat
2478 5057 2491 5094 :
2522 5040 2649 5095 licet
2677 5039 2730 5094 in
2762 5037 2950 5093 limine
2978 5047 3130 5108 pater
3160 5037 3358 5107 jaceat,
3393 5051 3491 5108 per
3514 5036 3789 5092 calcatum

2197 5148 2360 5205 perge
2389 5142 2624 5205 patrem,
2649 5130 2812 5186 siccis
2831 5130 3010 5185 oculis
3039 5128 3106 5183 ad
3136 5129 3392 5185 vexillum
3424 5128 3612 5184 Crucis
3632 5130 3786 5197 vola,

2197 5224 2411 5296 pietatis
2444 5239 2616 5295 genus
2660 5232 2744 5279 est
2775 5222 2832 5278 in
2866 5222 2966 5277 hac
3000 5236 3060 5276 re
3087 5235 3211 5276 esse
3239 5221 3533 5276 crudelem.
3568 5220 3791 5292 Veniet,

2201 5315 2383 5372 veniet
2408 5324 2595 5385 postea
2628 5316 2768 5380 dies,
2796 5329 2908 5381 quo
2934 5313 3107 5369 victor
3131 5313 3421 5369 revertaris
3448 5314 3499 5368 in
3530 5314 3792 5384 patriam,

2199 5425 2307 5481 quo
2328 5407 2609 5464 ccelcsteau
2632 5406 2933 5461 Jerusalem
2960 5406 3041 5459 vir
3067 5417 3359 5461 coronatus
3382 5406 3621 5460 incedas.
3639 5406 3800 5463 Tune

2200 5498 2593 5567 municipatum
2623 5511 2749 5552 cum
2786 5495 2954 5551 Paulo
2982 5498 3197 5567 capies,
3235 5505 3367 5550 tunc
3394 5509 3519 5550 cum
3553 5499 3803 5566 parenti-

2198 5597 2299 5651 bus
2324 5591 2570 5663 ejusdem
2611 5590 2845 5645 civitatis
2873 5591 2964 5660 jus
2989 5598 3161 5661 petes.
3194 5590 3347 5645 Tunc
3368 5600 3427 5643 et
3459 5605 3560 5658 pro
3590 5606 3678 5644 me
3711 5606 3802 5648 ro-

2196 5686 2371 5761 gabis,
2399 5683 2495 5755 qui
2530 5691 2589 5739 ut
2630 5680 2878 5751 vinceres
2924 5682 3164 5750 incitavi.
3211 5680 3502 5750 Scriptura
3532 5683 3805 5754 praecepit
