4012 6190
220 186 325 243 317

1434 182 1722 243 ιιοωιιι
1763 185 1854 247 ΑΙ)
1893 184 2286 245 ωοωιειιυε.

3414 196 3520 254 518

221 301 538 373 parentibus
570 302 979 375 obsequendum
999 349 1013 375 ,
1038 303 1133 361 sed
1166 304 1495 376 quicumque
1522 316 1619 359 eos
1645 318 1814 374 supra
1831 306 1879 369 Α
1910 310 2035 358 rat:
2069 302 2277 357 tamdiu
2317 302 2452 359 scito
2484 305 2763 376 sanguinis
2807 307 3079 375 copulam,
3120 305 3380 378 quamdiu
3421 306 3516 365 ille

221 394 497 450 Christum
529 404 694 458 amat,
722 396 908 465 perdet
927 397 1163 451 animam
1191 412 1369 451 suam.
1396 395 1579 450 Facile
1609 397 1810 469 rumpit

220 485 331 540 hate
367 486 585 541 vincula
612 494 764 541 amor
808 486 1037 554 Christi,
1071 496 1125 543 et
1162 487 1326 543 timor
1360 488 1649 559 gehennm.
1684 485 1811 543 Cla-

218 580 358 634 dium
387 588 531 634 tenet
563 580 755 645 hostis,
780 590 835 634 ut
862 595 947 635 me
980 582 1232 649 perimat,
1257 590 1313 635 et
1332 596 1433 651 ego
1463 580 1532 635 de
1554 580 1810 651 lacrymis

217 671 407 726 matris
446 671 700 740 cogitabo
734 688 747 725 :
783 681 1003 743 propter
1051 683 1263 743 patrem
1294 672 1542 728 militiam
1578 672 1806 741 desero,

216 762 301 818 cui
332 762 671 831 sepulturam
711 760 919 818 Christi
966 778 1130 819 causa
1161 780 1269 820 non
1308 763 1505 829 debeo,
1548 772 1808 835 quantum

216 858 468 913 omnibus
513 856 631 927 ejus
667 844 835 911 causa
869 856 1066 913 debeo.
1098 859 1255 914 Aries
1292 857 1397 915 iate
1431 858 1671 929 pietatis,
1702 868 1810 929 quo

216 953 349 1008 ﬁdes
378 951 642 1024 quatitur,
678 950 957 1022 Evangelii
989 951 1365 1008 retundendus
1390 960 1471 1007 est
1498 964 1761 1007 mucrone
1790 968 1804 1006 :

216 1045 387 1101 Mater
417 1064 529 1102 mea
553 1056 602 1104 et
626 1050 813 1120 fratres
845 1046 944 1102 mei
972 1045 1029 1101 hi
1058 1055 1176 1102 sunt
1220 1049 1307 1118 qui
1335 1046 1532 1117 faciunt
1566 1046 1805 1099 uolunta.

213 1149 315 1193 tem
337 1138 516 1197 Patris
545 1142 645 1195 mei
667 1142 754 1211 qui
779 1140 833 1193 in
854 1140 995 1195 curiis
1017 1150 1090 1194 est
1122 1137 1273 1209 (Luc.
1298 1153 1391 1193 vttt
1409 1180 1421 1201 ,
1452 1135 1569 1208 Ἡ).
1606 1136 1661 1193 Si
1686 1150 1806 1193 cre-

211 1230 345 1286 dunt
370 1232 422 1286 in
448 1231 663 1286 Christo
686 1232 899 1285 faveant
924 1229 1057 1284 mihi
1085 1243 1185 1299 pro
1204 1231 1324 1297 ejus
1355 1229 1579 1283 nomine
1601 1239 1803 1298 pugna-

214 1332 331 1378 turo
356 1339 369 1375 :
395 1321 440 1378 si
472 1338 576 1378 non
607 1321 1070 1388 credunt,mortui
1092 1318 1358 1392 sepeliant
1378 1326 1628 1376 mortuos
1649 1330 1797 1374 suos.

214 1413 570 1471 Adversarius
593 1423 778 1469 noster
793 1422 1066 1485 tamquam
1088 1412 1173 1468 leo
1198 1412 1420 1483 rugiens
1447 1410 1684 1483 aliquem
1707 1410 1803 1466 de-

214 1521 402 1562 vorare
432 1522 685 1577 quaerens
710 1507 908 1561 circuit
938 1520 953 1561 :
984 1512 1042 1561 et
1072 1516 1129 1561 tu
1161 1504 1434 1560 frondosa:
1470 1503 1684 1559 arboris
1724 1510 1803 1558 ιε-

211 1611 324 1654 ctus
346 1599 662 1653 umbraculo
683 1597 877 1654 molles
897 1611 1122 1654 somnos
1147 1595 1361 1652 futurus
1378 1595 1567 1668 praeda
1598 1592 1797 1667 carpis.

1911 413 2069 454 suum
2099 397 2314 453 noverit
2334 408 2661 456 creatorem.
2698 400 2997 455 Dolendum
3022 412 3103 455 est
3131 416 3241 457 non
3266 416 3515 471 qumrere

1911 486 2165 544 homines
2194 489 2331 543 bona
2356 501 2580 558 (eterna,
2624 506 2747 561 qua:
2774 504 2923 547 certa
2954 501 3098 559 sunt,
3131 502 3185 547 et
3211 508 3431 563 sperare
3460 495 3512 551 in

1915 581 2125 637 incerta
2152 582 2472 652 temporalia
2496 624 2510 648 ,
2542 599 2661 653 quae
2692 582 2893 639 multos
2925 597 3032 638 non
3068 582 3268 639 habere
3295 584 3512 656 videas,

1911 686 1967 731 et
2015 691 2137 731 cum
2185 674 2474 730 habuerint
2520 676 2840 745 perdidisse.
2872 676 3025 743 Quod
3058 677 3102 731 si
3137 676 3343 731 dixerit
3368 679 3511 747 quis,

1912 768 1999 824 cui
2028 767 2241 823 dimitto
2272 776 2455 823 tantas
2481 764 2698 823 divitias
2730 784 2746 821 :
2789 764 3117 837 respondeo,
3162 764 3385 822 Christo
3422 769 3512 837 qui

1910 862 2053 918 mori
2082 878 2187 917 non
2212 869 2409 932 potest.
2440 862 2608 928 Quem
2640 860 2840 929 habeo,
2866 860 3064 931 inquis,
3095 859 3394 927 haeredeut,
3426 862 3510 928 lp-

1909 968 2029 1010 sum
2074 970 2233 1024 quem
2286 963 2338 1009 et
2369 953 2656 1009 Dominum
2690 970 2703 1007 :
2742 953 3169 1009 ContrlStabitur
3198 962 3372 1022 pater,
3416 954 3510 1008 sed

1909 1045 2182 1100 irtabitur
2206 1043 2455 1100 Christus
2481 1063 2493 1099 :
2534 1043 2739 1116 lugebit
2767 1043 2970 1101 familia
2993 1087 3008 1111 ,
3041 1044 3135 1102 sed
3166 1045 3346 1116 angeli
3382 1060 3511 1101 con-

1904 1134 2340 1205 gratulabuutur.
2372 1134 2559 1191 Faciat
2593 1144 2745 1206 pater
2773 1134 2919 1207 quod
2952 1137 3064 1191 vult
3098 1136 3168 1193 do
3207 1136 3513 1194 substantia

1903 1242 1999 1285 sua
2044 1246 2058 1284 :
2090 1243 2195 1285 non
2226 1242 2287 1285 es
2330 1228 2449 1299 ejus
2480 1228 2568 1285 cui
2604 1238 2766 1284 natus
2810 1244 2891 1296 es,
2920 1230 3017 1285 sed
3055 1232 3141 1287 cui
3179 1240 3426 1297 renatus,
3458 1238 3514 1287 et

1903 1322 1994 1391 qui
2025 1322 2091 1377 de
2110 1318 2301 1393 grandi
2327 1320 2503 1391 pretio
2526 1317 2761 1376 redemit
2789 1321 3066 1392 sanguinis
3092 1321 3195 1377 sui.
3222 1320 3341 1377 Non
3364 1337 3511 1393 qna:-

1905 1428 2097 1471 ruutur
2138 1418 2190 1471 in
2221 1415 2549 1471 Christianis
2581 1416 2757 1483 initia,
2795 1416 2891 1471 sed
2926 1415 3070 1472 ﬁnis.
3119 1416 3325 1473 Paulus
3366 1420 3509 1475 male

1902 1505 2091 1575 coepit,
2123 1506 2216 1561 sed
2239 1506 2377 1563 bene
2399 1506 2575 1561 ﬁnivit
2606 1522 2621 1561 :
2648 1505 2804 1563 ludat
2828 1506 3117 1563 laudantur
3136 1508 3381 1571 exordia,
3412 1508 3508 1564 sed

1905 1597 2027 1652 linis
2051 1595 2362 1668 proditione
2382 1594 2689 1653 damnatur.
2716 1595 2772 1651 in
2800 1610 2961 1652 servo
2994 1596 3086 1653 Dei
3117 1612 3224 1651 non
3258 1598 3505 1667 corporis

210 1691 337 1748 lude
378 1692 601 1747 avaritia
632 1703 862 1748 conatur
892 1692 1227 1762 irrumpere,
1258 1690 1386 1746 inde
1426 1697 1621 1746 venter
1648 1703 1798 1745 meus
1829 1683 1876 1746 B
1905 1686 2105 1754 cultus,
2155 1686 2249 1744 sed
2290 1687 2483 1744 anima:
2510 1688 2662 1759 vigor
2687 1688 2967 1759 quaeritur,
3008 1688 3098 1761 qui
3129 1687 3312 1745 carnis
3352 1687 3507 1744 infir-

209 1784 324 1839 vult
351 1784 483 1839 milti
514 1784 655 1839 Deus
684 1798 808 1839 esse
840 1798 938 1855 pro
963 1781 1205 1838 Christo.
1236 1779 1525 1850 Compellit
1554 1778 1724 1835 libido
1746 1786 1805 1835 ut

208 1875 546 1931 habitantem
566 1875 621 1931 in
644 1891 730 1933 nte
758 1876 1025 1947 Spiritum
1056 1884 1301 1930 sanctum
1330 1871 1541 1943 fugem,
1575 1881 1633 1927 ut
1663 1880 1802 1926 tem-

208 1970 359 2038 plum
394 1969 488 2024 Dei
518 1969 713 2025 violem
750 1986 763 2025 :
798 1967 1146 2040 persequitur
1175 1980 1283 2033 me,
1325 1967 1571 2037 inquam,
1604 1964 1802 2030 hostis,

208 2061 291 2114 cui
324 2059 543 2113 nomina
568 2060 718 2115 mille
737 2071 792 2115 et
820 2059 973 2115 mille
995 2052 1227 2115 nocendi
1253 2067 1381 2113 sunt
1405 2067 1585 2120 artes;
1615 2064 1667 2112 et
1703 2064 1806 2127 ego

211 2150 395 2204 infelix
448 2150 709 2207 victorem
757 2166 845 2206 me
885 2151 1088 2221 putabo
1118 2151 1243 2205 dum
1272 2148 1478 2219 capior.
1526 2146 1807 2203 Perfectus

212 2260 400 2301 servus
434 2244 638 2300 Christi
677 2241 809 2298 nihil
855 2254 1055 2314 prmter
1080 2242 1359 2298 Christum
1391 2241 1593 2297 habeat
1625 2256 1639 2294 :
1674 2238 1807 2295 alio-

212 2340 340 2407 quin
372 2339 648 2410 pertectus
670 2350 775 2391 non
808 2346 927 2401 est;
952 2344 1008 2391 et
1034 2336 1078 2390 si
1110 2334 1390 2406 perfectus
1417 2348 1523 2389 non
1546 2341 1648 2400 est,
1678 2347 1805 2389 cum

215 2446 271 2486 se
298 2428 596 2499 perfectum
623 2428 738 2483 fore
768 2428 881 2483 Deo
906 2427 1183 2497 pollicitus
1215 2428 1285 2480 sit
1315 2437 1458 2485 ante.
1496 2425 1756 2482 mentitur
1788 2441 1803 2480 :

217 2540 269 2576 os
297 2532 466 2575 aufem
492 2520 631 2584 quod
660 2520 904 2574 mentitur
933 2520 1119 2572 occidit
1148 2518 1375 2571 animum
1397 2518 1415 2586 (
1435 2516 1562 2588 Sap.
1590 2528 1639 2580 t,
1675 2516 1732 2571 ll
1754 2514 1803 2587 ).

152 2676 155 2677 ν
216 2612 513 2668 Monachus
543 2614 597 2667 in
625 2628 719 2668 sua
752 2613 925 2683 patria
957 2628 1063 2667 non
1096 2610 1260 2665 habet
1290 2609 1551 2663 honorem
1574 2649 1587 2671 ,
1618 2617 1674 2663 et
1712 2608 1803 2663 ubi

215 2705 387 2761 honor
415 2722 522 2761 non
551 2715 654 2772 est,
687 2704 759 2762 ibi
788 2713 1132 2777 contemptus
1158 2713 1242 2760 est
1269 2722 1283 2757 :
1314 2701 1402 2758 ubi
1430 2712 1802 2772 contemptus,

216 2797 287 2853 ibi
318 2800 574 2868 frequens
622 2798 815 2868 injuria
838 2841 852 2867 ,
885 2798 956 2853 ibi
1001 2806 1057 2853 et
1083 2796 1382 2867 indignatio
1413 2812 1427 2849 :
1460 2794 1551 2849 ubi
1584 2805 1638 2850 et
1666 2792 1806 2850 indi-

214 2892 414 2961 gnatio,
450 2890 521 2947 ibi
551 2892 704 2963 quies
732 2891 881 2946 nulla
921 2909 933 2945 :
967 2891 1054 2946 ubi
1082 2892 1235 2957 quies
1262 2905 1369 2945 non
1401 2898 1517 2957 est,
1551 2888 1621 2944 ibi
1650 2904 1804 2944 mens

213 3000 239 3038 a
270 2987 559 3056 proposito
601 3000 748 3052 saepe
780 2978 1085 3039 deducitur.
1119 2983 1219 3041 Ubi
1260 2992 1438 3037 autem
1471 2997 1566 3051 per
1594 2981 1805 3054 inquie-

1908 1779 2095 1834 mitate
2123 1778 2185 1834 ﬁt
2225 1779 2435 1836 fortior.
2472 1778 2619 1835 Nihil
2642 1780 2721 1836 sic
2751 1778 3049 1835 inﬂammat
3072 1794 3324 1852 corpora,
3360 1788 3416 1837 et
3444 1780 3510 1837 ti-

1911 1868 2052 1924 tillat
2094 1868 2336 1925 membra
2366 1871 2647 1940 genitalia,
2683 1872 2955 1941 quomodo
2995 1872 3293 1943 indigestus
3325 1872 3504 1941 cibus,

1907 1970 2205 2031 ructusque
2232 1960 2526 2017 convulsus
2571 1977 2587 2017 :
2626 1960 2889 2033 quidquid
2919 1962 3279 2033 {seminarium
3312 1964 3507 2035 volup-

1912 2062 2081 2107 tatum
2117 2061 2223 2118 est,
2260 2063 2318 2107 ut
2354 2067 2624 2109 venenum
2654 2052 2933 2108 vitandum
2977 2064 3081 2109 est.
3114 2054 3313 2109 Parcus
3340 2056 3506 2125 igitur

1910 2144 2086 2210 cibus,
2118 2153 2175 2199 et
2201 2154 2393 2201 venter
2440 2160 2659 2215 semper
2703 2145 2953 2201 esuriens
2983 2145 3242 2201 triduanis
3277 2146 3500 2217 jejuniis

1911 2237 2233 2308 prmfertur:
2270 2237 2498 2294 multum
2531 2237 2726 2293 melius
2747 2249 2829 2293 est
2849 2238 3091 2310 quotidie
3110 2253 3322 2308 parum,
3340 2256 3500 2309 quam

1908 2346 2037 2385 raro
2062 2330 2194 2385 satis
2234 2346 2471 2386 sumere.
2502 2330 2689 2386 Pluvia
2721 2331 2813 2386 illa
2841 2332 3045 2403 Optima
3095 2340 3199 2399 est,
3232 2349 3353 2404 quae
3379 2349 3507 2389 sen-

1908 2422 2013 2477 sim
2047 2422 2334 2478 descendit
2359 2423 2411 2477 in
2442 2432 2648 2488 terras;
2694 2423 2909 2478 subitus
2940 2433 2995 2479 et
3024 2424 3223 2479 nimius
3253 2425 3426 2480 imber
3455 2427 3506 2482 in

1910 2524 2150 2584 [.rzeceps
2176 2530 2303 2569 arva
2334 2515 2617 2570 subvertit.
2640 2515 2867 2583 Quando
2889 2516 3151 2582 comedis,
3172 2516 3347 2587 cogita
3364 2518 3506 2587 quod

1907 2608 2089 2660 statim
2136 2606 2229 2661 tibi
2257 2607 2547 2673 orandum,
2582 2608 2728 2661 illico
2754 2607 3040 2679 legendum
3085 2612 3176 2663 sit.
3209 2608 3325 2663 Non
3356 2625 3505 2678 quac-

1908 2714 1998 2756 ras
2032 2700 2086 2755 iu
2126 2697 2395 2756 monacho
2440 2698 2637 2770 lingua:
2691 2701 2949 2767 nitorem,
2996 2700 3091 2755 sed
3135 2702 3329 2755 animzc
3361 2703 3509 2770 puri-

1911 2802 2100 2851 tatem.
2134 2791 2289 2863 Apud
2323 2791 2611 2863 religiosos
2649 2791 2793 2847 enim
2826 2792 3163 2847 solmcismus
3190 2807 3416 2864 magnus
3448 2798 3505 2849 et

1910 2886 2097 2941 vitium
2126 2927 2141 2952 ,
2182 2896 2338 2957 turpe
2369 2883 2571 2957 aliquid
2605 2885 2685 2940 vel
2729 2900 2951 2940 narrare
2978 2884 3060 2940 vel
3094 2885 3292 2941 facere.
3332 2884 3504 2941 Veneo

1909 2978 2109 3035 rationi
2164 2978 2412 3035 habenda
2470 2991 2553 3035 est
2605 2996 2712 3034 non
2766 2978 2997 3034 verbosa
3054 2980 3356 3045 rusticitas,
3408 2976 3504 3037 sed

215 3077 454 3133 tudinem
483 3075 687 3147 aliquid
717 3075 954 3131 aufertur
984 3091 1050 3131 ex
1092 3072 1271 3130 studio
1294 3115 1309 3141 ,
1341 3071 1521 3128 minus
1552 3071 1611 3128 ﬁt
1638 3074 1708 3129 ab
1736 3088 1805 3129 eo
1830 3072 1875 3134 C
1911 3080 2092 3128 sancta
2125 3072 2466 3145 simplicitas.
2501 3072 2746 3130 Stadium
2794 3080 2877 3128 est
2918 3070 3035 3127 hcec
3072 3072 3178 3125 vita
3210 3071 3455 3127 mortalis
3488 3089 3504 3130 :

212 3172 350 3242 quod
379 3171 588 3226 tollitur
609 3189 621 3224 :
642 3179 697 3226 et
722 3170 807 3225 ubi
833 3170 1013 3226 minus
1036 3176 1142 3233 est,
1163 3166 1456 3239 perfectum
1486 3182 1592 3223 non
1626 3176 1804 3239 potest

211 3260 333 3318 dici.
367 3261 449 3319 Ex
479 3262 582 3318 hac
606 3260 988 3332 supputatione
1012 3262 1101 3316 illa
1121 3276 1328 3317 summa
1349 3260 1608 3323 nascitur,
1625 3273 1804 3316 mona-

210 3353 367 3410 chum
400 3355 697 3424 perfectum
724 3354 775 3407 iu
802 3353 967 3423 patria
992 3368 1087 3406 sua
1111 3367 1359 3407 essenon
1391 3366 1569 3421 posse.
1590 3351 1800 3405 Perfec-

212 3454 317 3499 tum
366 3457 549 3501 autem
604 3445 746 3500 nolle
783 3460 923 3509 esse,
961 3444 1277 3513 delinquere
1302 3452 1405 3499 est.
1437 3444 1482 3498 0
1523 3443 1797 3499 desertum

208 3535 407 3593 Christi
425 3537 648 3592 floribus
670 3537 923 3593 vernans!
950 3536 993 3590 0
1015 3535 1251 3591 solitudo
1275 3534 1325 3589 in
1352 3550 1453 3606 qua
1470 3532 1544 3589 illi
1573 3549 1795 3589 nascuno

208 3639 289 3685 tur
310 3629 623 3703 lapides,de
646 3630 917 3701 quibusin
946 3628 1271 3701 Apocalypsi
1296 3626 1488 3683 civitas
1511 3628 1685 3699 magni
1710 3644 1797 3683 τε·

206 3723 279 3791 gis
301 3723 625 3777 exstruitur.
642 3723 685 3778 0
712 3737 928 3777 eremns
953 3720 1201 3777 familiari
1229 3722 1336 3775 Deo
1356 3718 1629 3791 gaudens!
1656 3716 1793 3788 Quid

205 3816 333 3884 agis,
384 3814 673 3874 monacho.
726 3814 780 3868 in
821 3814 1041 3881 smculo,
1072 3812 1161 3883 qui
1211 3812 1383 3880 major
1427 3826 1487 3865 es
1538 3810 1737 3865 mundo
1777 3830 1792 3868 :

205 3907 454 3977 quamdiu
483 3916 535 3961 te
578 3917 841 3961 tectorum
876 3907 1083 3960 umbrat}
1122 3912 1399 3976 premunt,
1428 3904 1684 3973 quamdiu
1714 3904 1795 3959 iu-

204 4014 475 4054 mosarunt
495 3996 705 4053 urbium
727 4014 916 4053 carcer
935 3997 1181 4051 includit.
1207 3996 1587 4063 Paupertatem
1615 3998 1790 4064 times,

203 4093 287 4147 sed
319 4092 513 4147 beatos
560 4106 822 4161 pauperes
848 4090 1094 4145 Christus
1138 4087 1395 4158 appellat.
1439 4085 1649 4143 Labore
1687 4098 1795 4143 ter-

202 4187 354 4254 reris,
390 4185 486 4241 sed
534 4200 695 4239 nemo
737 4184 940 4238 athleta
973 4182 1092 4236 sine
1121 4180 1415 4235 sudoribus
1450 4190 1744 4235 coronatur
1775 4197 1788 4233 :

200 4277 261 4331 de
288 4277 413 4332 cibo
438 4274 663 4349 cogitas,
694 4278 788 4331 sed
822 4274 957 4330 fides
987 4273 1184 4329 famem
1223 4288 1331 4327 non
1370 4272 1534 4327 sentit
1572 4290 1585 4327 :
1619 4281 1673 4328 et
1700 4287 1791 4327 su-

201 4387 289 4442 per
324 4372 525 4426 nudam
569 4370 764 4426 metuis
813 4367 1036 4425 humunt
1087 4382 1251 4425 exesa
1297 4365 1519 4439 jejuniis
1542 4366 1786 4421 membra

1910 3167 1997 3222 hic
2043 3168 2449 3236 contendimus,
2482 3178 2541 3223 ut
2581 3166 2711 3224 alibi
2760 3182 3105 3223 coronemur.
3152 3164 3267 3221 Non
3308 3170 3506 3237 quaerit

1905 3261 2157 3318 diabolus
2186 3262 2435 3317 homines
2478 3260 2746 3327 inﬁdeles,
2783 3277 2889 3314 non
2941 3276 3037 3314 eos
3068 3259 3157 3329 qui
3191 3258 3322 3313 foris
3353 3271 3501 3322 sunt,

1904 3362 1958 3410 et
1990 3371 2220 3427 quorum
2270 3367 2465 3408 carnes
2511 3368 2609 3407 rex
2657 3353 2911 3423 Assyrius
2941 3350 2993 3404 in
3026 3366 3150 3405 ossa
3199 3352 3501 3418 succendit,

1902 3447 1995 3501 sed
2026 3447 2093 3501 de
2123 3443 2360 3500 Ecclesia
2383 3456 2575 3510 rapere
2599 3441 2843 3495 festinat.
2874 3440 3027 3495 Escae
3055 3442 3173 3509 ejus
3201 3441 3503 3499 secundum

1902 3537 2158 3595 Abacuch
2209 3532 2529 3607 prophetam
2584 3532 2773 3588 electae
2824 3542 2968 3587 sunt.
3022 3531 3125 3586 Job
3182 3531 3499 3589 subvertere

1902 3632 2081 3701 cupit,
2120 3638 2175 3685 et
2200 3629 2464 3683 devorato
2500 3624 2656 3689 Juda,
2694 3625 3078 3696 Apostolorum
3112 3628 3315 3695 expetit
3346 3635 3503 3696 pote-

1902 3734 2121 3780 statem.
2144 3723 2261 3778 Non
2278 3722 2798 3792 siuascogitationes
2825 3734 3076 3775 crescere
3108 3722 3158 3774 in
3182 3718 3348 3775 corde
3367 3729 3457 3775 tuo
3480 3738 3495 3776 :

1900 3816 2036 3871 nihil
2069 3815 2123 3870 in
2157 3826 2208 3873 te
2239 3814 2613 3886 Babylonium,
2651 3812 2784 3868 nihil
2816 3812 3156 3869 confusionis
3194 3813 3496 3869 adolescat.

1901 3910 2037 3964 Dum
2090 3924 2285 3977 parvus
2322 3916 2405 3963 est
2437 3909 2629 3969 hostis,
2680 3906 2945 3961 interﬁce.
2982 3906 3229 3977 Nequitia
3264 3908 3498 3962 elidatur

1899 4003 1951 4057 in
1984 4002 2211 4066 semine,
2251 3999 2395 4071 quid
2439 4000 2778 4067 impossibile
2828 4009 2911 4054 est
2961 4000 3012 4052 in
3067 4014 3230 4052 sensu
3263 3998 3499 4054 hominis

1898 4111 2004 4149 non
2029 4092 2186 4160 oriri,
2208 4104 2333 4147 noto
2357 4092 2715 4148 medullarum
2744 4092 2949 4146 calore.
2981 4090 3075 4145 llle
3110 4089 3378 4153 laudatur,
3410 4090 3500 4145 ille

1896 4187 2223 4259 praedicatur
2253 4187 2465 4253 beatus,
2492 4186 2583 4253 qui
2615 4200 2737 4239 cum
2777 4183 3133 4253 cogitationes
3158 4196 3284 4235 snas
3323 4183 3496 4237 inetu-

1895 4282 2098 4352 periut,
2132 4279 2411 4347 interﬁcit,
2442 4291 2495 4336 et
2527 4279 2681 4335 elidit
2706 4294 2799 4334 eas
2822 4277 2889 4333 ad
2910 4285 3301 4349 petram,petra
3319 4288 3492 4331 autem

1894 4381 2003 4427 erat
2044 4370 2280 4426 Christus
2322 4369 2367 4443 (Ι
2398 4370 2517 4426 Cor.
2558 4385 2612 4439 ι,
2652 4369 2726 4440 l).
2765 4366 3062 4424 Monachus
3104 4368 3147 4422 si
3202 4365 3492 4435 ceciderit,

198 4464 505 4530 considere,
539 4463 633 4519 sed
678 4462 938 4517 Dominus
974 4459 1152 4517 tecum
1186 4460 1349 4531 jacet.
1399 4458 1659 4529 Squalido
1697 4473 1788 4515 ca-
1816 4460 1871 4521 D
1895 4466 2071 4522 orabit
2123 4478 2223 4535 pro
2260 4477 2327 4519 eo
2360 4463 2642 4518 sacerdos.
2688 4460 2794 4517 Pro
2834 4458 3138 4516 sacerdotis
3188 4458 3341 4528 lapsu
3371 4459 3496 4529 quis

198 4557 314 4627 pitis
343 4556 607 4625 horrore,
639 4566 692 4612 et
740 4555 941 4611 inculta
988 4554 1259 4621 caesaries,
1308 4550 1405 4609 sed
1444 4560 1604 4622 caput
1634 4562 1785 4607 tuum

197 4648 440 4705 Christus
478 4657 580 4704 est.
616 4646 821 4703 Inﬁnita
850 4647 1018 4703 eremi
1051 4645 1274 4702 vastitas
1300 4654 1490 4711 terret,
1522 4644 1616 4700 sed
1645 4650 1700 4699 tu
1730 4645 1781 4699 in

198 4747 444 4816 paradiso
471 4756 652 4802 mente
682 4744 971 4801 deambula
1006 4761 1019 4798 :
1045 4743 1491 4815 quotiescumque
1533 4739 1662 4797 illuc
1692 4756 1785 4797 co-

198 4837 450 4906 gitatione
503 4835 927 4904 transcenderis,
978 4835 1145 4889 toties
1190 4833 1241 4888 in
1272 4848 1458 4888 eremo
1504 4848 1612 4887 non
1643 4832 1776 4888 eris.

196 4929 385 4987 Seabra
440 4928 567 4986 sine
613 4929 824 4986 balneis
869 4927 1160 4983 attrahitur
1203 4924 1381 4992 cutis,
1432 4924 1525 4979 sed
1581 4924 1671 4993 qui
1723 4924 1777 4980 in

197 5020 401 5081 Christo
433 5022 606 5079 semel
637 5022 777 5077 lotus
802 5030 907 5088 est,
956 5035 1063 5076 non
1095 5018 1175 5074 illi
1210 5031 1434 5074 necesse
1469 5026 1549 5071 est
1582 5015 1777 5071 iterum

197 5113 349 5174 lavari
386 5134 403 5175 :
444 5125 503 5172 et
553 5122 613 5171 ut
640 5114 878 5172 breviter
903 5113 971 5168 ad
1004 5120 1197 5169 cuncta
1230 5109 1549 5182 Apostolum
1594 5109 1781 5164 audias

197 5208 605 5280 tespondenlem
642 5226 655 5263 :
700 5205 821 5263 Non
863 5216 983 5260 sunt
1019 5205 1295 5277 condigna:
1321 5201 1586 5273 passiones
1627 5200 1782 5268 hujus

194 5306 423 5375 imparis
455 5304 527 5357 ad
570 5305 799 5375 futuram
828 5300 1049 5373 gloriam
1086 5315 1200 5369 quae
1226 5295 1530 5353 revelabitur
1557 5296 1610 5349 in
1637 5294 1783 5349 nobis

196 5392 365 5465 (Rom.
389 5411 512 5459 vm,
549 5393 662 5466 18).
699 5392 971 5450 Delicatus
1012 5391 1169 5447 miles
1216 5406 1297 5457 es,
1330 5389 1376 5445 si
1408 5389 1495 5445 hic
1534 5389 1614 5443 vis
1648 5402 1779 5458 gau-

196 5484 317 5543 dere
346 5488 401 5545 in
433 5489 657 5558 saaculo,
686 5498 743 5543 et
776 5496 956 5558 postea
986 5501 1213 5558 regnare
1242 5499 1364 5541 cum
1394 5482 1630 5537 Christo.
1675 5479 1785 5536 Ho-

196 5594 316 5640 nora
346 5591 560 5656 patrem
593 5592 772 5653 tuum,
797 5581 893 5639 sed
923 5582 969 5638 si
997 5590 1049 5639 te
1078 5597 1107 5637 a
1136 5593 1270 5637 vero
1306 5578 1463 5634 Patre
1491 5591 1597 5631 non
1626 5588 1785 5647 sepa-

1891 4556 2219 4631 rogaturusl
2246 4556 2645 4613 Detrimentum
2676 4556 2912 4626 pecoris,
2934 4553 3166 4625 pastoris
3197 4550 3492 4623 ignominia

1889 4662 1991 4709 est.
2018 4650 2373 4710 Beatitudinis
2403 4660 2510 4706 tua:
2536 4649 2921 4718 interrogatio,
2940 4646 3235 4718 disputatio
3264 4645 3387 4711 fuit,
3413 4647 3492 4705 sic

1887 4745 2150 4816 quaesisse
2177 4741 2495 4813 quaerenda,
2527 4749 2584 4795 ut
2614 4739 2695 4794 via
2721 4739 2793 4794 sit
2822 4737 3037 4793 dedisse
3064 4736 3327 4808 quesitis.
3362 4737 3494 4795 Per-

1886 4837 1978 4893 det
2004 4835 2385 4892 auctoritatem
2416 4831 2655 4897 dicendi,
2688 4829 2843 4901 cujus
2870 4843 3056 4885 sermo
3076 4843 3241 4899 opere
3260 4828 3495 4886 destrui-

1888 4936 1997 4983 tur.
2036 4926 2305 4983 lnnncens
2357 4923 2564 4995 absque
2617 4936 2874 4978 sermone
2922 4920 3269 4977 conversatio
3309 4938 3493 4980 sacer-

1888 5018 2052 5083 dotis,
2103 5026 2367 5090 quautum
2420 5015 2675 5085 exemplo
2724 5014 2964 5085 prodest,
3010 5024 3217 5070 tantum
3269 5016 3491 5072 silentio

1890 5120 2073 5170 nocet.
2103 5110 2324 5167 Latratu
2363 5106 2507 5162 enim
2550 5120 2747 5161 canum
2787 5114 2841 5160 et
2898 5104 3093 5162 baculo
3137 5107 3372 5180 pastoris
3404 5108 3491 5161 lu-

1890 5222 2088 5278 porum
2128 5201 2309 5261 rabies
2359 5198 2611 5256 terrenda
2650 5208 2752 5255 est.
2797 5198 3068 5259 Violentia
3118 5201 3403 5273 impiorum
3434 5208 3493 5256 et

1890 5306 2323 5357 comessatorum
2367 5302 2487 5363 est,
2535 5307 2643 5349 non
2675 5294 3040 5350 sacerdotum.
3094 5295 3150 5350 in
3189 5295 3316 5350 vino
3344 5294 3487 5349 enim

1892 5394 2127 5462 luxnria,
2162 5393 2212 5446 itt
2234 5388 2445 5444 luxuria
2473 5387 2742 5457 voluptas,
2771 5388 2822 5441 in
2843 5389 3121 5459 voluptate
3150 5386 3490 5458 impudicitia

1889 5494 1990 5542 est.
2026 5486 2141 5541 Non
2174 5483 2474 5539 moriturus
2510 5479 2635 5553 quis
2660 5480 2902 5537 victurus
2931 5482 3217 5539 occiditur.
