4012 6190
448 188 557 246 519
1472 182 1532 240 S.
1576 180 1961 240 lllERONYMl
1999 180 2287 240 OPERUM
2326 180 2691 239 MANTISSA.

459 305 3742 332 ww

963 428 1600 505 ADMONITIO
1674 428 1821 499 DE
1905 395 2696 513 SUBSEQUENTE
2773 428 3252 510 REGULA.

532 728 806 781 Auctorem
828 725 941 796 ipsa
969 722 1182 796 prazfert
1211 722 1501 796 inscriptio,
1533 719 1739 787 Lupum
1760 720 1824 773 de
1855 718 2060 796 Olmeto
2097 718 2483 796 Hispalettsem,
2504 720 2593 796 qui
2625 737 2703 796 ca:_
2720 722 3025 796 Hieronymi
3055 724 3265 790 scriptis
3292 724 3363 778 ad
3391 725 3673 794 propriam
3705 726 3778 795 {a-

460 798 655 852 miliam
685 791 1077 849 instaurandum
1106 792 1330 863 ﬁdeliter
1362 791 1684 863 feliciterque
1711 791 1992 863 sententias
2020 792 2292 863 expressit.
2330 791 2457 863 Fuit
2496 791 2585 845 ille
2619 792 2714 845 sub
2746 791 2949 846 initium
2978 795 3164 847 decimi
3185 795 3352 859 quinti
3392 791 3599 856 sa’culi.
3633 791 3781 850 ut'se

458 869 584 923 dicit
613 868 743 939 ipse,
768 866 960 921 Frater
983 861 1299 919 monasterii
1336 863 1396 918 S.
1426 861 1607 939 bla‘riaé
1629 861 2044 939 de_Gnadalupe
2074 862 2300 939 Ordinis
2327 862 2385 939 _S.
2418 863 2737 939 Hieronymi
2768 863 3048 934 professus
3080 883 3097 920 :
3131 867 3316 919 deinde
3344 866 3397 919 in
3429 868 3664 939 priorem
3694 885 3778 939 ge-

462 926 709 1000 neraleitt,
734 926 793 990 ut
823 944 1376 1007 vocant,_assumptus.
1406 933 1670 1007 Laborem
1696 934 1833 1007 hunc
1854 926 2033 1007 suum,
2066 950 2169 1004 quo
2211 934 2438 1007 quidem,
2469 926 2707 1005 apposite
2746 926 3205 1007 congruenterque,
3233 952 3349 1006 qua!
3380 926 3450 990 ad
3486 926 3778 993 Monac/ias

464 1011 744 1078 pertinent,
764 1008 903 1061 dicta
924 1008 989 1078 8ἶ
1015 1002 1194 1078 Patris
1218 1002 1508 1078 insigniora
1531 1004 1833 1078 continuit,
1854 1002 2152 1078 Flores,ut
2177 1002 2398 1078 videtur,
2423 1002 2865 1078 ipse'inscripsitf
2880 1002 3139 1078 Summus
3154 1002 3388 1078 poriti[ea:
3417 1007 3688 1065 Martinus
3710 1009 3774 1074 γ,

459 1074 518 1133 eo
538 1080 819 1143 advivente,
854 1077 945 1132 sub
974 1076 1197 1145 Regulae
1225 1074 1699 1145 Monachornmis.
1738 1074 2053 1145 Hieronymi
2100 1076 2306 1129 nomine
2353 1074 2456 1130 suis
2486 1076 2669 1145 litteris
2697 1074 3066 1144 comprobavit.
3104 1074 3233 1131 Post
3276 1074 3488 1132 Erasini
3515 1090 3694 1135 autem
3734 1090 3778 1133 et

1024 1130 1285 1202 riceusuit
1316 1144 1414 1199 Fr.
1450 1146 1577 1200 Pius
1612 1144 1815 1198 Rubeus
1844 1146 1908 1198 de
1936 1130 2230 1210 Placentia,
2261 1146 2522 1216 ediditque
2540 1144 2686 1199 Comi
2713 1130 2850 1201 αηηό
2879 1149 3011 1203 1621
3041 1149 3138 1202 sub
3162 1130 3781 1216 ’FIanm’iiiu'iﬁiiiui;

462 1222 528 1276 tis
553 1222 743 1300 assulis
768 1237 829 1300 ef
850 1220 1048 1300 integro
1068 1217 1737 1300 capitibus,.nonnullisque
1757 1217 1876 1300 aliis
1898 1216 2319 1300 "armatiita-quae
2339 1218 2443 1300 sibi
2484 1218 2549 1271 ab
2572 1216 2999 1300 Ilierongmianis
3042 1219 3221 1300 aliena
3262 1220 3602 1300 uidebantur-1
3641 1224 3781 1300 Ope-

462 1308 535 1347 rte
562 1294 614 1347 in
662 1309 720 1345 eo
751 1287 976 1360 aliquod
1007 1291 1228 1361 pretium
1270 1289 1413 1358 fecit,
1442 1288 1581 1361 quod
1626 1287 1965 1361 allegationes
2013 1287 2237 1360 singulis
2264 1288 2546 1361 quibusque
2575 1287 2821 1359 capitulis
2851 1291 2920 1343 ad
2947 1292 3320 1346 sententiarum
3347 1293 3460 1345 loca
3487 1287 3781 1346 indicanda

463 1363 679 1432 subjecit
707 1378 725 1415 :
747 1358 853 1433 qua
883 1358 1095 1433 quidem
1124 1376 1285 1433 Opera
1308 1368 1353 1413 et
1384 1376 1478 1433 nos
1502 1360 1580 1413 usi
1600 1358 1889 1433 aliquando
1910 1358 2121 1433 sumus,
2142 1374 2259 1433 eum
2289 1358 2469 1413 tamen
2504 1358 2672 1413 locum
2703 1369 2749 1412 et
2778 1376 3050 1433 numerum
3079 1364 3260 1424 secuti,
3291 1378 3438 1430 quem
3465 1363 3517 1416 in
3545 1363 3781 1433 editione

464 1428 641 1487 nostra
666 1428 904 1488 obtinent
924 1432 1117 1504 scripta
1150 1430 1214 1485 S.
1247 1429 1704 1504 Patrisgenuina,
1728 1428 2198 1504 non_supposititia
2238 1444 2513 1504 ;__qu_orum
2538 1446 2645 1504 non
2671 1431 2907 1504 eamdem
2950 1433 3208 1504 rationem
3236 1428 3529 1486 habuimus.
3565 1432 3782 1504 Propo-

465 1506 663 1558 suimus
703 1511 873 1556 autem
897 1499 1043 1557 nobis
1069 1499 1535 1573 recognoscendum
1562 1499 2060 1573 restituendumque,
2089 1516 2195 1553 non
2232 1499 2368 1553 illud
2409 1503 2546 1564 quod
2588 1499 2818 1555 diximus
2849 1512 2919 1556 tot
2947 1502 3075 1556 locis
3102 1520 3135 1555 a
3179 1504 3356 1558 Rubeo
3380 1499 3776 1569 interpolatum,

466 1574 558 1629 sed
595 1574 732 1653 quod
759 1573 1007 1627 hactenus
1035 1574 1089 1625 in
1118 1570 1431 1643 postremum
1478 1570 2009 1641 Hieronymiunorum
2053 1587 2081 1623 ο
2124 1588 2264 1624 erum
2313 1581 2506 1624 tomum
2534 1573 2801 1638 exemplar
2847 1575 2961 1638 ejus
3010 1572 3086 1628 Re
3126 1574 3226 1628 ulte
3250 1591 3315 1630 ea:
3344 1574 3482 1649 Lupi
3516 1574 3783 1630 Olmetani

468 1646 641 1698 studio
686 1654 763 1698 est
794 1646 1034 1699 ascitum.
1070 1643 1220 1699 Ouod
1250 1642 1457 1699 quidem
1486 1650 1532 1697 et
1572 1658 1690 1697 cum
1718 1656 1817 1694 ms.
1865 1640 2041 1697 codice
2079 1588 2417 1699 ﬁibliotheca:
2456 1642 2734 1699 Trinitatis
2766 1643 3026 1699 Montium
3056 1592 3120 1699 cf:
3149 1644 3284 1699 Urbe
3313 1646 3657 1699 contulimus.
3690 1663 3783 1699 nec

3093 1662 3120 1702 8

468 1640 641 1698 studio
686 1654 763 1698 est
794 1646 1034 1716 ascitum.
1070 1640 1220 1716 Quod
1250 1642 1457 1713 quidem
1486 1650 1532 1697 et
1572 1640 1694 1697 cum
1718 1656 1817 1694 ms.
1865 1640 2041 1697 codice
2079 1640 2417 1699 Bibliotheca:
2456 1642 2734 1700 Trinitatis
2766 1643 3026 1700 Montium
3056 1640 3120 1702 de
3149 1644 3284 1704 Urbe
3313 1640 3657 1716 contulimus,
3690 1663 3783 1701 nec

472 1716 656 1785 paucis
677 1731 803 1770 sane
833 1714 960 1770 locis
981 1715 1339 1771 emendamus.

1026 1974 1775 2105 REGULA
1863 1975 3216 2111 MONACHORUM

747 2194 756 2270 ξ
812 2188 931 2252 EX
974 2186 1323 2251 SCRIPTIS
1364 2186 1829 2250 HIERONYMI
1871 2187 2025 2250 PER
2065 2187 2337 2251 LUPUM
2380 2189 2486 2251 DE
2529 2195 2557 2225 ⁸
2592 2188 2928 2255 OLMETO
2970 2190 3416 2255 COLLECTA.

1825 2476 2416 2555 PROLOGUS.

552 2667 772 2721 Fratres
800 2659 1131 2727 charissimi,
1168 2672 1273 2714 non
1302 2671 1465 2729 queo,
1508 2671 1670 2729 quem
1712 2664 1897 2713 mente
1945 2672 2074 2713 con-
2106 2662 2161 2722 Α
2256 2659 2459 2715 Verum
2489 2659 2615 2731 quia
2640 2660 2902 2717 memoria
2932 2660 3132 2716 labitur
3162 2676 3175 2713 :
3208 2659 3451 2717 omnium
3478 2674 3607 2731 quae
3635 2659 3781 2731 dise-
3844 2674 3849 2679 '

474 2760 599 2831 cepi
628 2774 725 2814 ore
753 2755 1002 2829 proferre
1034 2767 1368 2817 sermonem,
1410 2759 1466 2807 et
1489 2751 1671 2807 cordis
1705 2751 1945 2806 lmtitiam
1977 2751 2078 2806 lin-
2180 2750 2351 2807 rimus
2376 2751 2657 2809 desideras
2674 2751 3190 2810 Commentariolum
3218 2753 3436 2819 fieri,ut
3452 2753 3778 2809 oblivionem

479 2867 583 2924 gua
613 2866 720 2905 non
754 2848 1021 2918 explicat;
1058 2846 1162 2901 hoc
1189 2854 1369 2901 autem
1404 2861 1510 2899 non
1539 2845 1714 2899 solum
1751 2858 1852 2912 ego
1882 2843 2074 2913 patior,

478 2942 574 3015 qui
610 2943 772 3013 cupio
796 2954 1019 2996 narrare
1042 2954 1161 3010 quae
1193 2937 1390 3004 sentio,
1420 2935 1516 2992 sed
1544 2935 1728 3001 etiam,
1756 2944 1811 2991 et
1840 2950 1937 2991 vos
1966 2950 2079 2990 me-

478 3050 603 3092 cum
635 3032 903 3105 patimini,
931 3032 1049 3101 plus
1075 3029 1416 3086 exsultantes
1456 3029 1509 3083 in
1539 3027 1893 3092 conscientia,
1917 3041 2076 3098 quam

486 3127 541 3185 in
572 3128 792 3198 eloquio
827 3124 1188 3196 proferentes.
1222 3120 1367 3176 Nihil
1391 3118 1701 3174 Christiano
1730 3118 1962 3184 felicius,
1991 3119 2079 3173 cui

484 3220 823 3291 promittitur
846 3230 1073 3287 regnum
1103 3213 1368 3268 cmiorum
1410 3228 1421 3263 :
1455 3209 1589 3264 nihil
1615 3209 1960 3274 laboriosius,
1988 3210 2078 3280 qui

484 3314 552 3369 de
573 3313 682 3367 vita
709 3308 951 3380 quotidie
983 3304 1327 3377 periclitatur
1352 3320 1365 3357 :
1393 3302 1528 3356 nihil
1557 3299 1770 3366 fortius,
1801 3301 1890 3370 qui
1916 3301 2082 3355 vincit

481 3403 757 3461 diabolum
787 3420 798 3455 :
827 3400 959 3455 nihil
1008 3396 1353 3461 imbecillius,
1383 3394 1474 3465 qui
1504 3408 1533 3447 a
1571 3407 1735 3447 carne
1774 3400 2079 3462 superatur.

482 3499 781 3568 Utriusque
805 3496 881 3551 rei
910 3493 1161 3562 exempla
1196 3499 1324 3547 sunt
1349 3488 1598 3559 plurima.
1632 3487 1797 3543 Latro
1824 3486 1997 3542 credit
2028 3486 2079 3541 in

480 3604 664 3652 cruce,
697 3598 752 3643 et
777 3587 962 3641 statim
1004 3590 1247 3639 meretur
1270 3581 1463 3636 audire
1515 3599 1530 3636 :
1580 3578 1739 3631 Amen
1784 3577 1900 3632 dico
1944 3578 2081 3633 tibi:

487 3679 643 3734 Itodie
672 3695 871 3731 mecum
900 3678 998 3729 eris
1029 3678 1083 3730 in
1109 3674 1376 3746 paradiso.
1410 3671 1578 3725 Judas
1604 3685 1734 3725 vero
1764 3669 1831 3725 de
1859 3678 2080 3740 aposto-

485 3774 628 3829 latus
660 3771 875 3841 fastigio
915 3770 969 3824 in
1008 3766 1331 3838 perditionis
1364 3773 1624 3819 tartarum
1654 3763 1868 3832 labitur,
1905 3774 2082 3820 etnec

487 3863 857 3920 familiaritate
883 3860 1120 3916 convivii
1151 3860 1258 3933 [ΑΙ.
1288 3855 1608 3929 communi],
1633 3871 1733 3911 nec
1762 3857 2082 3912 intinctione

486 3956 884 4025 bucellzn,'nec
926 3953 1100 4009 osculi
1135 3950 1305 4023 gratia
1344 3950 1633 4021 frangitur,
1678 3964 1748 4005 ne
1794 3949 1955 4020 quasi
1984 3949 2083 4004 ho-

2182 2842 2345 2899 lectio
2373 2844 2727 2901 consoletur:
2762 2846 2883 2901 ideo
2915 2860 3082 2917 pauca
3115 2860 3237 2917 qua:
3266 2845 3361 2902 tibi
3392 2860 3519 2902 reor
3551 2847 3664 2903 fore
3691 2860 3782 2903 nc-

2180 2935 2443 3005 cessaria,
2469 2935 2675 2991 credidi
2697 2936 3085 2993 subnectenda.
3110 2936 3245 2994 Illuc
3273 2938 3418 2992 enim
3444 2947 3635 2994 nostra
3664 2948 3780 2992 ten-

2182 3025 2262 3081 dit
2287 3026 2469 3082 oratio
2503 3046 2516 3081 :
2543 3038 2600 3083 ut
2626 3044 2857 3099 quorum
2892 3045 3031 3085 unus
3063 3038 3147 3085 est
3176 3030 3355 3099 labor,
3378 3046 3548 3085 unum
3572 3040 3625 3086 et
3652 3043 3783 3100 pra:-

2182 3118 2350 3172 mium
2383 3118 2473 3173 sit.
2506 3118 2835 3191 Navigantes
2867 3136 3099 3192 namque
3129 3121 3371 3179 Rubrum
3397 3136 3573 3189 mare,
3599 3122 3653 3176 in
3679 3134 3781 3192 quo

2181 3211 2477 3280 optandum
2510 3212 2667 3267 nobis
2697 3221 2801 3279 est,
2836 3221 2895 3267 ut
2929 3228 3091 3268 verus
3119 3212 3336 3269 Pharao
3361 3222 3643 3284 mergatur
3662 3227 3781 3267 cum

2182 3315 2281 3356 suo
2320 3300 2565 3357 exercitu
2599 3321 2611 3355 :
2644 3303 2831 3357 multis
2864 3303 3278 3360 difficultatibus
3318 3314 3482 3375 atque
3529 3303 3781 3378 periculis

2182 3392 2251 3448 ad
2288 3393 2478 3448 urbem
2518 3392 2547 3432 δ
2587 3396 2887 3450 maximam
2927 3397 3252 3467 perveniunt
3285 3413 3300 3456 :
3341 3406 3579 3467 utroque
3607 3397 3781 3453 littore

2182 3492 2372 3555 gentes
2390 3500 2540 3556 vaga:
2560 3485 2727 3541 immo
2743 3486 2940 3542 bellua:
2960 3488 3205 3544 habitant
3224 3487 3600 3545 ferocissimae.
3626 3490 3781 3545 Sem-

2184 3594 2281 3650 per
2310 3579 2552 3647 solliciti,
2585 3595 2800 3651 semper
2834 3582 3051 3651 armati,
3088 3583 3256 3639 totius
3291 3583 3418 3637 anni
3468 3582 3675 3637 vehunt
3706 3580 3779 3636 ci—

2184 3671 2380 3727 baria:
2430 3672 2725 3728 latentibus
2769 3673 2916 3731 saxis
2970 3675 3232 3749 vadisque
3273 3674 3587 3732 durissimis
3626 3674 3779 3747 plena

2184 3774 2310 3820 sunt
2335 3767 2539 3823 omnia.

2257 3858 2524 3926 Quorsum
2553 3860 2679 3927 ista,
2712 3861 3063 3933 perSpicuum
3095 3870 3202 3919 est.
3225 3861 3362 3919 Nam
3394 3861 3441 3918 si
3465 3862 3654 3920 surculi
3684 3874 3777 3917 ne-

2184 3951 2484 4022 gotiatores
2508 3960 2656 4007 tanta
2678 3953 2969 4020 sustinent,
3002 3962 3060 4008 ut
3086 3954 3155 4008 ad
3198 3956 3433 4009 incertas
3468 3952 3780 4024 perveniant

486 4051 690 4105 minem
724 4046 1099 4116 tradat,qnem
1126 4044 1316 4099 Filium
1344 4043 1438 4099 Dei
1462 4049 1711 4099 noverat.
1730 4040 1836 4096 Nos
1866 4040 2082 4111 quidem
2115 4039 2163 4099 B
2192 4044 2575 4116 periturasque
2608 4044 2847 4113 divitias,
2883 4056 2938 4101 et
2967 4053 3185 4101 servent
3208 4060 3330 4101 cum
3367 4046 3567 4101 anima:
3597 4042 3781 4101 discri-

487 4157 653 4212 parva
677 4139 986 4195 dimisimus
1022 4157 1035 4194 :
1067 4136 1290 4207 grandia
1322 4134 1686 4208 possidemus,
1720 4133 2083 4203 centuplicato

486 4234 675 4289 fenore
698 4231 903 4288 Christi
942 4229 1208 4302 promissa
1234 4228 1555 4285 redduntur.

559 4327 687 4382 llaec
718 4325 972 4391 dicimus,
1008 4340 1114 4378 non
1147 4334 1253 4377 tam
1286 4321 1558 4393 tibiquam
1585 4322 1704 4378 aliis
1729 4323 1829 4379 sub
1857 4330 1948 4378 tuo
1977 4337 2083 4379 no-

484 4418 654 4487 mine,
698 4426 757 4473 ut
790 4418 962 4488 prima
998 4426 1073 4481 te,
1105 4414 1201 4481 ﬁli,
1237 4415 1412 4471 fronte
1434 4415 1727 4470 doceamus
1755 4429 1947 4486 magna
1974 4430 2084 4471 coe-

487 4514 655 4583 pisse,
673 4522 730 4568 et
751 4513 962 4568 excelsa
985 4511 1203 4577 sectari,
1221 4518 1277 4566 et
1289 4509 1671 4566 adolescentia:
1695 4510 1861 4565 inuno
1880 4508 2077 4580 puber-

487 4605 613 4659 tatis
661 4604 936 4659 incentiva
983 4604 1306 4669 calcantem,
1354 4601 1612 4672 perfectae
1657 4603 1829 4657 (etatis
1857 4602 2083 4672 gradum

488 4695 777 4751 scandere.
813 4696 933 4752 Scis
957 4696 1101 4750 enim
1131 4695 1321 4766 dogma
1360 4704 1606 4749 nostrum
1643 4693 1961 4748 humilitatis
2007 4703 2085 4748 te-

494 4802 627 4844 nere
682 4787 991 4858 vestigium,
1048 4795 1103 4841 et
1154 4801 1253 4857 per
1301 4786 1404 4839 ima
1443 4787 1752 4856 gradientes
1775 4785 1842 4841 ad
1875 4800 2083 4841 summa

493 4893 592 4933 nos
640 4880 954 4935 ascendere.
1006 4879 1170 4950 Igitur
1206 4888 1426 4934 sanctus
1471 4878 1603 4935 mihi
1635 4880 1965 4936 invocandus
2003 4890 2088 4937 est

489 4968 747 5040 Spiritus,
780 4980 841 5025 ut
886 4971 989 5027 hoc
1035 4988 1141 5029 suo
1169 4987 1331 5027 sensu
1382 4988 1477 5027 ore
1506 4988 1628 5029 meo
1657 4974 1930 5029 defendat.
1968 4974 2084 5030 Non

489 5063 711 5134 quidem
741 5078 995 5134 campum
1036 5065 1298 5121 rhetorici
1323 5064 1695 5121 desideramus
1721 5067 1941 5138 eloquii,
1976 5083 2084 5124 non

490 5157 901 5215 dialecticorum
933 5158 1238 5224 tendicula,
1291 5169 1345 5214 et
1379 5160 1689 5214 Aristotelis
1718 5161 1930 5230 spineta
1959 5176 2088 5216 con-

490 5251 809 5321 quirimus:
849 5248 947 5305 sed
996 5249 1063 5304 ad
1109 5258 1421 5305 sanctarum
1473 5249 1877 5321 Scripturarum
1911 5252 2089 5323 gravi-

495 5349 661 5397 tatem
685 5339 1026 5412 confugimus
1057 5359 1071 5396 :
1102 5342 1191 5396 ubi
1221 5342 1505 5398 vulnerum
1529 5357 1656 5399 vera
1680 5343 1943 5400 medicina
1964 5352 2083 5401 est:

492 5432 577 5487 ubi
607 5433 855 5489 dolorum
882 5443 1035 5492 certa
1066 5433 1331 5489 remedia.

564 5624 591 5688 ξι
616 5617 910 5688 Perperam
940 5618 1283 5673 Martianteus
1312 5618 1517 5688 Lupum
1547 5620 1610 5674 de
1632 5620 1831 5677 Oliveto
1862 5631 2041 5679 vocat.

569 5684 596 5723 ι)
619 5684 759 5741 Vide
790 5702 910 5756 quae
938 5690 1041 5745 hoc
1072 5689 1142 5747 de
1171 5690 1339 5745 verbo
1370 5684 1607 5747 diximus
1628 5692 1841 5749 laudata
1864 5694 2075 5767 epistol.

2186 4137 2353 4203 mine,
2378 4153 2499 4210 qua:
2530 4138 2718 4193 multis
2743 4138 2997 4210 periculis
3022 4137 3356 4209 quaesierunt
3389 4157 3403 4192 :
3426 4138 3556 4209 quid
3586 4133 3775 4194 Christi

2186 4234 2517 4304 negotiatori
2561 4232 2871 4289 faciendum
2913 4240 3033 4300 est,
3076 4233 3190 4303 qui,
3220 4232 3458 4288 venditis
3510 4232 3772 4296 omnibus,

2186 4328 2380 4399 qumrit
2416 4327 2871 4399 pretiosissimam
2913 4324 3262 4396 margaritam
3298 4342 3312 4380 :
3355 4327 3447 4396 qui
3485 4327 3614 4381 totis
3658 4322 3777 4378 sub~

2187 4421 2402 4477 stantim
2432 4421 2629 4491 opibus
2658 4420 2795 4477 emit
2832 4436 3042 4491 agrum,
3077 4420 3129 4476 in
3156 4434 3264 4491 quo
3295 4418 3532 4489 reperiat
3569 4418 3777 4474 thesau-

2186 4530 2329 4580 rum,
2362 4528 2521 4584 quem
2552 4527 2655 4569 nec
2679 4513 2763 4566 fur
2790 4512 3054 4579 effodere,
3088 4522 3141 4569 et
3171 4512 3312 4567 latro
3339 4525 3445 4567 non
3483 4512 3653 4582 possit
3686 4522 3777 4561 au-

2190 4607 2352 4663 ferre.
2394 4605 2570 4661 Nosse
2608 4606 2773 4675 igitur
2798 4613 3015 4675 Oportet
3046 4604 3175 4676 quid
3195 4603 3408 4675 jussum
3442 4605 3513 4659 sit
3543 4623 3554 4657 :
3584 4599 3776 4673 quidve

2188 4698 2519 4771 prohibitum
2550 4716 2563 4752 :
2600 4705 2661 4751 ut
2702 4696 2943 4752 scientes
2981 4706 3268 4768 utrumque
3298 4709 3599 4751 servemus.
3628 4689 3774 4746 Alio-

2188 4792 2316 4861 quin
2348 4800 2473 4846 ante
2519 4789 2806 4845 scientiam
2860 4788 3098 4843 mandati
3134 4787 3474 4860 impossibile
3509 4795 3591 4841 est
3621 4793 3774 4837 nosse

2187 4882 2314 4951 quid
2344 4883 2457 4937 liat.
2487 4881 2554 4936 Et
2575 4880 2692 4939 hzec
2720 4896 2825 4953 ego
2848 4896 2957 4936 non
2984 4880 3209 4951 integris
3238 4889 3354 4935 rate
3374 4880 3458 4935 vel
3490 4875 3769 4934 mercibus,

2187 4975 2341 5046 quasi
2398 4975 2621 5045 ignarus
2650 4973 2934 5039 ﬂuctuum,
2977 4972 3170 5027 doctus
3210 4978 3375 5026 nauta
3421 4977 3721 5041 praemoneo
3754 4977 3767 5014 :

2187 5067 2285 5123 sed
2312 5081 2486 5137 nuper
2513 5066 2794 5138 naufragio
2836 5066 3043 5136 ejectus
3064 5066 3118 5121 in
3156 5062 3333 5131 littus,
3357 5060 3538 5117 timida
3561 5054 3771 5123 naviga-

2189 5160 2325 5216 turis
2355 5175 2489 5216 voce
2518 5159 2804 5216 denuntio.
2848 5157 3039 5211 Cuncti
3092 5166 3273 5211 tamen
3321 5154 3430 5211 mei
3469 5162 3655 5209 sensus
3692 5142 3770 5200 af-

2186 5254 2335 5309 fectu
2366 5255 2522 5309 vobis
2565 5268 2700 5308 vaco
2740 5270 2755 5309 :
2796 5250 2894 5308 sed
2937 5249 3045 5321 [Αι.
3074 5255 3287 5304 vacant.
3318 5244 3526 5319 Itaque]
3548 5243 3767 5299 obsecro

2190 5363 2306 5415 vos,
2338 5356 2399 5403 ut
2430 5356 2658 5401 conatus
2699 5360 2850 5401 meos
2886 5342 3221 5399 orationibus
3263 5340 3554 5410 adiuvetis,
3585 5343 3643 5393 ut
3669 5333 3772 5389 D0-

2114 5434 2160 5497 C
2193 5440 2372 5497 minus
2403 5445 2459 5493 et
2487 5437 2738 5495 Salvator
2761 5451 2862 5508 pro
2889 5449 3054 5491 causa
3088 5445 3109 5473 ο
3136 5432 3482 5505 respondeat.

2192 5623 2259 5680 ad
2284 5617 2588 5676 Rusticum.

2263 5704 2285 5733 ο
2317 5693 2656 5753 Interserunt
2681 5688 2806 5760 alii,
2838 5706 2933 5747 suo
2962 5705 3141 5761 sensu,
3171 5702 3258 5745 ore
3287 5702 3420 5743 meo.
