4012 6190
201 227 285 291 321
755 227 1039 290 REGULA
1078 224 1562 291 MONACIIORUM
1600 226 1692 287 EX
1729 222 2044 287 SCRIPTIS
2082 224 2470 286 HIERONYMI
2510 223 2896 286 COLLECTA.
3376 225 3485 286 322

260 344 511 402 Vestrum
534 343 718 417 itaque
744 354 850 414 est,
882 354 942 401 ut
968 346 1304 403 voluntatem
1337 352 1597 416 sequatur
1623 344 1781 401 eﬁ'ec-
1808 346 1857 405 A
1888 342 2067 413 ipsum
2090 340 2322 397 Domino
2343 342 2560 399 dederis
2580 386 2595 411 ,
2623 349 2681 399 et
2704 338 3015 414 Apostolica
3040 340 3243 398 virtute
3270 342 3484 413 perfec-

199 445 294 492 tus.
322 434 501 492 Meum
534 445 619 491 est
649 444 710 491 ut
749 436 915 493 velim
948 456 961 490 :
994 435 1451 494 Obsecrationum
1482 446 1783 492 vestrarum
1889 442 2002 499 tus,
2036 436 2190 506 sequi
2220 436 2452 507 emperis
2486 435 2859 504 Salvatorem,
2888 442 3015 489 tunc
3052 435 3346 507 intelliges,
3393 435 3483 493 ubi

200 539 290 596 est,
316 536 343 566 ⁸
375 537 434 585 ut
462 529 663 599 possim
698 546 711 583 :
737 528 833 585 sed
876 530 1051 600 ipsum
1092 543 1273 584 meum
1304 531 1423 585 sine
1449 529 1544 584 Dei
1574 544 1789 599 semper
1891 526 2089 594 lueris;
2119 539 2175 585 et
2206 530 2259 584 in
2286 530 2530 585 exercitu
2567 528 2807 595 Christi,
2840 543 3000 600 quam
3025 538 3329 587 extremum
3358 530 3480 604 [ΑΙ.

201 621 401 678 auxilio
423 635 531 677 non
556 621 662 677 erit
688 636 868 677 meum
902 638 916 676 :
947 620 1093 677 Deus
1120 635 1339 692 semper
1374 622 1618 692 largitur,
1648 635 1791 677 sem-
1890 621 2257 693 extraneum]
2288 622 2527 679 tenueris
2555 622 2754 679 locum.

199 727 395 785 perque
421 712 719 769 donaturus
749 712 857 788 [ΑΙ.
886 712 1141 785 donator]
1173 722 1259 769 est
1297 730 1312 769 :
1346 728 1447 769 nec
1476 711 1610 767 mihi
1638 711 1790 767 sulﬁ-
1964 713 2326 785 Praepositum
2374 716 2566 785 itaque
2614 713 2936 771 monasterii
2976 713 3171 771 timeas
3214 724 3272 771 ut
3306 716 3489 772 Domi-

198 808 265 863 rit
283 808 426 879 quod
474 807 649 866 semel
688 807 865 874 dedit,
892 807 996 862 nisi
1045 821 1263 877 semper
1289 807 1522 863 dederit.
1560 806 1618 863 Si
1644 807 1789 862 enim
1895 822 2045 876 num,
2072 808 2268 878 diligas
2292 821 2350 864 ut
2373 807 2898 879 parentem.Credas
2925 808 3019 864 tibi
3043 809 3304 877 salutare,
3327 810 3488 881 quid-

196 900 309 955 duri
345 900 549 970 judicis
594 900 924 957 sententiam
966 900 1161 957 crebra
1194 900 1437 956 mulieris
1476 900 1627 954 ﬂexit
1656 900 1792 970 peti-
1892 902 2019 970 quid
2053 902 2144 957 ille
2172 903 2532 973 praeceperit;
2562 918 2661 958 nec
2695 903 2764 958 de
2792 902 3016 972 majoris
3048 904 3320 959 sententia
3347 902 3492 974 judi-

198 990 268 1047 tio
294 1009 308 1045 :
342 1002 549 1063 quanto
573 993 748 1063 magis
770 1001 995 1064 paterna
1018 993 1227 1048 viscera
1250 992 1685 1060 interpellatione
1706 1006 1791 1048 se-
1891 1006 2006 1062 ces,
2038 994 2197 1063 cujus
2236 993 2401 1049 ofﬁcii
2432 1004 2514 1049 est
2546 995 2794 1060 obedire,
2828 1006 2881 1051 et
2914 996 3143 1067 implere
3164 1036 3178 1061 ,
3206 996 3493 1068 qumjussa

194 1083 317 1139 dula
369 1085 707 1140 moliuntur?
741 1084 945 1141 Scitote
976 1093 1154 1139 tamen
1177 1093 1303 1139 ante
1331 1083 1511 1138 omnia
1541 1081 1651 1153 [ΑΙ.
1684 1092 1785 1137 tac.
1891 1096 2039 1149 sunt,
2074 1084 2287 1141 dicente
2329 1086 2555 1157 Moyse:
2588 1087 2729 1140 Audi
2757 1085 2926 1143 Israel
2952 1131 2967 1156 ,
3010 1099 3059 1143 et
3079 1099 3208 1143 tace.
3240 1088 3348 1145 Nec
3378 1090 3495 1160 ipse

197 1186 327 1233 ante
355 1178 560 1249 omnia]
589 1178 743 1234 nobis
771 1192 893 1233 esse
913 1177 1050 1232 nihil
1076 1177 1370 1247 antiquius,
1402 1190 1563 1247 quam
1587 1174 1787 1231 Christi
1890 1183 1945 1231 te
1967 1176 2203 1244 doceas,
2260 1188 2281 1215 ε
2308 1186 2363 1232 et
2400 1178 2611 1248 absque
2661 1179 2889 1237 doctore
2944 1182 3267 1252 ingrediaris
3322 1182 3497 1249 viam',

188 1267 313 1339 jura
340 1283 581 1335 servare,
611 1284 711 1324 nec
739 1278 949 1339 patrum
978 1267 1276 1323 transferre
1307 1266 1571 1323 terminos
1603 1284 1615 1320 :
1648 1281 1789 1323 sem-
1889 1280 2051 1337 quam
2083 1281 2380 1334 numquam
2409 1269 2688 1339 ingressus
2711 1285 2791 1325 es.
2824 1271 2977 1326 Nulla
3016 1288 3105 1329 ars
3135 1274 3345 1343 absque
3385 1288 3501 1329 ma-

195 1371 400 1432 perque
440 1361 756 1418 meminisse
802 1360 1102 1417 Romanam
1133 1359 1293 1415 ﬁdem
1332 1358 1637 1430 apostolico
1693 1374 1789 1416 ore
1889 1359 2062 1430 gistro
2082 1359 2332 1414 discitur.
2358 1358 2539 1415 Etiam
2564 1370 2711 1415 muta
2735 1363 3015 1429 animalia,
3043 1373 3098 1419 et
3119 1364 3356 1420 l‘crarum
3378 1381 3500 1435 gre-

195 1454 485 1510 laudatam.
710 1524 739 1529 _
760 1526 768 1529 ἓ
792 1524 926 1529 “__
967 1524 1043 1529 __
1892 1465 1989 1521 ges
2015 1450 2272 1506 ductores
2296 1462 2603 1521 sequuntur
2632 1467 2781 1509 suos.
2816 1454 2872 1509 in
2900 1455 3096 1525 apibus
3128 1456 3245 1529 [ΑΙ.
3276 1456 3500 1528 opibus]

699 1524 927 1583 CAPUT
967 1524 1264 1582 PRIMUM-
1893 1544 2169 1614 principes
2198 1552 2361 1609 sunt;
2399 1560 2563 1615 grues
2592 1561 2752 1601 unam
2785 1524 3089 1616 sequuntur
3129 1524 3327 1603 ordine
3354 1524 3500 1603 litte;

760 1619 842 1674 De
888 1618 1210 1674 οθεάίεηίίαο
1893 1647 2049 1704 rato;
2098 1639 2401 1708 imperator
2442 1654 2621 1707 unus;
2666 1640 2840 1711 judex
2884 1656 3026 1696 unus
3078 1641 3131 1696 in
3184 1641 3500 1712 provincia;

274 1733 475 1808 Accipe
503 1748 657 1806 ergo,
687 1733 786 1803 ﬁli,
812 1733 1116 1789 doctrinam
1138 1741 1405 1801 nostram,
1438 1747 1504 1789 ea
1535 1734 1795 1805 simplici-
1822 1732 1871 1794 Ε
1896 1731 2091 1799 Roma,
2126 1742 2183 1787 ut
2212 1733 2432 1788 condita
2463 1741 2549 1790 est
2568 1776 2584 1802 ,
2613 1733 2749 1789 duos
2776 1734 2973 1791 fratres
3000 1735 3160 1790 simul
3186 1735 3387 1791 habere
3412 1751 3503 1792 re-

199 1833 310 1881 tate
346 1836 402 1882 et
427 1826 683 1892 veritate,
711 1838 822 1895 qua
869 1822 1154 1878 didicimus
1185 1823 1310 1895 [ΑΙ.
1340 1823 1634 1894 dicimus].
1674 1826 1798 1894 quia
1901 1837 1997 1893 ges
2023 1839 2128 1877 non
2154 1824 2355 1891 potuit,
2393 1833 2448 1878 et
2478 1824 2769 1893 parricidio
2800 1826 2817 1895 f
2843 1827 2928 1880 Αι.
2958 1824 3307 1898 fratricidio]
3346 1826 3501 1881 dedi-

196 1933 305 1974 non
332 1918 634 1990 quaerimus
681 1915 964 1973 hominum
996 1916 1227 1986 gloriam
1264 1915 1441 1987 (Deus
1462 1921 1618 1973 testis
1658 1915 1800 1987 est),
1904 1923 2077 1970 catur.
2120 1914 2178 1969 ln
2206 1914 2474 1970 Rebecca:
2505 1926 2661 1971 utero
2686 1916 2829 1971 Esau
2872 1927 2927 1971 et
2951 1918 3119 1972 Jacob
3146 1917 3287 1972 bella
3317 1932 3506 1988 gesse-

196 2026 299 2067 nec
323 2010 394 2066 ad
418 2011 523 2066 hoc
545 2008 845 2080 loquimur,
873 2016 933 2063 ut
970 2007 1236 2063 humanas
1265 2008 1535 2065 amicitias
1563 2022 1804 2077 aucupe-

198 2118 344 2168 mur,
378 2117 451 2157 ne
470 2110 677 2157 nostra:
702 2100 1031 2157 adulationis
1052 2114 1326 2166 sermone,
1347 2108 1402 2154 et
1433 2114 1556 2167 nos,
1591 2109 1645 2155 et
1667 2100 1805 2155 alios

200 2195 541 2265 deripiamus
565 2209 581 2249 :
608 2209 709 2250 nec
729 2202 791 2249 ut
815 2194 959 2264 apud
991 2194 1239 2249 homines
1264 2192 1470 2263 aliquid
1496 2192 1801 2261 videamur,

201 2288 299 2345 sed
326 2296 389 2344 ut
416 2287 562 2359 apud
594 2287 761 2344 Deum
808 2287 1062 2343 homines
1093 2301 1287 2357 magna
1325 2294 1662 2343 mereantur.
1696 2285 1807 2340 lloc

203 2394 289 2440 est
313 2385 497 2455 itaque
535 2390 730 2451 totum,
761 2382 913 2453 quod
950 2380 1290 2452 apprehensa
1322 2394 1485 2435 manu
1527 2379 1807 2434 insinuare

207 2477 308 2533 tibi
335 2476 524 2547 cupio.
548 2474 617 2531 Et
641 2474 751 2548 [AL
774 2475 906 2529 add.
932 2472 1172 2545 revera],
1202 2482 1260 2527 ut
1284 2470 1611 2540 simpliciter
1627 2479 1807 2527 motus

207 2570 411 2626 mentis
434 2566 814 2636 fmeteﬁlatear,
852 2580 999 2623 nunc
1036 2564 1286 2621 monachi
1326 2563 1655 2620 incunabula
1693 2578 1809 2619 mo-

1905 2015 2034 2060 runt
2076 2022 2090 2060 :
2122 2005 2323 2075 singuli
2359 2006 2727 2061 Ecclesiarum
2757 2007 2995 2078 episcopi
3025 2050 3040 2075 ,
3084 2007 3285 2079 singuli
3330 2010 3481 2064 archi

1906 2097 2254 2168 presbyteri,
2292 2098 2491 2168 singuli
2522 2097 2925 2163 archidiaconi,
2958 2107 3013 2153 et
3040 2099 3217 2154 omnis
3248 2098 3387 2154 ordo
3415 2115 3507 2155 ec-

1908 2192 2255 2248 clesiasticus
2283 2194 2401 2247 suis
2430 2208 2514 2248 ret
2529 2193 2737 2248 toribus
2766 2192 2976 2248 nititur.
3004 2192 3059 2247 In
3088 2207 3223 2248 nave
3256 2208 3393 2248 unus
3412 2208 3510 2264 gu-

1909 2266 2203 2377 hlernator,
2246 2287 2299 2339 in
2328 2285 2493 2340 domo
2526 2301 2669 2340 unus
2697 2286 2955 2341 dominus
2979 2329 2993 2353 ,
3023 2286 3075 2342 in
3101 2288 3513 2358 quovis‘grandi

1908 2380 2151 2447 exercitu
2195 2377 2356 2433 unius
2391 2380 2608 2449 signum
2642 2390 3017 2451 exspectatur.
3052 2382 3212 2452 Etjne
3240 2383 3395 2453 plura
3426 2399 3514 2440 re-

1909 2471 2161 2541 plicando
2193 2469 2469 2526 fastidium
2501 2472 2698 2542 legenti
2724 2473 2939 2542 faciam,
2969 2490 3066 2545 per
3094 2476 3212 2531 haec
3236 2476 3421 2532 omnia
3446 2477 3515 2533 ad

1908 2564 2039 2619 illud
2066 2564 2241 2620 tendit
2270 2568 2468 2632 oratio,
2493 2575 2551 2620 ut
2574 2566 2799 2622 doceam
2832 2576 2884 2623 te
2907 2585 3018 2623 non
3051 2577 3146 2625 tuo
3171 2570 3404 2625 arbitrio
3429 2586 3517 2627 re-

208 2677 408 2734 resque
432 2660 780 2718 discutimus.
1910 2656 2271 2728 linquendum
2322 2655 2440 2729 [AL
2475 2659 2908 2732 dimittendum],
2940 2660 3039 2717 sed
3082 2663 3267 2719 vivere
3312 2662 3514 2721 debere

287 2754 347 2810 Si
374 2755 449 2810 vis
480 2754 645 2826 igitur
673 2753 741 2807 ad
759 2755 916 2808 vitam
949 2752 1176 2827 ingredi,
1206 2767 1350 2807 serva
1376 2759 1631 2823 prmeepta
1651 2766 1670 2805 :
1707 2749 1811 2806 hoc
1913 2749 1968 2805 in
1998 2750 2333 2805 monasterio
2373 2750 2475 2805 sub
2517 2752 2675 2806 unius
2718 2752 3006 2823 disciplina
3039 2753 3243 2824 patris,
3287 2768 3515 2810 consor-

210 2857 321 2917 est,
344 2847 417 2902 ab
438 2847 592 2902 omni
625 2846 837 2915 illicito,
866 2862 970 2918 quo
998 2844 1329 2917 prohiberis,
1358 2843 1581 2900 recedas
1606 2882 1621 2908 ,
1650 2852 1707 2899 et
1737 2841 1806 2897 ad
1914 2842 2099 2911 tioque
2125 2841 2417 2897 multorum
2447 2859 2461 2898 :
2494 2851 2552 2897 ut
2573 2842 2641 2897 ab
2662 2843 2769 2898 alio
2800 2843 2982 2899 discas
3008 2844 3372 2901 humilitatem
3392 2887 3406 2911 ,
3442 2845 3511 2901 ab

210 2957 377 2997 omne
399 2942 633 3009 bonum,
657 2940 801 3010 quod
826 2939 1065 3011 juberis,
1096 2947 1387 3009 promptus
1414 2937 1667 2992 accedas.
1702 2936 1810 2992 Re.
1915 2931 2021 2987 alio
2054 2931 2409 2999 patientiam;
2443 2932 2532 2988 hic
2560 2941 2610 2988 te
2649 2933 2928 2989 silentium
2954 2976 2971 2998 ,
3006 2935 3098 2991 ille
3135 2936 3328 2992 doceat
3357 2952 3513 2993 nian-

208 3037 365 3107 spice
398 3044 646 3092 sanctum
674 3035 851 3090 virum
896 3032 1303 3089 Pammachium
1330 3074 1345 3098 ,
1388 3041 1445 3087 et
1478 3029 1817 3087 ferventissi-
1918 3022 2300 3088 suetudinem;
2349 3037 2457 3079 ηοη
2487 3023 2655 3081 ΐυεὶθε
2690 3025 2835 3096 quod
2877 3025 3001 3092 Vis;
3037 3028 3296 3082 commas
3323 3069 3338 3094 ,
3370 3028 3514 3099 quod

207 3145 320 3185 ma:
362 3127 489 3184 ﬁdei
543 3126 829 3184 Paulinum
877 3125 1304 3196 presbyterum:
1343 3123 1434 3193 qui
1489 3138 1595 3177 non
1639 3122 1814 3177 solum
1844 3118 1890 3181 C
1916 3115 2155 3185 iuberis;
2184 3118 2443 3185 vestiare,
2481 3117 2626 3189 quod
2668 3120 2977 3190 acceperis:
3024 3121 3209 3189 operis
3248 3122 3355 3176 tuis
3379 3136 3517 3191 pen-

206 3220 440 3276 divitias
464 3261 479 3284 ,
520 3219 616 3276 sed
653 3219 866 3289 seipsos
896 3216 1249 3281 obtulerunt,
1278 3215 1370 3286 qui
1398 3222 1588 3270 contra
1613 3213 1815 3268 diaboli
1922 3224 2041 3265 sum
2066 3211 2372 3282 persolvas;
2410 3211 2723 3281 subjiciaris
2746 3254 2762 3277 ,
2793 3214 2881 3269 cui
2925 3227 3033 3268 non
3062 3215 3142 3267 vis
3169 3230 3185 3272 :
3222 3213 3403 3267 lassus
3448 3213 3517 3268 ad

209 3312 733 3385 tergiversationem
755 3352 772 3378 ,
802 3323 1142 3381 nequaquam
1170 3306 1365 3378 pellem
1396 3321 1496 3376 pro
1521 3305 1689 3376 pelle,
1718 3304 1816 3360 sed
1919 3312 2161 3359 stratum.
2189 3304 2397 3370 venias,
2434 3301 2461 3341 ἀ
2504 3304 2899 3374 ambulansque
2941 3304 3211 3359 dormites
3234 3348 3250 3373 ,
3303 3312 3359 3360 et
3387 3319 3514 3360 nec-

204 3419 440 3471 carnes,
468 3412 524 3460 et
544 3417 701 3469 ossa,
742 3408 799 3457 et
834 3402 1045 3456 animas
1085 3414 1214 3455 suas
1258 3396 1486 3453 Domino
1524 3409 1816 3451 consecra-
1921 3397 2047 3454 dum
2076 3400 2291 3470 expleto
2308 3413 2536 3465 somno,
2568 3412 2793 3467 surgere
2815 3398 3184 3469 compelleris.
3213 3398 3402 3453 Tantis
3422 3414 3514 3454 oc-

204 3508 345 3553 runt
372 3514 389 3552 :
418 3495 512 3567 qui
544 3492 987 3563 te,etcxemplo,
1011 3500 1066 3547 et
1088 3489 1328 3561 eloquio,
1355 3487 1407 3543 id
1428 3497 1605 3553 eSt,et
1625 3501 1815 3557 opere,
1919 3500 2152 3559 cupatus
2194 3490 2458 3561 negotiis,
2497 3491 2662 3544 nullis
2687 3490 2905 3545 vacabis
2943 3492 3359 3561 cogitationibus
3390 3509 3404 3547 :
3442 3500 3519 3561 et,

201 3599 257 3644 et
300 3590 493 3660 lingua
532 3585 745 3657 possint
782 3584 852 3639 ad
882 3583 1089 3653 majora
1130 3582 1449 3653 perducere.
1480 3578 1691 3635 Nobilis
1717 3580 1821 3634 es?
1922 3582 2051 3638 dum
2076 3582 2145 3637 ab
2170 3582 2279 3637 alio
2311 3581 2510 3637 transis
2530 3582 2600 3659 ad
2621 3582 2790 3649 aliud,
2815 3598 3057 3655 opusque
3080 3586 3323 3641 succedit
3346 3587 3520 3657 operi,

199 3689 254 3736 et
288 3681 401 3746 illi,
433 3677 531 3735 sed
552 3677 609 3733 in
636 3677 859 3733 Christo
893 3675 1213 3731 nobiliores.
1249 3674 1409 3728 Dives
1430 3714 1447 3741 ,
1490 3681 1546 3727 et
1580 3671 1821 3727 honora-
1924 3674 2057 3729 illud
2079 3674 2253 3729 solum
2278 3683 2459 3729 mente
2487 3675 2767 3743 retinebis,
2791 3677 2934 3746 quod
2961 3691 3122 3747 agere
3142 3680 3517 3750 compelleris.

199 3782 292 3828 tus
312 3772 341 3826 ?
364 3780 425 3827 et
447 3769 549 3836 illi,
576 3769 745 3824 immo
769 3782 838 3823 ex
868 3766 1126 3822 divitibus
1152 3810 1167 3835 ,
1197 3773 1255 3821 et
1281 3764 1585 3829 honoratis,
1615 3777 1822 3834 paupe-
1926 3767 2057 3822 Nam
2088 3766 2230 3821 omni
2263 3766 2539 3822 oblatione
2576 3777 2629 3821 et
2660 3766 2833 3822 hostia
2865 3767 3155 3837 pretiosior
3188 3779 3274 3827 est
3305 3770 3520 3827 obtem-

196 3879 295 3920 res
332 3874 398 3919 et
429 3858 684 3931 inglorii,
708 3870 764 3916 et
790 3859 1002 3915 ideirco
1030 3858 1283 3923 ditiores,
1316 3865 1373 3913 et
1395 3858 1567 3926 magis
1595 3855 1823 3927 inclyti,
1929 3860 2173 3929 perantia
2208 3858 2612 3927 mandatorum,
2648 3860 2861 3916 dicente
2891 3859 3162 3931 Propheta
3198 3879 3214 3919 :
3246 3863 3381 3919 Ecce
3406 3864 3523 3919 obe-

193 3957 331 4027 quia
369 3968 481 4027 pro
514 3951 735 4009 Christo
759 3965 1027 4024 pauperes
1065 3957 1121 4006 et
1151 3949 1486 4005 inhonorati.
1510 3947 1826 4004 Coutemnis
1928 3950 2126 4004 dientia
2147 3948 2332 4003 melior
2354 3959 2427 4005 est
2449 3953 2952 4022 quamsacriﬁcium,
2977 3964 3023 4008 et
3041 3957 3355 4010 auscultatio
3369 3974 3524 4027 quam

192 4068 412 4109 aurum
440 4068 455 4105 :
497 4057 979 4119 contempserunt,
1004 4056 1059 4105 et
1088 4047 1240 4103 multi
1273 4046 1611 4117 philosophi.
1928 4043 2092 4113 adeps
2121 4043 2339 4097 arietum
2367 4042 2421 4114 (l
2450 4042 2582 4115 Reg.
2614 4060 2706 4112 xv,
2736 4044 2804 4098 22
2831 4046 2870 4115 ).
2903 4045 2971 4101 Et
2994 4046 3121 4102 alibi
3150 4065 3162 4099 :
3194 4047 3414 4101 Initium
3436 4050 3526 4103 bo-

266 4146 413 4202 Non
466 4142 611 4199 enim
639 4150 725 4198 est
758 4141 894 4198 satis
923 4139 1168 4210 perfecto
1204 4147 1262 4195 et
1303 4146 1683 4194 consummato
1710 4137 1829 4192 viro
1930 4150 2011 4188 me
2039 4136 2135 4189 viae
2166 4133 2274 4205 [AL
2325 4134 2489 4206 vim],
2535 4136 2706 4204 facere
2748 4138 2902 4205 iuxta
2941 4153 3060 4209 qua:
3088 4148 3345 4211 ρνωεερια
3383 4138 3402 4209 [
3433 4140 3523 4195 ΑΙ.

190 4254 338 4310 opes
374 4242 743 4293 contemnere
766 4278 782 4303 ,
812 4233 1077 4305 pecunias
1109 4232 1380 4303 dissipare
1401 4274 1416 4300 ,
1464 4240 1522 4288 et
1562 4231 1831 4301 projicere
1922 4232 2077 4300 jussa
2102 4245 2219 4299 quae
2244 4228 2493 4299 accepta]
2523 4239 2643 4284 sunt
2671 4235 2812 4301 apud
2844 4230 3033 4298 Deum,
3062 4234 3232 4303 magis
3254 4249 3410 4304 quam
3426 4232 3525 4288 im-

185 4349 260 4403 qn
305 4331 350 4387 ιι
388 4331 457 4386 in
478 4336 783 4394 momento,
808 4336 864 4383 et
896 4325 1074 4397 perdi,
1107 4335 1162 4382 et
1192 4325 1426 4381 inveniri
1456 4332 1654 4395 potest.
1680 4323 1833 4379 Fecit
1932 4322 2130 4375 molare
2152 4320 2349 4376 hostias
2374 4321 2556 4392 (Prov.
2586 4339 2699 4390 xvi,
2733 4323 2813 4395 5).
2840 4324 2908 4379 Et
2940 4326 3066 4380 alibi
3095 4344 3107 4379 :
3142 4325 3247 4391 Qui
3266 4336 3529 4382 conservat

186 4426 301 4481 hoc
331 4424 366 4463 δ
406 4422 615 4478 Crates
642 4419 963 4485 Thebanus,
996 4417 1127 4474 fecit
1167 4417 1553 4483 Antisthenes,
1586 4416 1835 4472 fecerunt
1932 4414 2129 4487 legem,
2180 4416 2493 4486 multiplicat
2526 4416 2839 4472 oblationem
2872 4435 2891 4474 :
2928 4419 3261 4487 Sacriﬁcium
3302 4418 3531 4477 salutare

186 4516 481 4588 plurimi,
544 4526 684 4584 quos
738 4511 1122 4568 vitiosissimos
1172 4510 1424 4580 legimus.
1476 4510 1607 4565 Plus
1669 4508 1832 4564 debet
1862 4500 1909 4559 D
1935 4517 2029 4574 est,
2063 4508 2325 4563 attendere
2360 4509 2623 4563 mandatis
2659 4519 2709 4563 et
2755 4510 3019 4565 disredere
3052 4512 3116 4565 ab
3156 4512 3297 4565 omni
3346 4512 3533 4581 iniqui-

186 4608 420 4665 Christi
476 4603 782 4674 discipulus
826 4611 1131 4672 praestare,
1163 4617 1328 4672 quam
1370 4601 1556 4657 mundi
1588 4600 1831 4671 philoso-
1932 4611 2037 4657 tate
2076 4603 2094 4674 (
2118 4603 2283 4657 Eccli.
2316 4620 2477 4672 xxxv,
2523 4604 2605 4673 1).
2640 4602 2750 4659 Nec
2800 4604 2961 4659 nobis
3000 4603 3232 4659 blandiri
3273 4602 3534 4661 debemus

186 4707 368 4774 phus,
405 4697 622 4771 gloria:
650 4696 885 4762 animal,
922 4704 978 4753 et
1007 4695 1283 4766 popularis
1310 4711 1459 4751 aurae
1483 4736 1498 4759 ,
1540 4703 1703 4766 atque
1735 4710 1829 4750 ru-
1933 4694 1988 4750 in
2022 4695 2176 4750 factis
2193 4696 2496 4765 jussurum,
2522 4695 2570 4749 si
2600 4694 2650 4747 in
2674 4693 3075 4761 prohibitorum
3101 4695 3534 4764 transgressione

185 4810 429 4850 morum
479 4788 680 4846 venale
726 4787 1082 4859 mancipium.
1134 4785 1253 4842 Tibi
1302 4801 1412 4844 non
1457 4787 1659 4842 sufﬁcit
1698 4800 1832 4856 opes
1933 4802 2244 4859 peccemus,
2266 4803 2389 4843 cum
2420 4785 2871 4856 transgressionis
2892 4786 3100 4842 crimen
3123 4786 3393 4844 benefacti
3421 4804 3537 4847 me-

183 4897 613 4950 contemnere,
639 4881 747 4937 nisi
770 4891 826 4937 et
847 4880 1124 4937 Christum
1157 4880 1423 4950 sequaris.
1447 4880 1705 4949 Teipsum
1731 4879 1833 4933 Do-
1935 4879 2099 4936 ritum
2136 4878 2311 4933 tollat.

186 4983 407 5046 minus,
449 4973 707 5031 hostiam
736 4973 937 5039 vivam,
969 4972 1276 5042 placentem
1311 4971 1456 5027 Deo:
1485 4980 1560 5035 te,
1591 4970 1834 5040 inquam,
2009 4969 2162 5039 Quod
2210 4983 2319 5024 non
2374 4968 2481 5023 mei
2525 4983 2721 5024 sensus
2773 4972 3045 5038 assertio,
3103 4973 3199 5030 sed
3248 4976 3534 5050 utriusque

185 5089 296 5129 non
346 5084 485 5129 tua.
534 5065 610 5121 Et
651 5065 795 5121 Deus
836 5065 1005 5120 variis
1045 5063 1435 5120 tentationibus
1481 5071 1793 5119 commonet
1819 5104 1835 5130 ,
1940 5060 2275 5118 Testamenti
2311 5060 2566 5128 exempla
2606 5060 2872 5130 probant:
2914 5062 3007 5118 ubi
3042 5065 3343 5124 invenimus
3370 5069 3535 5125 etiam

185 5169 317 5238 quia
353 5162 584 5223 multis
620 5160 793 5231 plagis
815 5201 834 5228 ,
874 5168 932 5215 et
969 5159 1256 5215 doloribus
1287 5157 1537 5214 eruditur
1566 5156 1756 5223 Israel,
1784 5166 1838 5213 et
1942 5153 2037 5210 Dei
2064 5152 2291 5218 amicos,
2318 5152 2389 5205 ob
2414 5151 2573 5205 unius
2595 5159 2936 5221 contemptus
2957 5167 3229 5222 errorem,
3267 5160 3537 5215 bonorum

182 5278 355 5335 quem
383 5255 601 5327 diligit
630 5254 894 5309 Dominus
921 5253 1194 5323 corripit:
1236 5251 1470 5323 ﬂagellat
1514 5261 1695 5308 autem
1722 5266 1841 5307 om-
1942 5243 2359 5335 retrofactorum
2400 5242 2826 5335 muniﬁcentiam
2870 5246 3191 5313 perdidisse.
3240 5251 3335 5307 Sic
3365 5252 3537 5307 Adam

183 5332 314 5414 ,ᾖεω
359 5353 609 5415 ﬁlium,
651 5361 818 5419 quem
860 5345 1056 5417 recipit
1097 5344 1311 5415 (Hebr.
1340 5343 1421 5415 ι).
1474 5344 1629 5412 Quod
1672 5344 1719 5401 si
1762 5353 1843 5401 te-
1943 5351 2069 5395 cum
2095 5335 2314 5392 diabolo
2336 5332 2500 5390 facile
2526 5333 3084 5408 crcdiditseducenti,
3118 5349 3240 5411 post
3260 5340 3544 5398 familiari-

258 5529 286 5557 ο
322 5518 549 5578 Atque
582 5504 671 5561 hic
711 5503 830 5578 plus
859 5501 1065 5578 habent
1096 5498 1367 5578 Victorius
1404 5508 1459 5557 et
1496 5499 1740 5564 Rubeus,
1783 5506 1843 5553 ut
1948 5514 2119 5578 nus._
2267 5574 2273 5578 Δ
2633 5567 2645 5578 ο

183 5564 338 5662 quod
351 5564 549 5640 acii":
576 5587 628 5633 et
654 5564 872 5662 possim.
911 5573 1054 5629 Nam
1084 5573 1214 5628 velle
1241 5582 1288 5629 et
1314 5589 1521 5629 currere
1551 5588 1719 5626 meum
1740 5580 1835 5638 est,
1948 5564 2973 5662 -ξξπῖξίε
2997 5568 3205 5628 domm
3233 5572 3543 5647 δηθτθάίανί³

187 5653 895 5731 ὶεάῑρδειῑηρτςειηιτβιε·
974 5714 1133 5731 Α,.,ί
1214 5730 1219 5731 ,
1319 5716 1333 5731 .
1438 5712 1475 5731 η
1922 5653 2950 5731 "amnes:eratanwtfzeie;

258 5704 591 5789 ἰχὸςῆᾖίη
621 5704 867 5777 Marha",
896 5722 1018 5788 post
1041 5714 1278 5786 Erasm.,
1312 5716 1407 5772 hoc
1434 5712 1612 5771 Crates
1644 5708 1843 5768 Theba-
2021 5704 2048 5747 δ
2079 5704 2255 5781 Atque
2283 5708 2371 5767 hic
2398 5715 2599 5779 tacent,
2634 5704 3015 5784 Ambulansqne
3033 5713 3299 5778 dormites.
