4012 6190
562 197 670 255 333

1602 194 1662 252 S.
1707 192 2089 253 lllERlthMl
2126 188 2411 252 OPERUM
2451 188 2819 251 MANTISSA.

3757 188 3855 250 εει

564 323 754 385 tatem,
788 324 842 370 et
863 311 1189 384 colloquium
1216 311 1313 368 Dei
1334 353 1349 376 ,
1374 310 1535 366 unius
1559 308 1703 380 pomi
1744 308 2040 378 cupiditate
2068 324 2160 364 su-
2186 312 2235 371 Α
2263 304 2449 360 audiat
2468 303 2687 373 capite,
2719 304 2805 361 sin
2836 310 3018 361 autem
3038 310 3219 363 vertat
3258 310 3499 375 tergum,
3530 302 3748 375 signum
3772 307 3856 359 est

566 419 806 480 paratus.
837 407 1068 478 perdidit
1099 405 1439 461 Paradisum.
1485 405 1548 460 Et
1579 402 1702 473 quia
1734 417 1831 472 per
1857 413 2159 472 transgres-

561 506 771 557 sionem
800 511 964 557 unutn
988 497 1191 553 habere
1216 496 1601 566 praesumpsit,
1638 494 1807 550 multa
1833 493 1996 548 simul
2021 492 2163 549 bona

562 592 760 646 amisit.
806 591 897 646 Sic
944 606 1087 644 uxor
1130 590 1299 655 Loth,
1348 598 1469 660 post
1505 590 1826 659 angelorum
1877 588 2159 659 obsequia,

561 692 751 741 contra
780 694 808 723 ι
840 684 1188 740 interdictum
1230 683 1654 755 retroaspiciens
1679 727 1693 750 ,
1741 683 1794 738 in
1841 681 2177 752 ﬁgmentum

557 777 690 831 salis
711 785 935 845 repente
958 784 1161 831 mutata
1194 784 1297 831 est.
1319 775 1451 843 Quis
1482 774 1570 829 hic
1592 773 2031 845 prmsumptionis
2049 770 2163 843 spi-

556 870 732 938 ritus,
762 870 852 939 qui
907 878 1111 927 tantam
1158 870 1211 925 in
1248 870 1431 927 animo
1471 878 1661 925 nostro
1691 877 1952 939 operatur
1994 868 2162 923 auda-

553 962 716 1027 ciam,
749 971 805 1018 ut
836 978 959 1017 cum
991 971 1215 1018 sanctos
1246 962 1496 1019 homines
1516 963 1584 1017 de
1610 962 1823 1019 levibus
1851 965 2014 1017 etiam
2047 962 2162 1017 cul-

557 1055 643 1122 pis
672 1052 953 1109 videamus
978 1068 1101 1110 esse
1126 1054 1374 1124 punitos,
1404 1064 1459 1110 et
1486 1069 1587 1110 nos
1620 1054 1868 1130 quotidie
1898 1052 1954 1109 in
1994 1054 2163 1124 majo-

555 1145 726 1212 ribus,
750 1154 807 1201 et
839 1146 1093 1217 plutibns
1116 1146 1499 1217 delinquentes
1522 1187 1537 1211 ,
1573 1144 1600 1184 ι)
1632 1147 1871 1201 intactos
1897 1146 1951 1201 itt
1981 1144 2161 1201 media

554 1238 909 1295 damnatione
940 1237 1062 1295 fore
1093 1238 1421 1295 credamus?
1453 1239 1790 1308 Quamquam
1840 1238 1959 1293 leve
2000 1254 2159 1294 num.

554 1344 716 1400 quam
766 1330 838 1386 sit
889 1331 1061 1386 Deum
1110 1331 1274 1387 etiam
1318 1332 1369 1387 itt
1406 1331 1606 1402 exiguo
1646 1331 2163 1403 contemnere;qui

555 1436 665 1477 non
700 1431 907 1478 tantum
939 1423 1007 1478 ad
1037 1424 1357 1493 qualitatem
1385 1424 1593 1494 peccati
1619 1424 1858 1495 respicit,
1882 1426 1977 1480 sed
1996 1427 2159 1481 etiam

536 1512 625 1569 ad
658 1527 910 1582 personae
941 1524 1342 1581 contemptum:
1374 1527 1597 1586 pr0pter
1632 1516 1776 1586 quod
1808 1517 2019 1572 homini
2052 1533 2159 1573 non

560 1607 738 1662 solum
764 1607 1159 1667 intendendum
1182 1618 1287 1674 est,
1318 1611 1482 1681 quale
1502 1610 1592 1677 sit,
1628 1609 1772 1680 quod
1792 1609 2032 1680 jubetur,
2061 1608 2158 1665 sed

2265 396 2687 453 contemnentis.

2896 466 3128 525 CAPUT
3170 466 3235 523 ll.

2264 580 2343 637 De
2373 580 2535 638 tribus
2572 582 2838 654 generibus
2876 583 3249 709 mouaeuorum
3279 582 3334 639 in
3364 580 3603 656 zEgypto
3634 600 3855 643 contine-

2934 671 3031 709 ran
3059 672 3181 709 tum.

2934 671 3181 720 {annona

2337 767 2403 825 Et
2430 769 2685 839 quoniam
2709 770 3108 829 monachorum
3150 770 3383 829 fecimus
3414 775 3783 841 mentionem,
3805 783 3853 832 et

2264 870 2319 919 te
2357 864 2473 918 scio
2513 863 2745 921 libenter
2775 865 2999 933 audire,
3054 862 3224 936 quad
3250 877 3434 923 sancta
3473 877 3620 933 sunt,
3671 882 3852 945 aurem

2263 954 2539 1025 paulisper
2568 956 2937 1013 accommoda.
2970 956 3098 1014 Tria
3131 966 3260 1017 sunt
3294 957 3349 1015 in
3378 955 3616 1029 Aigypto
3659 975 3854 1031 genera

2264 1048 2678 1105 monachorum.
2710 1049 2952 1106 Primum
2995 1050 3283 1107 emnobita:
3306 1092 3321 1118 ,
3354 1051 3499 1121 quod
3532 1050 3607 1106 illi
3660 1052 3853 1110 Sauses

2262 1140 2453 1209 gentili
2484 1140 2666 1212 lingua
2710 1152 2944 1211 vocant,
2991 1157 3125 1213 nos,
3169 1143 3223 1199 in
3264 1143 3543 1200 communi
3574 1145 3849 1215 viventes,

2266 1248 2555 1305 possumus
2576 1235 2871 1306 appellare.
2905 1236 3216 1293 Secundum
3244 1237 3598 1305 anachoritrc,
3631 1240 3730 1310 qui
3758 1240 3853 1296 soli

2266 1326 2510 1383 habitant
2542 1344 2637 1398 per
2658 1329 2897 1398 deserta,
2920 1340 2976 1386 et
3003 1330 3073 1384 ab
3097 1345 3188 1400 eo,
3212 1330 3357 1401 quod
3378 1336 3561 1401 procul
3582 1333 3655 1386 ab
3678 1331 3855 1388 homi-

2263 1418 2420 1474 nibus
2451 1432 2815 1488 rccesscrunt,
2844 1430 3241 1492 nuncupantur.
3282 1423 3514 1479 Tertium
3536 1438 3716 1493 genus
3750 1434 3852 1491 est,

2262 1512 2405 1583 quod
2454 1512 2802 1580 Remoboth,
2831 1516 3020 1571 dicunt
3070 1516 3427 1575 deterrimum
3472 1516 3598 1588 [Αι.
3641 1518 3857 1574 teterri-

2263 1618 2410 1658 munt
2436 1603 2485 1676 ],
2517 1616 2678 1677 atque
2709 1607 3037 1678 neglectum,
3070 1619 3126 1664 et
3153 1609 3296 1680 quod
3326 1611 3380 1665 in
3410 1618 3598 1666 nostra
3631 1610 3854 1681 provin-

557 1714 795 1773 quantus
821 1704 893 1761 sit
923 1704 1035 1772 ille,
1069 1706 1163 1777 qui
1190 1705 1369 1776 jubet.
1402 1706 1725 1762 Excluditur
1750 1707 1853 1761 hoc
1884 1707 2004 1761 loco
2034 1707 2152 1762 vul-

2261 1696 2364 1763 cia,
2393 1708 2483 1753 aut
2515 1699 2713 1768 solum,
2742 1709 2835 1757 aut
2868 1702 3102 1771 primum
3141 1714 3247 1757 eat.
3273 1702 3339 1758 Hi
3369 1702 3481 1759 bini
3508 1744 3523 1771 ,
3558 1702 3647 1759 vel
3676 1704 3813 1760 terni
3836 1744 3853 1771 ,

556 1797 701 1866 garis
727 1798 819 1853 illa
855 1798 1146 1863 sententia,
1179 1814 1283 1869 qua
1335 1799 1467 1853 tttilti
1500 1814 1600 1855 suo
1636 1797 1845 1870 judicio
1875 1799 2155 1869 religiosi,

556 1898 610 1946 et
650 1891 742 1959 qui
784 1892 1061 1959 sapientes
1105 1891 1327 1945 sibimet
1367 1890 1658 1957 videntur,
1704 1891 1890 1947 dicere
1940 1892 2154 1947 solent:

555 1981 756 2037 sufticit
788 1982 977 2051 nobis,
1013 1991 1072 2038 ut
1096 1997 1202 2039 non
1234 1983 1535 2041 eriminalia
1569 1992 1792 2055 peccata
1818 2026 1835 2054 ,
1865 1994 1919 2040 et
1950 1984 2156 2055 majora

550 2072 838 2129 faciamus.

625 2165 826 2221 Facilis
852 2174 937 2222 est
958 2166 1101 2223 enim
1130 2168 1358 2224 omissio
1382 2167 1654 2224 minorum
1686 2168 2037 2226 delictorum:
2062 2171 2156 2240 qui

542 2257 670 2314 dum
700 2258 920 2314 animali
949 2260 1214 2329 sapientia
1240 2271 1509 2330 occupant
1542 2262 1778 2329 animos,
1806 2262 2150 2332 spiritualem

548 2348 992 2419 intelligentiam,
1032 2359 1088 2406 ct
1118 2351 1576 2408 consuetudinem
1612 2352 1811 2407 divinze
1840 2352 1972 2422 legis
1999 2355 2154 2424 igno-

551 2452 695 2507 rant,
729 2455 849 2511 qua!
878 2456 1027 2511 smpe
1060 2452 1343 2511 peccatum
1374 2442 1612 2500 Ostendit
1638 2485 1652 2511 ,
1684 2442 1830 2514 quod
1856 2445 2011 2500 nobis
2046 2459 2153 2501 non

550 2532 768 2589 videtur
792 2546 915 2590 esse
938 2544 1254 2604 peccatum;
1285 2546 1337 2592 et
1364 2552 1487 2607 qua:
1507 2536 1617 2592 illic
1639 2537 1977 2608 impietatem
2001 2537 2151 2607 facit,

548 2624 643 2681 ubi
673 2640 775 2683 nos
818 2639 956 2696 opus
989 2626 1214 2697 pietatis
1240 2629 1603 2686 ostendimus.
1640 2630 1771 2686 Saul
1799 2639 1855 2686 et
1885 2629 2155 2702 Josapbat

546 2733 708 2790 reges
730 2718 954 2775 fuerunt
984 2720 1171 2791 Israel,
1200 2732 1253 2779 et
1281 2722 1409 2778 dum
1434 2723 1864 2779 misericordiant
1890 2723 1995 2794 Itis,
2017 2739 2154 2795 quos

547 2813 693 2869 Deus
737 2813 959 2881 oderat,
1024 2818 1430 2885 prtestiterunt,
1460 2818 1555 2874 Dei
1586 2817 1847 2874 oﬂ‘ensam
1890 2818 1944 2874 in
1987 2833 2153 2888 Opere

547 2904 676 2975 [ΑΙ.
704 2904 848 2979 ope]
882 2907 1102 2977 pietatis
1165 2910 1453 2965 incurrunt
1504 2910 1606 2981 (lll
1637 2909 1764 2980 Reg.
1796 2926 1863 2965 xv
1888 2910 1929 2982 ).
1975 2912 2154 2968 Econ-

546 3000 740 3066 trario,
774 2999 1010 3057 Phiuees
1036 3045 1052 3070 ,
1084 3002 1290 3074 ﬁliique
1326 3003 1454 3059 Levi
1494 3004 1727 3074 gratiam
1770 3002 1865 3059 Dei
1916 3003 2147 3060 humana

2264 1804 2363 1845 nec
2405 1789 2576 1847 multo
2618 1793 2801 1861 plures
2840 1794 2999 1850 simul
3052 1792 3325 1864 habitant,
3370 1810 3472 1851 suo
3518 1798 3753 1853 arbitrio
3793 1812 3854 1853 ac

2259 1880 2463 1937 ditione
2491 1895 2737 1941 Viventes
2761 1902 2775 1939 :
2799 1893 2854 1942 et
2873 1885 2941 1941 de
2969 1901 3035 1942 eo
3056 1928 3072 1953 ,
3103 1887 3246 1957 quod
3274 1887 3642 1944 laboraverint
3672 1888 3727 1943 in
3754 1904 3852 1945 me-

2259 1972 2408 2029 dium
2440 1985 2621 2045 partes
2651 1976 2962 2049 conferunt,
2990 1990 3050 2035 ut
3073 1981 3303 2038 habeant
3326 1981 3583 2039 alimenta
3611 1998 3857 2038 commu-

2258 2067 2368 2121 nia.
2417 2065 2675 2125 Habitant
2721 2079 2907 2126 autem
2948 2072 3333 2143 quamplurimi
3372 2071 3490 2145 [Αι.
3521 2074 3857 2144 «ιιιιηινιιιτίι

2259 2160 2437 2233 mum]
2468 2164 2523 2218 in
2560 2163 2781 2220 urbibus
2801 2175 2856 2221 et
2880 2166 3145 2223 castellis:
3172 2176 3225 2222 et
3249 2168 3408 2234 quasi
3431 2182 3520 2223 ars
3553 2167 3855 2237 sitsancta,

2257 2270 2364 2309 non
2395 2256 2531 2323 vita,
2564 2257 2828 2327 quidquid
2877 2257 3257 2327 vendiderint,
3289 2259 3449 2331 majm
3464 2259 3511 2315 is
3557 2270 3641 2317 est
3673 2259 3854 2330 pretii.

2254 2342 2403 2403 lnter
2428 2346 2530 2404 hos
2554 2365 2704 2418 saepe
2744 2361 2868 2406 sunt
2892 2350 3111 2422 jurgia:
3144 2352 3268 2423 quia
3291 2367 3392 2409 suo
3429 2352 3678 2409 viventes
3710 2353 3854 2423 cibo,

2256 2454 2364 2495 nou
2395 2443 2674 2509 patiuntur
2698 2457 2757 2498 se
2782 2443 2941 2497 alicui
2966 2458 3092 2499 esse
3109 2444 3404 2514 subjectos.
3435 2445 3649 2502 Revera
3677 2445 3861 2502 solent

2254 2540 2465 2588 certare
2480 2532 2721 2603 jejuniis,
2746 2543 2927 2591 etrem
2950 2537 3168 2604 secreti,
3191 2538 3432 2594 victoria:
3445 2540 3673 2594 faciunt.
3699 2543 3741 2595 Δ
3750 2537 3861 2611 pud

2254 2623 2356 2679 hos
2379 2624 2625 2681 :tll‘ectata
2654 2635 2780 2681 sunt
2802 2628 3002 2697 omnia,
3035 2628 3171 2683 laxae
3196 2632 3454 2697 manicae,
3485 2630 3677 2701 caligat
3707 2631 3857 2687 lolli-

2253 2726 2463 2787 cantes,
2487 2716 2654 2775 vestis
2680 2719 2948 2783 crassior,
2971 2720 3162 2778 crebra
3190 2721 3443 2792 suspiria,
3468 2722 3713 2779 visitatio
3742 2723 3859 2778 vir-

2251 2808 2474 2880 ginum,
2503 2811 2772 2868 detractio
2803 2814 3149 2872 clericorum.
3182 2816 3254 2873 Et
3293 2819 3340 2873 si
3370 2817 3591 2888 quando
3629 2818 3749 2874 dies
3779 2817 3865 2876 fe-

2253 2912 2368 2959 stus
2395 2904 2699 2970 advenerit,
2723 2916 3038 2963 saturantur
3061 2910 3131 2964 ad
3158 2909 3442 2965 vomitum.

2324 2994 2420 3052 His
2450 2996 2615 3067 igitur
2644 2998 2796 3067 quasi
2823 2999 3143 3070 quibusdam
3172 3001 3412 3071 pestibus
3437 3000 3821 3059 exterminatis
3841 3045 3859 3070 ,

544 3094 695 3151 caede
725 3104 779 3151 et
817 3110 1042 3153 suorum
1074 3097 1366 3167 parricidio
1392 3106 1732 3155 meruerunt,
1767 3097 1955 3165 vides,
1975 3114 2147 3170 qua“-
2178 3079 2226 3144 C
2255 3089 2535 3146 veniamus
2561 3091 2628 3146 ad
2656 3105 2751 3147 eos
2771 3094 2863 3163 qui
2891 3093 3075 3164 plures
3100 3106 3245 3163 sunt,
3274 3107 3331 3151 et
3356 3096 3409 3151 itt
3435 3109 3731 3153 commune
3759 3098 3867 3153 ha-

546 3193 659 3243 tum
690 3187 760 3243 ab
805 3187 1061 3244 humanis
1103 3188 1359 3245 sensibus
1404 3205 1501 3259 per
1544 3201 1787 3245 neStram
1822 3191 2148 3261 imperitiam

544 3279 825 3351 discrepat
853 3281 1039 3337 divina
1074 3282 1347 3338 sententia
1366 3326 1381 3352 ,
1413 3289 1473 3337 ut
1502 3282 1660 3338 nobis
1690 3283 1959 3339 interdum
1983 3285 2152 3340 coale-

541 3374 645 3429 stis
667 3374 870 3444 judicis
892 3375 1366 3446 dispensationem
1393 3375 1799 3443 nescientibus,
1832 3376 2034 3447 injusta
2064 3378 2146 3433 vi-

543 3467 799 3535 dcantur,
824 3484 946 3539 quae
988 3486 1085 3539 per
1111 3484 1399 3526 causarum
1439 3470 1727 3527 scientiam
1748 3471 1897 3541 juste
1921 3472 2062 3527 satis
2096 3481 2153 3529 et

544 3573 693 3616 recte
723 3560 863 3615 facta
893 3563 1212 3630 probantur.
1240 3563 1304 3619 Et
1330 3578 1579 3619 rursum:
1611 3564 1683 3619 lia
1712 3579 1832 3633 quae
1859 3576 2046 3620 nostro
2064 3565 2152 3636 ju-

544 3651 691 3707 dicio
720 3664 870 3708 recte
910 3653 1212 3723 probantur
1240 3654 1382 3724 apud
1408 3655 1577 3711 Deum
1612 3656 1933 3728 plerumque
1963 3672 2150 3729 repro-

544 3746 612 3801 ba
647 3755 704 3801 et
731 3746 950 3815 ingrata
972 3746 1245 3804 videntur.

621 3835 756 3904 Quis
789 3836 952 3894 hodie
990 3838 1161 3908 patris
1198 3840 1429 3896 Abrahae
1460 3842 1714 3914 exemplo
1748 3842 2025 3900 innoxium
2054 3861 2150 3901 vo-

543 3926 664 3984 lens
704 3926 873 3984 ﬁlium
922 3930 1194 3987 trucidare
1237 3930 1402 4003 (Gen.
1452 3935 1631 4006 uti),
1677 3934 1918 3992 humano
1941 3938 2148 4008 judicio

540 4034 649 4078 non
698 4020 1027 4078 crederetur
1073 4025 1343 4081 insanus?
1409 4027 1668 4095 Ecoutra,
1712 4031 1835 4100 quis
1901 4031 1954 4086 in
2000 4041 2147 4088 tactu

540 4130 683 4170 arca:
714 4115 925 4171 Domini
967 4117 1210 4174 imitatus
1248 4119 1414 4176 Ozatn
1445 4121 1519 4191 (ll
1547 4121 1677 4193 Reg.
1709 4139 1759 4179 vr
1780 4123 1825 4193 ),
1864 4125 2144 4180 hominum

540 4208 815 4263 sententia
842 4208 1231 4266 damnaretur?
1251 4209 1676 4269 Consideretnus
1700 4215 1882 4285 igitur,
1912 4224 2147 4286 quantus

543 4313 705 4354 casus
728 4300 800 4354 sit
822 4310 1033 4357 temere
1064 4306 1487 4371 contemnentis,
1516 4318 1636 4359 cum
1668 4315 1813 4361 tanta
1845 4307 1999 4363 ruina
2024 4324 2146 4366 esse

538 4390 740 4448 dicitur
770 4392 824 4448 in
855 4392 1188 4464 negligentia
1216 4396 1600 4467 obsequentis;
1625 4399 1710 4456 vel
1734 4414 1893 4468 quant
1920 4399 2146 4456 damna-

2253 3180 2450 3250 bitant,
2483 3183 2536 3238 id
2567 3191 2672 3252 est,
2706 3200 2846 3257 quos
2870 3187 3050 3243 vocari
3070 3188 3374 3245 coanobitas
3387 3188 3649 3245 diximus.
3672 3188 3867 3246 Prima

2253 3274 2397 3346 apud
2438 3290 2533 3332 eos
2572 3277 2973 3336 conlmderatio
2997 3320 3013 3346 ,
3061 3290 3145 3337 est
3175 3280 3400 3338 obedire
3426 3281 3728 3353 majoribus
3752 3326 3771 3351 ,
3807 3291 3870 3339 et

2253 3369 2514 3442 quidquid
2543 3371 2811 3442 iusserint
2839 3372 3041 3431 facere.
3089 3376 3256 3432 Divisi
3292 3386 3418 3433 sunt
3466 3392 3565 3447 per
3602 3376 3872 3434 decurias

2252 3472 2416 3536 atque
2443 3466 2719 3523 centurias
2743 3483 2759 3519 :
2784 3465 2861 3523 ita
2891 3477 2950 3524 ut
2971 3483 3164 3525 novem
3196 3468 3510 3525 hominibus
3549 3471 3740 3540 praesit
3760 3470 3867 3528 de-

2254 3555 2431 3614 cimus
2458 3576 2470 3611 :
2496 3566 2551 3614 et
2581 3574 2800 3616 rursum
2836 3560 3025 3618 decem
3060 3561 3383 3633 [impositos
3410 3562 3512 3619 sub
3533 3578 3595 3619 se
3618 3564 3875 3619 centesi.

2253 3665 2374 3706 mus
2404 3651 2623 3707 habeat.
2655 3652 2875 3709 Manent
2893 3656 3162 3726 separati,
3182 3664 3205 3695 ⁸
3228 3663 3285 3711 et
3304 3656 3568 3726 sejunctis
3594 3654 3820 3713 cellulis
3848 3675 3869 3712 :

2253 3758 2424 3813 usque
2446 3747 2511 3800 ad
2532 3743 2724 3801 horam
2753 3762 2971 3816 nonam,
3000 3757 3060 3803 ut
3082 3749 3386 3805 institutum
3409 3758 3513 3818 est,
3546 3763 3711 3806 nemo
3734 3765 3878 3820 per-

2250 3836 2332 3908 git
2356 3836 2425 3891 ad
2451 3837 2643 3905 alium,
2671 3842 2918 3910 exceptis
2945 3840 3029 3895 his
3064 3840 3290 3897 decanis
3313 3856 3449 3913 quos
3469 3840 3710 3899 diximus
3732 3858 3749 3898 :
3775 3854 3868 3911 ut,

2252 3930 2301 3985 si
2321 3932 2744 4003 cogitationibus
2766 3932 2910 3991 forte
2937 3936 3058 4006 quis
3078 3935 3325 4002 ﬂuctuet,
3359 3934 3507 3991 illius
3536 3938 3880 3994 consoletur

2252 4024 2529 4096 alloquiis.

2323 4116 2453 4173 Post
2502 4118 2692 4174 horam
2741 4134 2939 4177 nonam
3009 4120 3064 4176 in
3118 4132 3410 4176 commune
3460 4119 3818 4175 concurritur
3857 4162 3878 4187 ,

2252 4208 2446 4278 psalmi
2476 4221 2778 4280 resonant,
2807 4210 3105 4282 Scriptura:
3140 4210 3440 4267 recitantur
3467 4226 3535 4266 ex
3566 4226 3720 4268 more
3748 4229 3765 4268 :
3802 4222 3883 4269 et

2250 4303 2538 4373 completis
2564 4305 2904 4361 orationibus
2921 4349 2934 4371 ,
2960 4306 3280 4377 cunctisque
3302 4304 3673 4361 residentibus
3691 4346 3707 4372 ,
3738 4321 3885 4363 me-

2251 4395 2372 4452 dius
2420 4414 2583 4468 quem
2616 4398 2827 4456 Patrem
2878 4410 3101 4465 vocant,
3155 4400 3349 4469 incipit
3393 4398 3700 4469 disputare.
3732 4400 3882 4466 Quo

540 4484 743 4541 tionem
763 4462 1091 4553 excepturos
1111 4488 1385 4543 credimus
1406 4504 1529 4545 esse
1551 4489 1861 4559 indevotos,
1883 4508 2006 4547 cum
2028 4504 2144 4549 tan-
2170 4462 2226 4525 Ῑ)
2250 4487 2527 4556 loquente,
2588 4499 2793 4547 tantum
2834 4490 3111 4547 silentium
3142 4490 3223 4558 lit,
3254 4500 3313 4545 ut
3358 4504 3520 4545 nemo
3550 4489 3718 4544 alium
3763 4503 3891 4545 rc-

542 4583 651 4631 tant
679 4577 1123 4646 reprobationem
1147 4578 1376 4635 devotus
1411 4583 1713 4653 exceperit.
1738 4582 2002 4653 Tepidum
2034 4586 2146 4641 dis-

538 4667 782 4737 cipulum
821 4685 931 4725 non
964 4679 1114 4726 amat
1142 4670 1413 4728 Christus.
1455 4675 1557 4741 Qui
1587 4675 1693 4728 vult
1724 4692 1864 4730 meus
1892 4692 2002 4731 esse
2036 4678 2147 4732 dis-

535 4759 771 4829 cipulus,
825 4762 922 4829 ait,
978 4762 1197 4835 abneget
1237 4766 1601 4835 semetipsum,
1646 4776 1696 4821 et
1750 4768 1899 4823 tollat
1937 4785 2144 4825 crucem

538 4866 705 4916 tuam,
740 4861 787 4905 et
812 4863 1060 4922 sequatur
1087 4873 1185 4911 me.
1223 4856 1403 4912 licata:
1429 4859 1609 4928 itaque
1633 4869 1760 4915 sunt
1791 4862 1896 4916 illa:
1922 4864 2139 4929 animm,

536 4960 663 5013 qua:
687 4946 913 5003 dorsum
943 4965 1103 5005 suum
1130 4964 1520 5019 curvaverttnt,
1549 4962 1605 5008 ut
1632 4955 1932 5024 suscipiant
1957 4971 2141 5013 sesso-

539 5050 653 5091 rem
686 5039 911 5094 verbum
939 5040 1035 5096 Dei
1057 5056 1230 5113 super
1256 5061 1339 5110 se,
1387 5054 1445 5100 et
1482 5046 1634 5103 l'rena
1665 5047 1786 5117 ejus
1825 5050 2134 5118 patiantur,

539 5136 597 5182 ut
617 5144 959 5201 quocumque
991 5135 1108 5205 ipse
1135 5138 1389 5205 voluerit,
1422 5140 1600 5195 ﬂectat
1621 5156 1737 5206 eas,
1770 5152 1791 5180 ε
1820 5153 1875 5196 et
1900 5151 2022 5213 agat
2046 5143 2139 5197 ha-

534 5219 692 5279 benis
726 5236 1127 5295 prteceptorum
1164 5246 1409 5288 suorum.
1440 5234 1672 5302 Quando
1697 5235 1845 5291 enim
1881 5235 2138 5307 magister

533 5316 808 5386 precipit,
830 5318 1140 5377 obedientis
1174 5322 1429 5380 indicium
1454 5332 1543 5381 est
1566 5368 1581 5392 ,
1611 5328 1654 5381 si
1685 5326 1912 5383 dimisso
1940 5336 2134 5385 contra

604 5481 629 5547 ς·
662 5472 974 5547 ῥίπΙᾳρριιᾼά
999 5474 1272 5547 Martian.,
1301 5489 1481 5535 contra
1507 5481 1793 5538 interitum.

604 5540 631 5579 δ
665 5542 725 5597 lu
754 5540 1074 5610 aliislibris,
1099 5540 1336 5605 reternos.

2250 4583 2483 4654 spicere,
2511 4599 2674 4641 nemo
2700 4586 2898 4642 audeat
2922 4600 3229 4643 essereare.
3266 4582 3506 4640 Dicentis
3530 4583 3653 4638 laus
3677 4591 3764 4638 est
3797 4582 3881 4640 in

2250 4674 2379 4732 ﬂetu
2405 4676 2760 4733 audientium.
2777 4677 2964 4735 Tacite
2983 4677 3272 4733 volvuntur
3298 4690 3396 4747 per
3421 4690 3517 4729 ora
3550 4674 3821 4745 lacryma:
3858 4693 3883 4732 :

2247 4779 2303 4826 et
2331 4785 2399 4825 nc
2427 4770 2478 4824 in
2513 4772 2779 4841 singultus
2810 4773 3028 4842 quidem
3056 4770 3292 4839 erumpit
3327 4767 3505 4824 dolor.
3550 4765 3687 4823 Cum
3720 4782 3889 4823 vel-0

2249 4860 2317 4915 de
2363 4877 2532 4932 regno
2569 4862 2799 4933 Christi,
2848 4871 2905 4919 et
2950 4863 3020 4918 de
3065 4863 3244 4917 futura
3292 4858 3662 4923 beatitudine,
3698 4858 3891 4916 etde

2248 4954 2421 5025 gloria
2451 4958 2680 5026 cmperit
2720 4956 3047 5011 annuntiare
3091 4964 3337 5017 ventura,
3391 4950 3577 5005 videas
3620 4958 3891 5006 cunctos

2246 5048 2529 5105 moderato
2558 5051 2794 5121 suspirio
2822 5059 2878 5106 et
2903 5050 3091 5105 oculos
3119 5048 3183 5101 ad
3215 5046 3408 5103 caelum
3438 5044 3679 5098 levantes
3702 5042 3895 5102 inter

2244 5154 2306 5197 se
2327 5142 2548 5201 dicere:
2587 5142 2717 5211 Quis
2745 5141 2888 5196 dabit
2914 5142 3039 5195 mihi
3078 5156 3275 5213 pennas
3313 5138 3441 5193 sicut
3477 5133 3771 5200 columbte,
3818 5150 3896 5191 es

2245 5233 2429 5289 notabo
2459 5244 2509 5289 et
2533 5235 2849 5305 requiescam
2877 5232 3050 5306 (Prol.
3082 5246 3191 5298 Ltv,
3222 5228 3313 5300 ην
3346 5228 3475 5284 Post
3503 5225 3623 5283 hinc
3662 5229 3895 5283 conci-

2241 5325 2374 5381 lium
2420 5326 2667 5395 solvitur,
2711 5334 2769 5382 et
2807 5337 3149 5397 unaquaque
3190 5320 3409 5378 decuria
3439 5333 3566 5375 cum
3602 5332 3707 5374 suo
3744 5333 3891 5388 pa-

2314 5484 2340 5524 δ
2364 5486 2560 5547 Antea,
2591 5501 2707 5555 qua:
2737 5485 2877 5556 facta
2905 5494 3028 5556 sunt
3052 5501 3071 5540 :
3095 5486 3258 5541 male.

2313 5567 2334 5596 ο
2365 5552 2616 5626 Rubeus,
2648 5552 2746 5611 sed
2765 5555 2965 5628 junctis
2992 5555 3199 5613 cellulis
3234 5571 3254 5611 :
3288 5552 3751 5627 quemadmodum
3806 5568 3907 5617 et

606 5612 1057 5703 imminutam
1084 5620 1215 5675 editi
1259 5622 1417 5691 non,
1470 5631 1519 5680 et
1552 5634 1695 5700 agat.
1727 5625 1945 5687 habenis
1990 5640 2125 5703 pra-
2240 5623 2531 5688 Victorius-

532 5688 801 5749 ceptorttm
821 5698 1055 5740 suorum.
