4012 6190
536 204 642 268 39,7
1578 202 1637 259 s.
1679 196 2068 259 nnanosvut
2106 196 2392 258 operum
2431 191 2800 257 MANTISSA.
3733 196 3828 264 ses

540 341 675 384 nare
702 368 719 395 ,
771 327 859 400 qui
888 338 988 383 nec
1013 335 1227 380 manum
1257 320 1403 377 valet
1427 319 1716 387 cohibere,
1750 334 1852 376 nec
1880 320 2141 389 linguam.
2171 320 2222 378 A
2251 316 2365 389 ore]
2394 316 2651 373 Christus
2694 316 3007 385 resonabat,
3048 322 3287 374 macerat
3314 329 3510 388 corpus
3545 333 3701 375 suum
3740 338 3753 376 :
3781 333 3831 379 et

616 420 730 477 Sed
758 431 813 477 et
834 417 1179 488 hospitiolum
1214 424 1363 469 tuum
1396 429 1685 484 numquam
1718 412 2009 467 mulierum
2045 425 2141 480 pe-

545 511 645 568 des
696 518 892 567 terant.
944 505 1138 562 Videas
1194 504 1302 577 [ΑΙ.
1336 503 1451 575 aut]
1503 519 1569 559 ne
1598 502 1713 571 .sub
1761 501 1952 557 eodem
1995 508 2141 556 tecto

548 606 812 663 mansites
845 620 857 655 :
890 615 990 656 nec
1014 599 1068 653 in
1100 598 1371 668 praeterita
1403 597 1654 651 castitate
1684 595 1951 650 confidas.
2002 593 2139 661 Quia

547 711 649 753 nec
678 693 845 750 David
878 691 1140 755 sanctior,
1173 700 1272 744 nec
1312 687 1579 743 Samsone
1606 687 1824 754 fortior,
1856 699 1959 741 nec
1987 684 2141 740 Salo-

547 803 709 845 mone
740 793 892 854 potes
921 798 1045 840 esse
1074 781 1393 852 sapientior.
1429 781 1704 837 Memento
1736 770 1975 849 semper,
1997 777 2140 848 quod

547 880 781 953 paradisi
812 879 1063 934 colonum
1111 877 1180 931 de
1228 874 1572 945 possessione
1604 888 1697 928 sua
1728 872 1925 927 mulier
1956 871 2139 961 ejece-

548 977 640 1032 rit.
672 972 977 1044 AZgrotanti
1011 969 1103 1025 tibi
1149 978 1371 1023 sanctus
1412 966 1639 1037 quilibet
1681 964 1852 1020 frater
1902 964 2139 1019 assistat.

545 1067 680 1124 Nam
710 1066 823 1122 scio
869 1062 1130 1135 quosdam
1170 1074 1404 1131 corpore
1429 1058 1808 1123 convaluisse,
1856 1066 1913 1112 et
1957 1057 2141 1111 animo

548 1170 815 1233 aegrotare
839 1156 1094 1225 coepisse.
1146 1153 1462 1210 Periculose
1500 1151 1596 1206 tibi
1644 1150 1943 1219 ministrat,
1988 1149 2143 1219 cujus

544 1256 755 1313 vultum
781 1253 1097 1324 frequenter
1124 1248 1383 1305 attendis.
1424 1247 1479 1303 Si
1516 1255 1701 1301 tamen
1733 1246 1895 1300 vidua
1927 1258 1957 1297 a
1986 1251 2040 1298 te
2066 1242 2147 1297 vi-

549 1348 763 1412 sitatur,
789 1355 881 1401 aut
911 1346 1064 1415 virgo
1095 1360 1108 1397 :
1142 1354 1434 1410 numquam
1463 1339 1686 1393 domum
1712 1337 1862 1392 solus
1883 1336 2143 1390 introeas.

552 1444 717 1500 Solus
745 1456 870 1497 cum
901 1439 1016 1495 sola
1061 1447 1115 1492 et
1146 1437 1353 1506 absque
1395 1434 1605 1488 arbitro
1632 1432 1716 1487 vel
1750 1439 1887 1486 teste
1917 1444 2024 1484 non
2062 1442 2149 1483 se-

552 1520 709 1591 deas.
733 1533 1015 1600 Tantaque
1039 1524 1423 1585 confabulandi
1457 1523 1651 1579 fiducia
1682 1523 1785 1589 sit,
1815 1529 1880 1575 ttt
1907 1520 2147 1574 intrante

554 1627 682 1694 alio,
716 1641 825 1681 non
870 1637 1064 1694 paveas
1095 1634 1196 1675 nec
1241 1618 1555 1674 erubescas.
1604 1624 1631 1652 α
1681 1613 1973 1683 Speculum
2001 1611 2145 1666 enim

2245 424 2423 470 tamen
2453 414 2631 470 cernit
2677 413 2977 469 naturalem
3016 413 3202 470 carnis
3232 413 3506 482 ardorem,
3539 430 3652 472 suae
3680 433 3831 488 repu-

2243 521 2411 577 gnare
2433 504 2723 562 sentcntiae
2747 546 2762 573 ,
2796 513 2856 560 ut
2883 504 3028 576 quod
3062 520 3166 560 non
3198 505 3314 560 vult
3360 507 3465 561 hoc
3506 521 3673 578 agere
3693 522 3831 564 com-

2242 599 2508 670 pellatur;
2543 609 2597 655 et
2626 609 2681 655 tu
2724 609 2775 655 te
2817 599 3103 656 arbitraris
3123 599 3328 672 absque
3362 602 3514 673 lapsu
3536 610 3593 657 et
3618 602 3831 660 vulnere

2242 706 2406 761 posse
2454 692 2708 759 transire,
2761 693 2863 747 nisi
2918 693 3064 747 omni
3118 696 3365 749 custodia
3407 697 3711 751 servaveris
3745 713 3832 754 cor

2246 796 2415 841 tuum.
2434 786 2663 843 Maxime
2688 801 2809 843 cum
2841 786 3083 858 plurimi,
3112 788 3323 843 etiamsi
3350 789 3715 855 continentes,
3735 788 3832 845 ira-

2244 876 2403 931 cuudi
2430 876 2561 945 sint,
2596 878 2822 948 ebriosi,
2866 894 3150 949 procaces,
3194 879 3437 950 superbi,
3470 896 3536 938 ex
3567 884 3835 939 continen-

2244 969 2318 1024 tia
2344 970 2514 1040 magis
2546 969 2738 1038 inflati,
2779 985 3159 1042 percussores,
3202 972 3477 1038 maledici,
3527 973 3833 1043 cupidi,’ti-

2245 1061 2399 1127 midi,
2431 1062 2655 1118 multum
2696 1062 2801 1118 sibi
2852 1063 3128 1133 placentes
3178 1074 3237 1119 ut
3287 1066 3529 1121 indicent
3570 1068 3834 1123 continen-

2247 1157 2399 1220 tiam,
2457 1155 2611 1225 quasi
2641 1154 2935 1227 praeferant
2966 1157 3374 1214 incontinentiae
3405 1159 3833 1217 subministrasse

2247 1246 2563 1303 materiam.

2319 1337 2425 1393 Sed
2470 1337 2561 1395 ille
2593 1340 2880 1398 continens
2910 1356 3039 1399 vere
3071 1350 3157 1399 est
3193 1360 3207 1398 :
3259 1344 3349 1416 qui
3396 1345 3646 1402 universa
3673 1360 3838 1403 mem-

2246 1431 2473 1488 brorum
2505 1434 2683 1490 officia
2715 1450 2744 1489 a
2776 1437 2932 1492 malis
2954 1437 3240 1494 aﬂ‘ectibus
3269 1438 3556 1509 subtrahit,
3603 1451 3661 1496 et
3701 1441 3840 1511 cogi-

2251 1535 2420 1581 tatum
2452 1542 2482 1582 a
2537 1536 2648 1582 tota
2694 1530 2934 1600 nequitia
2964 1529 3284 1601 compescit.
3316 1531 3530 1599 Quanto
3571 1533 3722 1603 plura
3764 1542 3838 1587 ta-

2253 1634 2379 1676 men
2411 1628 2535 1675 sunt
2562 1637 2682 1691 quae
2707 1622 3027 1693 impugnant
3061 1622 3369 1692 pudicitiam
3392 1664 3407 1688 ,
3446 1633 3597 1679 tanto
3627 1624 3838 1680 victoris

554 1718 753 1776 mentis
779 1714 947 1772 facies
967 1722 1052 1770 est
1081 1719 1174 1768 :et
1205 1709 1353 1766 taciti
1381 1708 1547 1775 oculi,
1580 1706 1761 1763 cordis
1786 1704 2026 1760 fatentur
2065 1718 2153 1756 ar-
2184 1705 2230 1764 Β
2263 1710 2469 1781 majora
2516 1723 2643 1766 sum
2683 1714 2926 1782 ρι-ωηιία,
2977 1713 3111 1769 Nam
3150 1724 3205 1770 et
3248 1729 3348 1785 ego
3396 1730 3520 1771 cum
3552 1731 3727 1772 essem
3761 1718 3840 1787 in-

555 1825 711 1867 cana.

626 1901 784 1959 Tales
808 1914 1023 1972 quoque
1052 1896 1248 1952 habeto
1280 1894 1463 1950 socios
1483 1936 1499 1960 ,
1535 1904 1764 1962 quorum
1786 1884 2147 1944 contubernio

554 2014 661 2054 non
687 1994 988 2050 infameris.
1014 1992 1129 2048 Non
1152 1998 1321 2057 veste,
1353 1988 1447 2042 sed
1483 1986 1722 2041 moribus
1747 1992 2012 2040 ornentur
2044 2000 2058 2035 :
2096 1990 2149 2037 et

550 2089 861 2162 pudicitiam
900 2086 1089 2140 habitu
1139 2084 1515 2154 polliceantur.
1574 2078 1923 2150 Corrumpunt
1979 2092 2149 2131 mores

549 2183 707 2237 bonos
752 2178 1198 2250 confabulationes
1228 2177 1483 2247 pessimae.
1515 2174 1718 2229 Caveto
1749 2187 1939 2229 omnes
1969 2171 2147 2240 suspi-

547 2275 732 2330 ciones
755 2289 771 2328 :
796 2281 851 2327 et
877 2268 1133 2342 quidquid
1159 2267 1514 2337 probabiliter
1538 2265 1664 2335 fingi
1690 2273 1869 2335 potest
1901 2281 1915 2318 :
1952 2277 2022 2318 ne
2046 2263 2147 2317 lin-

542 2377 732 2438 gatur,
756 2378 885 2420 ante
911 2363 1111 2419 devita.
1154 2362 1353 2417 Crebra
1386 2359 1731 2427 munuscula,
1770 2366 1827 2414 et
1853 2356 2145 2423 sudariola,

550 2470 605 2516 et
644 2458 916 2523 fasciolas,
952 2465 1007 2512 et
1039 2463 1219 2511 vestes
1259 2454 1343 2508 ori
1388 2452 1694 2521 applicitas,
1745 2459 1801 2506 et
1847 2450 2060 2507 oblatos
2085 2465 2150 2507 ac

551 2552 868 2622 degustatos
914 2548 1087 2611 cibos,
1139 2544 1473 2614 blandasque
1514 2554 1569 2599 et
1620 2543 1807 2598 dulces
1856 2543 2146 2611 litterulas,

546 2653 774 2699 sanctus
834 2655 987 2695 amor
1041 2654 1147 2692 non
1206 2637 1391 2697 habet.
1443 2634 1472 2675 ιι
1519 2636 1623 2693 Mel
1678 2652 1857 2692 meum
1893 2678 1908 2703 ,
1966 2637 2149 2693 lumen

554 2750 756 2801 meum,
810 2746 1101 2801 meumque
1131 2730 1484 2803 desiderium.
1541 2728 1744 2785 Omnes
1774 2729 1997 2784 delicias
2039 2728 2145 2799 [AL

553 2832 792 2905 divitias]
821 2842 875 2887 et
902 2831 1121 2900 lepores
1150 2840 1205 2886 et
1230 2832 1342 2885 risu
1373 2830 1562 2901 dignas
1585 2828 1940 2893 urbanitates,
1968 2836 2022 2881 et
2045 2840 2149 2881 cae-

555 2937 702 2983 teras
746 2924 981 2996 ineptias
1024 2932 1325 2979 amatorum
1358 2924 1414 2978 in
1442 2922 1723 2977 comoediis
1750 2921 2145 2986 erubescimus,

554 3030 610 3077 et
640 3021 692 3075 in
723 3020 909 3076 saeculi
957 3018 1268 3074 hominibus
1312 3017 1649 3073 detestamur
1685 3034 1698 3070 :
1744 3024 1949 3087 quanto
1976 3016 2148 3086 magis

2252 1802 2428 1869 venis,
2460 1813 2517 1859 et
2547 1805 2859 1861 solitudinis
2904 1822 2991 1864 me
3021 1807 3239 1865 deserta
3265 1809 3555 1877 vallarent,
3580 1810 3838 1867 incentiva

2250 1897 2506 1953 vitiorum
2554 1899 2917 1971 ardoremque
2953 1911 3160 1957 natura:
3211 1900 3357 1958 ferre
3406 1918 3517 1958 non
3567 1914 3833 1974 poteram:

2250 2005 2411 2061 quem
2441 2006 2563 2046 cum
2595 1993 2801 2048 crebris
2836 1992 3057 2062 jejuniis
3088 1993 3415 2066 frangerem,
3447 1999 3623 2062 {mens
3648 1999 3840 2067 cogita-

2253 2081 2492 2138 tionibus
2522 2083 2809 2139 :estuabat.
2834 2084 2917 2139 Ad
2946 2100 3106 2157 quam
3129 2085 3487 2142 edomandam
3520 2087 3735 2142 cuidam
3766 2103 3842 2143 me

2251 2176 2427 2243 fratri,
2478 2177 2569 2248 qui
2626 2194 2692 2233 ex
2748 2178 2991 2235 Hebraeis
3024 2179 3350 2251 crediderat,
3402 2183 3456 2237 in
3508 2182 3839 2251 disciplinam

2256 2268 2381 2324 dedi
2410 2288 2423 2323 :
2448 2278 2509 2324 ut
2539 2281 2659 2340 post
2682 2271 2997 2338 Quintiliani
3023 2273 3291 2339 acumina,
3325 2275 3649 2344 gravitatem
3678 2274 3838 2329 Fron-

2257 2364 2423 2430 tonis,
2456 2363 2850 2436 Ciceronisque
2880 2365 3091 2434 fluvios,
3145 2377 3195 2422 et
3249 2367 3528 2423 lenitatem
3572 2368 3748 2435 Plinii,
3776 2369 3844 2423 al-

2252 2454 2544 2527 phabetum
2601 2456 2915 2525 discerem,
2986 2467 3040 2513 et
3096 2459 3381 2514 stridentia
3435 2459 3842 2532 anhelantiaque

2254 2547 2421 2602 verba
2444 2548 2759 2605 meditarer.
2788 2550 2927 2618 Quid
2955 2551 3025 2606 ibi
3055 2550 3259 2607 laboris
3292 2553 3698 2621 insumpserim,
3718 2568 3840 2623 quo-

2255 2640 2471 2710 tiesque
2522 2643 2847 2698 cessaverim
2896 2662 2908 2697 :
2953 2652 3008 2699 et
3046 2645 3403 2701 contentione
3447 2645 3695 2702 discendi
3734 2662 3846 2703 rur-

2251 2745 2346 2788 sus
2387 2733 2741 2805 incmperim:
2788 2737 2943 2792 testis
2972 2746 3056 2793 est
3104 2738 3437 2795 conscientia
3469 2749 3582 2795 tam
3611 2756 3725 2796 mea
3763 2741 3845 2812 qui

2255 2838 2450 2895 passus
2496 2841 2641 2893 sum,
2673 2843 2833 2896 quam
2866 2844 3054 2885 eorum
3083 2830 3173 2901 qui
3211 2846 3423 2887 mecum
3475 2831 3747 2889 duxerunt
3774 2834 3848 2888 vi-

2255 2925 2387 2972 tam.
2425 2918 2494 2974 Et
2516 2921 2720 2989 gratias
2751 2936 2852 2991 ago
2878 2922 3125 2987 Domino,
3157 2924 3302 2994 quod
3334 2924 3403 2979 de
3429 2940 3623 2982 amaro
3652 2925 3847 2983 semine

2254 3008 2559 3065 litterarum
2590 3012 2774 3069 dulces
2803 3013 3013 3070 fructus
3043 3016 3201 3086 capio
3222 3017 3329 3088 [ΑΙ.
3361 3017 3575 3091 carpo].

553 3113 607 3169 in
652 3111 863 3168 clericis
912 3119 969 3167 et
1019 3109 1347 3166 monachis:
1395 3123 1628 3179 quorum
1683 3114 1739 3162 et
1789 3105 2148 3163 sacerdotium
2178 3095 2227 3160 C
2328 3104 2507 3159 Prima
2540 3106 2707 3176 igitur
2748 3116 3085 3164 tentamcnta
3126 3110 3452 3167 clericorum
3487 3120 3620 3169 sunt
3660 3113 3845 3170 molle.

554 3205 857 3278 proposito,
899 3213 955 3259 et
1001 3204 1339 3273 propositum
1372 3201 1679 3258 sacerdotio
1723 3201 1992 3256 ornatur?
2044 3200 2153 3257 Nec

553 3297 658 3353 hoc
687 3298 810 3352 dico
835 3341 850 3367 ,
897 3295 1040 3367 quod
1070 3303 1163 3350 aut
1193 3296 1245 3350 in
1285 3302 1371 3361 te,
1406 3301 1499 3349 aut
1537 3294 1592 3349 in
1628 3292 1833 3348 sanctis
1881 3293 2009 3348 viris
2048 3292 2151 3349 ista

551 3389 837 3445 formident
891 3406 903 3442 :
958 3387 1052 3443 sed
1084 3386 1229 3458 quod
1257 3386 1310 3441 in
1337 3387 1483 3440 omni
1509 3386 1791 3457 proposito
1818 3395 1871 3441 et
1899 3385 2070 3456 gradu
2100 3396 2154 3443 et

553 3498 690 3539 sexu
740 3481 869 3539 boni
911 3488 965 3537 et
994 3480 1120 3537 mali
1152 3482 1498 3551 reperiantur
1549 3497 1563 3533 :
1612 3480 1990 3550 malorumque
2016 3494 2152 3535 con-

553 3575 830 3630 demnatio
870 3575 986 3628 laus
1016 3573 1282 3629 bonorum
1311 3574 1402 3627 sit.
1450 3572 1587 3628 Vide
1637 3572 1764 3642 quid
1796 3573 2006 3643 prosint
2044 3572 2151 3644 [ΑΙ.

554 3665 788 3737 possint]
821 3666 969 3720 frena
999 3682 1013 3719 :
1053 3680 1081 3718 a
1120 3666 1269 3719 vitiis
1295 3679 1394 3719 nos
1428 3664 1713 3719 retrahunt
1742 3683 1754 3717 :
1792 3665 2144 3720 introducunt

555 3758 623 3811 ad
655 3758 912 3810 virtutum
933 3754 1129 3810 choros
1163 3772 1175 3807 :
1210 3753 1264 3807 in
1291 3753 1649 3824 Christoque,
1682 3763 1866 3811 monte
1903 3756 2157 3825 pulcher-

557 3851 720 3914 rimo,
744 3846 991 3903 habitare
1020 3861 1122 3901 nos
1153 3846 1377 3902 faciunt.
1430 3858 1452 3885 ο
1481 3847 1748 3914 Quamdiu
1779 3850 1831 3904 in
1859 3851 2033 3919 patria
2067 3862 2152 3905 tua

557 3960 640 4013 es,
673 3944 870 3999 habeto
897 3941 1143 3998 cellulam
1176 3956 1272 4012 pro
1306 3940 1559 4012 paradiso
1600 3960 1610 3996 :
1642 3943 1793 3998 varia
1839 3943 2153 4015 Scriptura-

556 4052 675 4093 rum
709 4049 868 4106 poma
897 4032 1151 4103 decerpe.

456 4112 461 4117 ’
626 4129 719 4185 llis
766 4136 918 4183 utere
965 4125 1177 4181 deliciis
1205 4167 1221 4193 ,
1265 4124 1456 4182 harum
1503 4126 1685 4182 fruere
1726 4128 2038 4200 complexu.
2095 4128 2151 4186 Si

557 4221 887 4281 scandalizat
922 4229 977 4277 te
1031 4235 1142 4291 pes,
1192 4219 1407 4286 oculus,
1433 4234 1627 4274 manus
1659 4229 1745 4275 tua
1783 4238 1796 4275 :
1832 4222 2037 4291 projice
2066 4237 2148 4277 ea.

558 4316 697 4372 Nulli
730 4326 948 4386 parcas,
983 4321 1039 4367 ut
1065 4312 1165 4367 soli
1197 4326 1386 4382 parcas
1409 4312 1606 4366 animae
1654 4319 1778 4366 tute.
1817 4313 1915 4378 Qui
1947 4313 2149 4381 viderit,

555 4410 729 4481 inquit
766 4406 1049 4471 Dominus,
1088 4404 1354 4459 mulierem
1383 4404 1452 4457 ad
1480 4406 1949 4475 concupiscendum
1990 4423 2102 4461 eam
2134 4426 2152 4462 :

2257 3212 2375 3253 rum
2421 3212 2697 3256 accessus.
2750 3201 3010 3257 Nocivum
3048 3218 3223 3273 genus
3249 3203 3446 3259 femina
3475 3246 3491 3273 ,
3541 3206 3707 3276 janua
3736 3207 3845 3263 dia-

2256 3290 2367 3346 boli
2396 3336 2409 3361 ,
2459 3292 2545 3346 via
2599 3293 2905 3364 iniquitatis
2931 3335 2947 3362 ,
3000 3296 3307 3366 scorpionis
3349 3300 3640 3369 percussio
3682 3319 3694 3356 :
3733 3316 3845 3357 cum

2255 3383 2526 3453 proximat
2554 3386 2780 3456 stipula,
2812 3388 3065 3443 accendit
3112 3391 3321 3460 ignem;
3354 3389 3701 3464 ﬂammigero
3733 3394 3845 3463 igne

2256 3476 2486 3547 perculit
2508 3475 2708 3535 femina
2734 3480 3120 3536 conscientiam
3147 3482 3354 3552 pariter
3380 3481 3701 3551 habitantis,
3725 3500 3850 3541 exu-

2256 3566 2436 3636 ritque
2468 3566 2815 3624 fundamenta
2852 3573 3143 3627 montium.
3177 3572 3290 3642 Ego
3324 3572 3513 3643 judico
3546 3576 3593 3631 si
3624 3589 3745 3631 cum
3774 3576 3848 3630 vi-

2255 3660 2333 3715 ris
2363 3660 2577 3716 feminae
2609 3660 2857 3718 habitent
2884 3706 2899 3730 ,
2930 3664 3223 3721 visearium
3271 3680 3380 3722 non
3421 3668 3603 3725 deerit
3633 3667 3845 3726 diaboli.

2256 3753 2315 3807 Si
2342 3755 2643 3825 alligaverit
2672 3755 2791 3825 quis
2822 3755 3000 3827 ignem
3033 3759 3085 3812 in
3117 3758 3237 3812 sinu
3265 3774 3365 3815 suo
3399 3776 3413 3813 :
3443 3768 3497 3815 et
3522 3761 3845 3817 vestimenta

2255 3861 2351 3903 sua
2393 3863 2502 3902 non
2533 3848 2968 3904 comburentur?
3007 3849 3135 3904 Mihi
3164 3850 3326 3906 crede
3373 3866 3480 3907 non
3513 3863 3697 3922 potest
3741 3861 3848 3908 toto

2254 3938 2422 3994 corde
2467 3954 2587 3994 cum
2622 3939 2855 3995 Domino
2900 3939 3147 3996 habitare
3175 3940 3269 4011 qui
3301 3940 3625 4015 feminarum
3676 3957 3849 3999 acces-

2254 4030 2406 4087 sibus
2433 4032 2731 4101 copulatur.

2327 4125 2436 4181 Sed
2468 4125 2601 4182 dicis
2628 4144 2639 4180 :
2676 4126 2778 4194 Qui
2811 4125 3041 4181 ambulat
3068 4128 3399 4198 simpliciter,
3431 4131 3664 4186 ambulat
3689 4126 3848 4199 conﬁ-

2255 4220 2435 4274 denter
2466 4218 2651 4291 (Prov.
2684 4236 2739 4283 ι,
2772 4220 2851 4289 9).
2881 4221 3029 4276 Bene
3055 4230 3107 4276 et
3128 4231 3350 4293 argute;
3382 4224 3475 4279 sed
3508 4234 3725 4295 oportet
3753 4224 3846 4279 bo-

2254 4326 2385 4367 num
2418 4310 2619 4367 habere
2644 4311 3017 4367 testimonium
3042 4326 3110 4368 ex
3143 4312 3229 4368 bis
3248 4314 3342 4385 qui
3367 4314 3502 4372 foris
3528 4326 3675 4373 sunt.
3702 4316 3846 4372 Licet

2256 4417 2439 4458 coram
2485 4404 2597 4458 Deo
2629 4411 2778 4458 recte
2808 4404 3076 4470 ambules,
3113 4415 3293 4462 tamen
3335 4423 3517 4464 coram
3544 4408 3844 4464 hominibus

548 4477 661 4575 jam
699 4500 978 4556 moechatus
1023 4506 1098 4552 est
1131 4514 1243 4552 eam
1273 4497 1326 4550 in
1356 4497 1509 4550 corde
1556 4512 1649 4550 suo
1695 4495 1910 4567 (Matth.
1942 4514 1996 4565 v,
2026 4498 2141 4569 28).
2177 4477 2229 4538 Ῑ)
2262 4496 2403 4551 bona
2452 4496 2791 4567 providenda
2840 4507 2967 4553 sunt
3012 4517 3027 4555 :
3057 4501 3180 4571 quia
3223 4503 3519 4559 astutiores
3565 4514 3693 4559 sunt
3724 4502 3846 4557 filiis

556 4596 687 4661 Quis
708 4592 1015 4665 gloriabitur
1040 4598 1238 4644 castum
1259 4604 1311 4641 se
1343 4587 1527 4642 habere
1543 4588 1672 4642 cor?
1700 4586 1856 4641 Astra
1890 4602 1994 4643 nou
2021 4603 2149 4645 sunt

557 4687 755 4743 munda
788 4686 839 4739 in
890 4691 1185 4753 conspectu
1222 4680 1474 4746 Domini;
1524 4689 1725 4750 quanto
1756 4680 1926 4752 magis
1974 4681 2149 4737 homi-

555 4792 675 4844 nes,
704 4792 931 4848 quorum
969 4777 1068 4830 vita
1095 4773 1319 4830 tentatio
1344 4772 1467 4827 est?
1627 4802 1661 4832 ι

630 4870 722 4924 Vae
767 4870 920 4925 nobis
964 4868 1200 4934 miseris,
1248 4866 1463 4936 quoties
1503 4864 1963 4936 concupiscimus,
1989 4866 2149 4923 toties

554 4964 909 5019 fornicamur.
954 4962 1255 5017 Inebriatus
1282 4971 1376 5030 est,
1424 4961 1620 5032 inquit,
1663 4961 1868 5032 gladius
1917 4978 2059 5016 meus
2093 4963 2147 5016 in

558 5058 724 5111 caelo:
754 5057 923 5111 multo
967 5056 1198 5126 amplius
1224 5058 1275 5110 in
1307 5065 1482 5125 terra,
1519 5070 1640 5126 qua:
1680 5056 1865 5124 spinas
1894 5066 1947 5109 et
1980 5057 2150 5112 tribu-

553 5151 636 5207 los
679 5159 923 5221 generat.
983 5148 1090 5204 Vas
1122 5148 1428 5215 electionis,
1479 5147 1535 5203 in
1574 5146 1729 5217 cujus
1774 5155 1995 5217 pectore
2035 5148 2142 5219 [ΑΙ.

553 5283 795 5341 simulari
824 5298 928 5336 non
959 5289 1135 5353 potest
1156 5279 1468 5334 conscientia
1493 5320 1508 5345 ,
1548 5279 1681 5353 dunt
1693 5278 1972 5353 luxuriosa
2000 5288 2047 5334 et
2070 5280 2148 5353 Ia-

528 5360 691 5421 _sciua
715 5370 855 5409 mens
881 5348 1013 5407 lucet
1040 5353 1093 5405 in
1112 5352 1330 5422 farie,{et
1345 5359 1536 5405 secreta
1558 5348 1726 5404 cordis
1747 5358 1888 5403 motu
1914 5352 2149 5423 corporis

550 5438 596 5483 et
622 5428 848 5506 gestibus
876 5424 1226 5506 indicantur.-
1310 5492 1323 5506 .
1365 5492 1397 5506 Α
1535 5490 1567 5506 η
1711 5492 1722 5506 ⁸
1909 5493 1920 5504 ·

623 5490 651 5534 ῖι
679 5493 1000 5550 Econtrario
1029 5492 1283 5561 periocha
1310 5490 1813 5563 istbtec,Speculum
1838 5493 2139 5561 enim,etc.,

553 5566 607 5621 in
639 5566 729 5621 i'la
759 5565 997 5617 editione
1025 5562 1384 5617 desideratur.

626 5636 652 5673 ι»
694 5632 1032 5704 Relinximus
1069 5634 1255 5704 locum
1294 5633 1361 5704 ad
1416 5631 1587 5689 Rubei
1641 5634 1947 5704 exemplar,
1978 5643 2136 5689 antea

552 5704 696 5765 enim
732 5702 819 5757 his
850 5702 1245 5772 prtuligcbatur,
1276 5703 1413 5759 Audi
1456 5719 1554 5773 me,
1588 5711 1698 5758 tum
1732 5702 1839 5761 alio
1866 5719 2028 5763 sensu
2061 5706 2135 5763 le-

2257 4587 2394 4643 lucis
2424 4588 2521 4642 filii
2553 4589 2925 4645 tenebrarum.
2950 4589 3083 4646 Cum
3111 4608 3244 4664 ergo
3271 4608 3300 4648 a
3329 4602 3383 4651 te
3412 4595 3513 4652 hoc
3540 4611 3713 4665 genus
3742 4610 3844 4651 non

2254 4690 2570 4752 amputatur
2620 4701 2633 4737 :
2679 4683 2777 4737 das
2818 4685 3345 4755 reprehendentibus
3392 4697 3446 4745 te
3478 4690 3690 4760 locum,
3727 4705 3845 4746 cum

2256 4777 2372 4846 ipse
2406 4786 2458 4832 te
2482 4776 2886 4833 detrahentium
2917 4780 3195 4837 morsibus
3226 4781 3515 4839 tradidisti.
3544 4782 3677 4838 Nam
3709 4783 3847 4838 inter

2252 4868 2545 4924 illecebras
2566 4868 2904 4939 voluptatum
2934 4913 2949 4938 ,
2979 4872 3143 4927 etiam
3172 4873 3380 4930 ferreas
3423 4884 3634 4932 mentes
3684 4874 3848 4931 libido

2254 4959 2441 5015 domat
2471 4977 2484 5014 :
2515 4975 2635 5031 qutc
2664 4960 2928 5030 majorem
2967 4962 3020 5017 in
3049 4962 3356 5033 virginibus
3389 4965 3591 5034 patitur
3620 4965 3843 5030 famem,

2254 5053 2382 5110 dum
2413 5052 2624 5108 dulcius
2655 5062 2807 5123 putat
2842 5069 3006 5110 omne
3037 5055 3182 5125 quod
3215 5058 3405 5115 nescit.
3450 5058 3676 5112 Narrant
3706 5072 3845 5126 gen-

2252 5145 2427 5201 tilium
2459 5144 2653 5201 fabulae
2677 5186 2694 5213 ,
2732 5146 2983 5202 cantibus
3031 5146 3347 5205 Sirenarum
3394 5156 3581 5204 nautas
3627 5148 3684 5203 in
3714 5162 3844 5203 saxa

2254 5281 2508 5351 gebatur,
2558 5297 2828 5349 meumque
2874 5280 3188 5336 desiderium
3238 5280 3469 5337 Christus
3518 5288 3595 5335 est
3645 5280 3845 5351 :quod

2252 5360 2369 5408 erat
2394 5351 2553 5404 etiam
2576 5367 2603 5422 a
2633 5351 2944 5422 Hieronymi
2975 5361 3155 5407 mente
3177 5352 3432 5407 alienum.

2327 5432 2349 5458 ο
2390 5422 2566 5494 Atque
2592 5421 2674 5473 his
2717 5421 3263 5494 alia’substituuntur
3297 5438 3325 5477 a
3358 5422 3545 5479 Rubco
3576 5436 3751 5494 usque
3777 5422 3843 5478 ad

2248 5494 2450 5576 locum,
2482 5489 2543 5572 Si
2572 5492 2896 5574 scandalizat
2933 5503 2981 5576 te
3001 5510 3112 5576 pes,
3138 5503 3243 5549 etc.
3272 5494 3508 5561 Quarum
3540 5489 3721 5576 tamen
3758 5496 3839 5549 in-

2221 5561 2678 5636 ,tcrpolationum
2710 5563 2841 5636 satis
2887 5561 3045 5620 nobis
3086 5572 3171 5623 est
3215 5580 3382 5623 unum
3422 5574 3584 5636 atque
3609 5566 3839 5623 alterum

2244 5634 2522 5706 specimen
2550 5631 2871 5703 praebuisse.
