4030 6352
162 337 266 396 διε)

165 556 328 616 stias,
363 567 428 607 ac
457 554 668 606 silicitm
698 550 830 605 dura
857 551 1085 604 mollita.

245 646 475 700 Dzl‘ticilc
507 660 722 714 quoque
771 647 912 699 inter
948 646 1140 708 epulas
1183 656 1430 701 servatur
1479 643 1760 715 pudicitia.

165 735 356 790 Nitens
390 738 551 804 cutis,
583 737 868 790 sordidum
899 738 1147 792 ostendit
1179 739 1440 793 animum.
1471 738 1621 792 Licet
1650 738 1769 809 qni-

165 827 292 882 dam
317 838 509 898 putent
531 828 756 897 majoris
783 843 906 883 esse
929 831 1149 885 virtutis
1181 841 1502 900 praesentem
1527 840 1770 884 contem-

166 935 300 974 nere
347 921 678 990 voluptatem
733 937 746 972 :
804 931 984 976 tamen
1040 937 1143 991 ego
1192 923 1486 977 securioris
1535 921 1772 975 arbitror

165 1014 526 1068 toutinentite
575 1014 790 1070 nescire
839 1014 981 1084 quod
1029 1031 1265 1084 qmeras.
1311 1014 1564 1071 Remotio
1609 1014 1774 1084 igitur

164 1107 291 1166 viri,
318 1106 588 1160 castitatis
607 1107 846 1162 collocat
867 1122 1040 1173 arma,
1068 1107 1336 1161 construit
1366 1108 1419 1160 in
1452 1106 1770 1160 melioribus

164 1204 348 1251 castra
403 1196 648 1266 pudoris.
693 1196 894 1251 Thecla
947 1207 1071 1267 post
1120 1199 1472 1252 ten'atioiiem
1507 1197 1772 1266 passionis

165 1289 488 1344 Antiochia:
513 1330 527 1348 .
561 1306 684 1343 cmn
716 1289 885 1344 Paulo
936 1289 1255 1355 prohibetur
1286 1293 1490 1358 pariter
1523 1305 1770 1358 pergere.

165 1378 348 1435 Nemo
372 1383 527 1435 miles
551 1396 670 1435 cum
701 1378 867 1433 uxori:
900 1381 1074 1449 pergit
1103 1381 1168 1433 ad
1201 1381 1422 1435 bellum.
1449 1381 1774 1435 Germioant

167 1473 389 1528 femina:
418 1473 604 1539 Spinas
635 1488 756 1526 cum
781 1472 912 1526 viris
935 1473 1260 1540 habitantes,
1284 1489 1480 1527 arcana
1508 1474 1770 1528 mentium

168 1576 336 1620 acuto
385 1579 650 1618 mucrone
695 1564 1010 1618 (nitentium
1061 1563 1166 1636 [ΑΙ.
1207 1563 1559 1636 percutiunt].
1604 1564 1774 1619 Nemo

170 1659 340 1728 igitttr
373 1659 513 1711 inter
540 1667 826 1726 serpentes
857 1666 912 1709 et
960 1657 1283 1723 scorpiones
1330 1671 1560 1712 securus
1591 1657 1773 1727 ingrc-

170 1752 344 1804 ditur.
380 1749 572 1803 Libido
611 1751 754 1804 enim
794 1762 1012 1818 semper
1039 1747 1124 1802 sui
1167 1747 1432 1819 relinquit
1477 1747 1776 1819 ptenitndi-

735 337 1012 395 IlEClIlA
1059 333 1546 397 M“NACll"RU\l
1590 336 1675 395 EX
1722 340 1796 398 SC

1905 337 2032 398 »τις
2073 333 2453 400 ΠΗἩΡΝΫΜΞ
2497 340 2880 402 (ἶΟῐιΗίΐῖΤᾹ.

167 458 273 512 isse
316 472 462 528 prmo
490 456 652 527 pitcs,
683 466 736 510 et
765 456 831 511 ad
867 456 1067 529 Orphei
1101 457 1363 511 citharam
1397 459 1644 524 arbores,
1678 457 1764 513 bc-
1792 461 1836 519 Δ

3351 338 3460 403 53’)

1939 458 2210 512 Ardentes
2240 460 2396 529 igitur
2424 459 2622 514 diaboli
2653 471 2861 529 saginat
2888 507 2901 528 ,
2927 459 3253 531 jejuniornm
3287 477 3339 519 et
3373 465 3455 521 vi-

1867 550 2115 619 giliarum
2147 550 2350 620 frigore
2385 555 2782 622 restingttcadai
2815 566 2960 607 sunt.
2993 554 3158 608 Erras
3199 575 3454 627 namque,

1870 642 2062 710 frater,
2096 659 2250 700 erras
2272 687 2288 709 ,
2316 645 2362 700 si
2399 657 2554 716 putas
2593 664 2848 716 utnquam
2877 648 3240 704 Christianum
3273 668 3461 721 per-e-

1873 739 2146 794 etitionem
2180 753 2286 792 non
2319 739 2454 809 pati.
2487 739 2641 795 Tunc
2672 742 2816 795 enim
2848 742 3081 796 maxime
3111 745 3459 812 oppugnaris,

1873 833 1917 886 si
1945 840 1996 886 te
2018 835 2318 903 oppugnari
2345 832 2548 888 neseis.
2572 833 2742 888 Nemo
2764 835 2907 888 enim
2929 847 3010 890 est
3036 845 3178 890 tanta
3209 835 3461 892 ﬁrmitate

1873 925 2129 981 sull‘oltus
2153 972 2166 996 ,
2193 935 2253 981 ut
2280 925 2349 981 de
2379 926 2677 982 stabilitate
2706 927 2902 982 debeat
2932 943 3054 984 esse
3084 943 3307 985 securus
3340 947 3353 984 :
3387 930 3471 985 di-

1874 1025 2032 1072 cente
2063 1017 2362 1086 ApOstolo:
2399 1018 2501 1086 Qui
2531 1028 2668 1083 stat,
2700 1020 2865 1074 videat
2891 1037 2954 1075 ne
2978 1021 3137 1074 cadat
3168 1037 3186 1076 :
3212 1021 3464 1092 quoniam

1875 1107 2052 1161 nullus
2088 1107 2270 1162 hostili
2304 1111 2550 1164 exercitu
2582 1111 2871 1166 obsidente
2914 1127 3144 1167 securus
3184 1123 3290 1167 cSI.
3331 1112 3464 1168 Nam

1875 1200 2200 1252 adversarius
2233 1211 2404 1254 noster
2433 1212 2694 1271 tamquam
2728 1203 2808 1258 leo
2838 1205 3046 1278 rugiens
3075 1204 3277 1278 aliquid
3320 1208 3476 1261 dero-

1874 1307 1992 1342 rare
2019 1305 2250 1358 qnwrens
2278 1331 2292 1357 ,
2339 1293 2574 1346 circumit
2604 1293 2661 1364 (I
2696 1294 2836 1351 Petr.
2873 1313 2936 1363 γ,
2971 1295 3075 1367 8);
3108 1309 3163 1352 et
3195 1304 3250 1353 tu
3283 1315 3473 1369 pacem

1881 1382 2083 1450 putas?
2123 1383 2278 1437 Sedet
2325 1386 2376 1436 in
2405 1385 2608 1438 insidiis
2656 1403 2770 1439 cum
2802 1389 3043 1443 divitibus
3073 1398 3122 1444 et
3154 1393 3206 1445 in
3236 1394 3476 1460 occultis,

1877 1485 1932 1529 ut
1963 1477 2243 1545 interﬁciat
2269 1477 2598 1531 innocentem
2631 1476 2804 1551 (Psal.
2842 1480 2942 1554 ιλ).
2967 1481 3122 1550 Quod
3153 1483 3221 1539 dc
3252 1484 3478 1541 libidine

1879 1567 2115 1622 diximus
2155 1569 2455 1625 referamus
2485 1571 2551 1625 ad
2592 1572 2874 1626 avaritiam
2902 1615 2916 1639 ,
2949 1584 2998 1626 et
3029 1575 3095 1627 ad
3129 1577 3313 1630 omnia
3345 1578 3476 1632 vitia

1880 1676 2001 1731 qua:
2025 1661 2266 1716 vitantur
2295 1662 2610 1719 solitudine.
2647 1663 2714 1718 Et
2745 1665 2948 1720 idcirco
2975 1665 3186 1722 urbium
3222 1667 3479 1738 frequen-

1883 1754 2009 1806 tiam
2042 1753 2380 1809 declinemus
2403 1797 2417 1818 ,
2450 1771 2518 1810 ne
2550 1755 2730 1811 facere
2769 1760 3186 1828 compellamnr,
3218 1777 3337 1831 qua:
3379 1775 3480 1817 nos

173 1859 328 1898 nem.
361 1843 664 1912 Numquam
684 1842 936 1902 satiatur.
963 1853 1016 1896 et
1047 1844 1319 1897 exstincta
1349 1843 1730 1898 reaccenditur
1758 1860 1770 1897 :
1803 1849 1853 1909 Β
1889 1860 1996 1900 non
2028 1856 2135 1900 tam
2170 1859 2362 1903 natura
2391 1849 2535 1920 cogit
2562 1848 2742 1905 facere
2766 1866 2929 1922 quam
2956 1855 3229 1909 voluntas.

172 1953 278 1992 usu
307 1936 582 1991 crescitet
607 1935 878 1991 decrescit
920 1934 1030 2007 [ΑΙ.
1064 1945 1194 1989 tacet
1225 1945 1280 1990 et
1306 1933 1597 2007 decrescit]
1627 1951 1641 1988 :
1675 1947 1778 1990 nec

173 2030 376 2087 rationi
409 2039 583 2099 paret,
617 2044 742 2100 quae
782 2029 988 2098 impetu
1030 2029 1266 2084 ducitur.
1306 2027 1460 2084 Unde
1493 2028 1778 2098 virginitas

176 2126 232 2180 in
263 2138 331 2178 co
360 2122 571 2177 felicior
599 2132 706 2186 est,
737 2122 879 2192 quod
913 2121 1094 2176 carnis
1124 2120 1389 2175 incentiva
1424 2134 1531 2175 non
1577 2120 1724 2174 novit
1762 2137 1777 2174 :

183 2228 242 2272 et
263 2217 579 2272 viduitaseo
601 2215 868 2270 infelicior
887 2214 993 2286 [AL
1031 2213 1362 2286 sollicitior],
1391 2215 1534 2284 quod
1555 2225 1779 2284 prauor-

179 2313 288 2365 i.as
319 2309 506 2363 animo
546 2309 736 2364 recolit
782 2310 1115 2379 voluptates.
1162 2309 1292 2364 Viro
1331 2311 1475 2365 enim
1505 2309 1782 2364 luxurioso

185 2404 414 2458 verbum
445 2402 710 2456 castitatis
730 2400 960 2456 offensio
991 2411 1094 2456 est.

256 2496 359 2562 Qui
395 2493 585 2548 vivunt
628 2495 680 2549 in
714 2494 1078 2558 monasterio,
1107 2505 1161 2548 et
1192 2507 1422 2564 quorum
1453 2491 1615 2547 simul
1665 2507 1784 2546 ma-

190 2606 336 2658 gnus
363 2601 446 2644 est
477 2603 738 2642 numerus
769 2605 781 2640 :
813 2601 1107 2657 numquam
1141 2587 1240 2640 soli
1279 2595 1434 2640 extra
1463 2585 1785 2655 procedunt.

186 2685 268 2740 De
295 2683 512 2755 agmine
541 2681 918 2736 columbarum
962 2682 1156 2735 crebro
1203 2679 1466 2752 accipiter
1508 2695 1670 2736 uuam
1702 2692 1790 2735 se-
1818 2689 1834 2705 °

185 2788 367 2849 parat,
394 2791 556 2848 quam
591 2779 774 2829 Statim
806 2774 1021 2827 invadat
1047 2784 1100 2827 et
1132 2774 1336 2828 laceret
1366 2792 1379 2826 :
1409 2785 1464 2828 et
1492 2771 1649 2842 cujus
1671 2785 1792 2826 car-

188 2871 356 2926 nibus
384 2883 440 2925 et
476 2884 674 2924 cruore
717 2875 1012 2922 saturetur.
1047 2866 1306 2922 Morbidaa
1347 2880 1478 2921 oves
1508 2881 1666 2920 suum
1698 2879 1790 2920 re-

190 2968 442 3034 liuqttttnl
475 2976 695 3032 gregem
724 2978 739 3014 :
772 2975 822 3013 et
855 2964 1102 3029 luporum
1136 2959 1387 3014 faucibus
1431 2959 1789 3014 devorantur.

199 3059 380 3113 [latus
406 3059 568 3125 igitur
591 3056 685 3108 tibi
716 3055 785 3107 sit
807 3068 1059 3121 egressus
1089 3053 1140 3106 itt
1171 3052 1450 3122 publicum
1481 3068 1496 3106 :
1527 3061 1795 3122 martyres

193 3152 292 3205 tibi
317 3147 704 3218 qmcranturin
729 3147 980 3200 cubiculo
1005 3154 1118 3198 tuo.
1149 3144 1455 3214 Numquam
1495 3141 1596 3197 tibi
1630 3156 1794 3196 causa

2496 1983 2727 2040 CAPUT
2767 1985 2857 2042 IV.

2454 2099 2533 2154 De
2564 2098 2904 2173 Paupertate.

3233 2015 3269 2060 .u'

1957 2213 2240 2283 Quondam
2279 2213 2432 2270 dives
2471 2213 2792 2271 adolescens
2818 2260 2834 2285 ,
2879 2217 3059 2271 omnia
3111 2234 3232 2290 quze
3264 2218 3318 2276 itt
3363 2220 3486 2294 lege

1889 2321 2156 2382 praecepta
2199 2320 2330 2364 sunt
2359 2325 2421 2363 se
2450 2309 2707 2379 implesse
2744 2309 3004 2378 iactabat.
3055 2310 3138 2366 Ad
3178 2328 3339 2382 quem
3376 2313 3485 2369 Do-

1887 2404 2067 2458 minus
2091 2405 2142 2457 in
2169 2401 2462 2472 Evangelia
2494 2420 2506 2456 :
2543 2400 2720 2456 Unum
2752 2402 2864 2467 tibi,
2899 2402 3095 2472 inquit,
3128 2403 3312 2459 deest:
3338 2405 3384 2460 si
3413 2406 3486 2460 vis

1888 2498 2144 2568 perfectus
2170 2510 2282 2550 esse
2308 2539 2322 2564 ,
2355 2495 2482 2548 vade
2504 2537 2517 2556 .
2549 2496 2708 2547 renda
2744 2494 2919 2548 omnia
2963 2508 3078 2564 qua:
3119 2494 3304 2561 habes,
3343 2505 3392 2549 et
3421 2497 3490 2551 da

1890 2587 2201 2660 pauperibus
2222 2605 2238 2640 :
2258 2596 2306 2642 et
2326 2587 2460 2651 veni,
2486 2603 2697 2658 sequere
2725 2603 2822 2642 me.
2850 2587 2952 2654 Qui
2975 2587 3152 2641 omnia
3191 2604 3250 2644 se
3273 2589 3491 2645 diccbat

1893 2683 2111 2749 fecisse,
2149 2682 2201 2735 in
2233 2680 2407 2748 primo
2436 2680 2738 2736 certamine
2762 2680 2982 2734 divitias
3009 2681 3231 2736 vincere
3261 2699 3364 2736 non
3395 2697 3493 2753 po-

1895 2784 2019 2830 test.
2056 2774 2211 2831 Unde
2247 2774 2469 2829 difficile
2512 2775 2715 2828 intrant
2747 2774 2946 2829 divites
2975 2790 3138 2844 regna
3184 2777 3485 2842 ('(Blnrtlm,

1895 2883 2016 2940 qua:
2041 2867 2330 2937 expeditos
2357 2878 2411 2922 et
2434 2867 2643 2920 alarum
2674 2865 2894 2922 levitate
2924 2868 3187 2923 subnixos
3224 2867 3494 2926 habitato-

1897 2974 1987 3016 res
2026 2958 2364 3014 desiderant.
2423 2957 2598 3026 Vnde,
2631 2959 2846 3027 inquit,
2891 2960 3049 3015 renda
3085 2976 3105 3015 :
3134 2976 3241 3016 non
3281 2975 3493 3034 partem

1898 3051 2215 3107 substantim
2237 3092 2254 3117 ,
2285 3050 2378 3106 sed
2409 3055 2661 3107 universa
2693 3070 2813 3123 qua}
2845 3055 3093 3123 possides
3138 3072 3152 3108 :
3185 3065 3234 3108 et
3261 3056 3353 3121 da.
3382 3073 3491 3112 non

1901 3146 2126 3212 amicis,
2175 3163 2282 3202 non
2331 3149 2783 3217 consanguineis,
2831 3164 2938 3202 non
2980 3148 3337 3220 propinquis,
3385 3165 3495 3205 non

195 3247 306 3298 erit
336 3241 668 3313 procedendi
697 3280 712 3306 ν
746 3239 791 3294 Si
842 3253 1063 3310 εοιιιρρι·
1108 3237 1418 3292 necessarie
1449 3250 1799 3307 Procesﬂtrtts
1829 3238 1875 3304 C
1908 3242 2093 3306 uxori,
2139 3255 2245 3294 non
2277 3239 2465 3294 liberis
2496 3257 2510 3293 ς
2545 3241 2668 3310 plus
2708 3240 2912 3309 aliquid
2954 3241 3150 3296 addam
3189 3257 3204 3295 :
3236 3239 3496 3320 nihiltibi

194 3342 298 3394 sis.
332 3338 578 3392 Aliorum
612 3335 807 3389 vulnus
837 3374 852 3399 ,
907 3343 1088 3387 nostra
1142 3332 1212 3386 sit
1255 3331 1458 3387 cautio.
1503 3328 1800 3384 Pestilente

197 3436 230 3486 fl
253 3433 504 3502 .gellato,
537 3429 738 3483 stultus
770 3424 1072 3496 sapientior
1096 3424 1221 3480 erit.

271 3525 408 3580 Nam
441 3530 603 3576 etzatn
633 3536 754 3588 qua!
784 3519 1034 3574 homines
1065 3517 1340 3572 aestimant
1376 3514 1478 3572 sibi
1511 3513 1800 3579 salutaria,

200 3617 318 3672 Deo
343 3614 579 3682 volente,
607 3611 1010 3666 vertividetnus
1042 3610 1093 3663 in
1120 3607 1436 3679 perniciem.
1461 3607 1519 3662 ln
1543 3607 1803 3673 tranquil-

201 3713 361 3766 litate
391 3711 534 3764 enim
561 3714 852 3776 tempestas
879 3711 1056 3760 oritur
1087 3721 1100 3758 :
1137 3702 1297 3769 nihil,
1319 3702 1430 3757 Deo
1459 3701 1802 3761 adversante.

207 3820 463 3860 securum
497 3813 600 3857 est.
629 3800 880 3856 Naturale
908 3811 1124 3869 quoque
1149 3806 1234 3850 est
1263 3807 1711 3864 unumquemque
1748 3791 1804 3846 in

201 3913 308 3952 suo
336 3895 581 3966 perit-nlo
608 3893 676 3948 de
701 3893 810 3947 alio
837 3893 956 3962 plus
986 3905 1231 3962 sperare.

274 3993 335 4046 Si
377 3990 595 4060 quando
644 3986 882 4041 senseris
912 3985 1241 4040 exteriorem
1291 3981 1566 4036 hominem
1613 3980 1804 4033 florem

204 4085 599 4140 adolescentia:
629 4082 910 4150 suspirare
943 4097 955 4130 :
997 4088 1053 4132 et
1078 4087 1303 4142 accepto
1327 4076 1473 4142 cibo,
1505 4090 1628 4129 cum
1671 4083 1724 4128 te
1751 4072 1805 4127 in

203 4182 351 4234 lecto
392 4177 628 4246 positum
657 4173 830 4226 dulcis
869 4169 1153 4224 libidinum
1187 4182 1381 4238 pompa
1415 4164 1755 4220 concusserit
1794 4182 1805 4217 :

201 4270 393 4338 arripe
420 4276 635 4323 scutum
663 4264 784 4318 fidei
810 4264 863 4318 in
888 4278 995 4334 quo
1020 4261 1202 4331 ignita:
1225 4258 1428 4314 diaboli
1451 4257 1810 4321 exstinguun—

204 4377 292 4420 tnr
323 4363 562 4433 sagittm.
618 4359 810 4412 Omnes
839 4357 973 4408 enim
1010 4352 1368 4408 adulterantes
1394 4354 1540 4421 quasi
1579 4349 1812 4403 clibanus

203 4459 369 4514 corda
401 4469 581 4509 eorum
624 4449 770 4523 (Ose.
821 4457 927 4516 nt).
964 4447 1113 4502 Licet
1143 4445 1361 4500 difﬁcile
1390 4453 1473 4498 est
1517 4443 1808 4497 humanam

207 4555 454 4610 animam
489 4545 694 4615 aliquid
729 4559 836 4600 non
871 4557 1076 4609 amare,
1104 4549 1164 4595 ut
1187 4540 1238 4596 in
1262 4553 1632 4610 quoscumque
1660 4552 1812 4592 mens

205 4659 397 4704 nostra
429 4641 679 4697 trahatur
707 4639 954 4692 allectus.
987 4633 1179 4689 Carnis
1201 4634 1366 4703 igitur
1388 4647 1561 4693 amor.
1588 4630 1812 4699 spiritus
1843 4631 1890 4691 D
1919 4649 2039 4689 rtnn
2095 4633 2413 4686 deferebant
2473 4631 2637 4700 pedes

205 4752 403 4793 amore
434 4738 743 4803 superetur.
794 4727 1133 4783 Desiderium
1181 4724 1457 4779 desiderio
1504 4723 1814 4791 restingua-

210 4844 304 4886 tur
337 4847 354 4882 :
383 4825 642 4898 quidquid
676 4821 806 4877 inde
837 4819 1124 4884 minuitur,
1155 4816 1242 4872 hic
1265 4826 1497 4872 crescat.
1526 4815 1643 4871 Non
1667 4816 1815 4868 sinas

209 4940 351 4993 ergo
381 4921 765 4992 cogitationem
795 4929 1049 4986 crescere
1081 4931 1094 4966 :
1123 4913 1252 4966 dntn
1283 4926 1481 4982 parvus
1512 4920 1590 4965 est
1623 4909 1813 4974 hostis,

214 5016 506 5072 interfice:
539 5012 774 5082 nequitia
810 5008 1049 5063 elidatur
1090 5007 1143 5061 in
1169 5005 1395 5060 semine.
1431 5004 1565 5057 Audi
1599 5002 1818 5071 psalmi-

215 5119 360 5162 stam
396 5126 410 5160 :
451 5104 643 5158 Beatus
686 5103 774 5168 qui
812 5100 992 5154 allidct
1043 5095 1288 5170 parvulos
1340 5113 1455 5152 suos
1501 5096 1568 5149 ad
1616 5105 1812 5164 petram

214 5198 398 5272 (Psal.
433 5196 587 5263 xui)!
622 5193 964 5263 lmpossibile
996 5202 1080 5246 est
1114 5193 1164 5244 in
1192 5205 1410 5246 Sensum
1445 5189 1677 5243 hominis
1704 5202 1814 5241 non

217 5298 431 5348 itu-uere
478 5297 686 5343 motum
718 5285 826 5360 [ΑΙ.
855 5289 1097 5340 innatum
1142 5283 1503 5338 medullarum
1529 5325 1542 5346 ,
1577 5279 1733 5354 etc.],
1762 5291 1819 5335 et

141 5373 152 5382 ’
215 5386 584 5441 medullarum
617 5381 880 5436 calorem.
916 5379 1012 5433 Ille
1046 5391 1224 5434 tamen
1262 5378 1531 5443 laudatur,
1564 5378 1653 5432 ille
1681 5391 1824 5448 prm-

217 5479 442 5531 dieatur
465 5475 679 5536 beatus,
713 5474 802 5541 qui
833 5474 1016 5526 statim
1045 5487 1168 5525 cum
1193 5471 1420 5540 emperit
1451 5470 1706 5541 cogitare,
1743 5471 1841 5524 iu-.

219 5568 431 5626 turﬁcit
462 5569 753 5634 cogitatus,
785 5575 839 5621 et
862 5565 1036 5620 allidit
1059 5581 1154 5620 eos
1178 5566 1244 5618 ad
1276 5575 1506 5634 petram.
1540 5563 1700 5618 Petra
1732 5580 1828 5618 au-

218 5674 324 5719 tem
347 5671 460 5718 erat
482 5659 718 5717 Christus
749 5659 789 5732 (I
813 5661 933 5716 Cor.
962 5676 1016 5724 ι.
1041 5658 1118 5730 Α).
1144 5660 1274 5716 Nam
1305 5659 1437 5716 fides
1459 5672 1590 5728 pura
1615 5672 1826 5713 moram

220 5774 332 5813 non
368 5757 596 5827 patitur.
635 5753 775 5815 Cum
813 5756 1128 5825 apparuerit
1177 5753 1430 5822 scorpio,
1462 5751 1607 5808 illico
1633 5757 1824 5808 eonte-

221 5847 434 5912 rendus
461 5857 568 5912 est.

679 5939 963 6011 Parant.
995 5935 1216 6008 XXX.

1905 3331 1975 3385 ob
2007 3342 2211 3387 metum
2245 3330 2444 3402 inopim
2474 3332 2813 3395 reservabis,
2848 3347 2916 3385 ne
2945 3345 3068 3385 cum
3098 3331 3304 3387 Anania
3339 3334 3493 3389 dam-

1905 3423 2058 3480 neris
2079 3423 2420 3494 etSapphira
2454 3441 2467 3476 :
2501 3423 2595 3476 sed
2628 3422 2694 3476 da
2727 3433 2921 3477 cuncta
2955 3424 3304 3495 pauperibus,
3333 3435 3387 3482 et
3415 3425 3497 3482 fac

1907 3518 2000 3572 tibi
2030 3518 2235 3572 amicos
2265 3517 2332 3570 de
2361 3514 2548 3584 iniquo
2580 3530 2914 3583 mammona,
2943 3517 3035 3586 qui
3067 3525 3118 3570 te
3144 3518 3408 3588 recipiant
3438 3519 3492 3574 in

1907 3623 2109 3667 mterna
2142 3611 2492 3666 tabernacula
2521 3651 2537 3674 ,
2571 3617 2629 3663 ut
2675 3625 2762 3664 me
2803 3611 3049 3680 sequaris
3082 3622 3137 3665 ut
3185 3611 3494 3670 Dominum.

1910 3703 2053 3758 Nam
2083 3703 2249 3757 omnis
2295 3703 2386 3772 qui
2416 3702 2680 3773 reliquerit
2729 3701 2937 3755 domum
2963 3747 2977 3772 ,
3021 3702 3104 3766 ttel
3145 3707 3338 3776 fratres
3361 3747 3377 3774 ,
3408 3717 3503 3762 aut

1907 3812 2112 3851 εονοιοεε
2141 3836 2157 3861 ,
2191 3804 2280 3848 aut
2312 3803 2528 3866 patrem,
2562 3805 2652 3848 aut
2692 3805 2904 3849 matrem
2927 3838 2942 3863 ,
2975 3807 3066 3850 aut
3117 3814 3329 3852 uxorem
3351 3841 3366 3865 ,
3411 3811 3503 3856 αισι

1909 3890 2067 3956 ﬁlios,
2101 3896 2189 3941 aut
2216 3903 2370 3959 agros
2397 3895 2608 3958 pmpter
2636 3901 2820 3940 nomen
2852 3903 3040 3950 meum.
3075 3889 3372 3962 centuplum
3403 3907 3494 3945 ac-

1909 3982 2095 4054 cipiet,
2127 3989 2176 4034 et
2204 3981 2362 4034 vitam
2391 3987 2638 4034 aeternam
2669 3979 2948 4049 possidebit
2978 3978 3193 4053 (Matth.
3227 4001 3347 4051 XIX,
3380 3985 3502 4057 25)).

1982 4073 2027 4127 0
2057 4087 2256 4144 quanta
2304 4073 2583 4128 beatitudo
2624 4087 2722 4142 pro
2765 4074 2945 4143 parvis
2993 4089 3186 4145 magna
3234 4077 3502 4145 recipere,

1913 4178 2114 4222 aeterna
2149 4182 2245 4235 pro
2288 4165 2576 4230 brevibus,
2623 4182 2722 4236 pro
2765 4169 3044 4223 morituris
3081 4184 3297 4240 semper
3322 4171 3507 4224 viren-

1914 4261 2010 4325 tia,
2042 4271 2096 4314 et
2121 4257 2321 4312 habere
2355 4259 2523 4312 lleum
2563 4257 2902 4313 debitorem?
2924 4261 2980 4315 ln
3011 4258 3237 4315 Actibus
3273 4262 3505 4329 Aposm—

1913 4354 2089 4408 lorum
2121 4351 2288 4423 (quod
2326 4351 2539 4405 Domini
2574 4351 2742 4406 nostri
2773 4350 2952 4423 adhuc
2991 4352 3206 4408 calebat
3231 4367 3416 4419 cruor,
3449 4365 3505 4407 ct

1915 4446 2158 4501 fervebat
2189 4459 2378 4501 recens
2404 4447 2456 4499 in
2487 4444 2838 4500 credentibus
2864 4443 3022 4517 fides)
3053 4444 3362 4501 vendebant
3388 4459 3507 4498 om-

1914 4554 2013 4595 nes
2038 4540 2411 4609 possessiones
2441 4553 2585 4597 suas,
2621 4551 2670 4592 et
2707 4539 2879 4606 pretia
2902 4552 3088 4592 earum
3114 4537 3180 4592 ad
3212 4538 3503 4606 Apostolo-

2687 4648 2700 4685 :
2745 4639 2803 4684 ιιι
2846 4630 3202 4685 ostenderent
3245 4630 3508 4699 pecunias

1919 4742 2041 4783 esse
2068 4728 2356 4782 ealcandas
2384 4742 2397 4778 :
2429 4725 2768 4793 dabaturque
2807 4723 3038 4792 singulis
3062 4763 3078 4788 ,
3110 4731 3270 4793 prout
3309 4722 3508 4794 cuique

1919 4837 2057 4890 Opus
2081 4831 2217 4876 erat.
2246 4819 2400 4876 Unde
2442 4818 2680 4872 Ammius
2711 4826 2762 4871 et
2795 4814 3060 4886 Sapphira
3093 4816 3500 4884 dispensatores

1921 4913 2138 4977 timidi,
2183 4915 2349 4966 immo
2377 4913 2545 4980 corde
2591 4909 2791 4979 duplici
2826 4953 2839 4978 ,
2883 4921 2933 4962 et
2982 4907 3102 4976 ideo
3141 4910 3512 4978 cendemnati,

1922 5008 2045 5079 (ιηῑςι
2089 5015 2214 5076 post
2253 5009 2436 5055 votum
2469 5001 2806 5054 abstulerunt
2838 4999 2985 5064 quasi
3019 5015 3110 5075 sua
3132 5040 3146 5066 ,
3173 5011 3227 5055 ct
3259 5017 3364 5059 non
3394 5004 3512 5072 ejus

1922 5098 2008 5154 Ctti
2041 5111 2104 5150 ea
2130 5103 2415 5155 Vorcraist,
2451 5101 2770 5160 partemque
2793 5090 2890 5143 sil'i
2917 5089 3020 5156 iam
3046 5091 3236 5145 aliena!
3260 5096 3513 5152 substan-

1923 5190 2015 5246 tia:
2045 5193 2495 5248 reservaveruut,
2542 5190 2843 5237 metuentes
2892 5184 3128 5250 famem,
3181 5204 3339 5260 quam
3386 5205 3514 5245 vera

1925 5281 2063 5337 fides
2086 5295 2195 5333 non
2230 5277 2383 5332 timet
2423 5292 2435 5330 :
2471 5285 2524 5331 et
2557 5289 2880 5343 praesentem
2913 5291 3162 5336 meruere
3191 5281 3512 5352 vitulictam,

1926 5391 2035 5430 non
2066 5371 2389 5427 crudelitate
2413 5367 2718 5432 sementim,
2747 5367 2839 5422 sed
2863 5373 3220 5427 correctionis
3243 5375 3513 5443 exciitpla.

1928 5465 2118 5521 Vende
2162 5481 2291 5533 ergo
2335 5461 2514 5517 omnia
2543 5477 2662 5531 quat
2707 5461 2872 5514 habes
2899 5503 2912 5526 ,
2957 5471 3007 5516 et
3052 5463 3118 5516 da
3166 5443 3519 5536 pauperibus,

1930 5576 2038 5616 non
2068 5557 2327 5615 divitibus
2350 5599 2366 5621 ,
2410 5571 2515 5610 non
2546 5555 2612 5608 ad
2645 5553 2912 5609 luxuriam
2938 5596 2951 5618 ,
2997 5553 3092 5610 sed
3127 5556 3191 5612 ad
3223 5560 3524 5612 necessita-

1932 5661 2064 5707 tem.
2099 5649 2227 5706 Sive
2255 5648 2345 5704 ille
2382 5646 2636 5702 sacerdos
2665 5647 2767 5715 sit,
2803 5647 2916 5703 sive
2939 5658 3200 5717 cognatus
3225 5695 3240 5718 ,
3271 5651 3387 5704 sive
3410 5651 3531 5706 aflio

1938 5746 2060 5802 nis:
2095 5743 2230 5800 nihil
2257 5741 2400 5798 aliud
2432 5742 2485 5800 iu
2516 5757 2584 5796 co
2606 5741 2925 5799 consideres
2948 5784 2962 5807 ,
2991 5743 3094 5802 nisi
3125 5756 3526 5818 paupertatem.

2011 5838 2276 5919 Quodun
2293 5837 2345 5899 in
2373 5835 2640 5915 Algyptiis
2667 5875 2684 5910 ,
2708 5846 2756 5896 et
2786 5835 2961 5917 Syriis
2987 5841 3339 5902 monasteriis
3366 5843 3541 5914 moria

2948 5928 3022 6009 11
