4012 6190
1660 232 1726 294 8.
1767 227 2157 291 ΠΙΕΒΟΝΫΜΙ
2194 228 2210 285 l

2324 223 2482 287 ZRUM
2517 221 2880 287 MANTISSA.
3720 258 3741 265 κ
3802 226 3890 286 832

619 368 701 417 est
737 378 750 413 :
783 367 843 415 ut
874 357 965 430 qui
991 369 1050 412 se
1075 354 1187 410 Deo
1214 353 1465 409 voveriut
1492 394 1507 418 ,
1549 352 1751 407 sarculo
1801 351 2179 406 renuntiantes
2200 396 2214 419 ,
2245 348 2299 411 Λ
2326 349 2576 417 laqueum
2608 348 2811 403 diaboli
2857 356 2912 405 et
2944 345 3218 407 desideria
3257 346 3448 403 multa.
3496 343 3561 403 Et
3587 349 3885 419 prasertini,

627 465 820 505 omnes
850 447 1033 502 smculi
1066 444 1289 500 delicias
1335 445 1664 499 conculcent
1702 458 1718 495 :
1763 450 1790 477 ⁸
1832 444 2037 498 utinam
2076 442 2220 512 quod

628 544 836 600 smculii
866 540 1241 596 renuntiamus
1262 538 1513 593 voluntas
1540 537 1631 599 sit,
1659 550 1767 591 non
1792 535 2092 590 necessitas
2124 553 2138 588 :
2162 544 2223 589 ut

624 643 917 706 paupertas
956 631 1151 687 habeat
1191 630 1433 701 etpetita
1466 630 1690 701 gloriam
1715 670 1732 693 ,
1766 644 1871 684 non
1914 630 2062 685 illata
2095 643 2222 683 cru-

624 731 845 783 ciatum.
874 722 1143 782 Caeterum
1178 725 1334 795 juxta
1366 724 1622 780 miserias
1645 722 1807 792 hujus
1834 722 2093 793 temporis
2118 764 2135 789 ,
2166 734 2222 777 et

627 821 823 891 ubique
854 817 1065 885 gladios
1110 817 1399 872 saevientes
1423 858 1439 882 ,
1484 817 1622 871 satis
1664 815 1817 871 dives
1851 827 1935 870 est
1960 815 2050 885 qui
2080 830 2221 886 pane

622 928 728 967 non
758 912 963 981 indiget
996 930 1009 965 :
1036 920 1092 966 et
1116 909 1337 965 nimium
1382 918 1575 977 potens
1606 919 1712 975 est,
1741 909 1836 979 qui
1875 910 2084 965 servire
2112 924 2219 963 non

620 1006 857 1075 cogitur.
886 1003 1034 1058 Multi
1066 1002 1211 1058 enim
1244 1001 1515 1058 adiﬁcant
1544 1018 1579 1074 p
1600 1003 1784 1059 .rietes
1808 1042 1826 1068 ,
1856 1010 1911 1057 et
1937 1001 2222 1056 columnas

624 1097 889 1153 Ecclesia!
913 1096 1272 1162 substruuttt,
1304 1110 1581 1151 marmora
1615 1096 1825 1162 nitent,
1870 1111 2004 1150 auro
2033 1094 2218 1163 splen-

616 1187 747 1243 dent
776 1187 1081 1258 laquearia,
1104 1197 1157 1239 ιιι
1178 1186 1414 1255 gemmis
1440 1186 1617 1243 altare
1640 1186 2013 1257 distinguitur,
2041 1195 2099 1242 et
2121 1186 2223 1240 mi-

621 1282 918 1335 uistrorum
976 1277 1068 1334 Dei
1103 1279 1249 1334 nulla
1287 1287 1372 1334 est
1415 1277 1636 1335 electio.
1680 1278 1869 1351 Neque
1915 1294 2049 1334 vero
2089 1278 2221 1335 mihi

616 1375 813 1446 aliquis
842 1382 1124 1444 opponat:
1157 1372 1313 1428 (lives
1346 1374 1397 1428 in
1427 1372 1615 1428 .lndxa
1638 1374 1922 1443 templum,
1948 1389 2218 1441 mensam,

618 1464 899 1530 lucernas,
929 1464 1204 1520 tltnribula
1224 1509 1239 1531 ,
1276 1464 1546 1536 scyphos,
1578 1474 1635 1520 et
1662 1466 1767 1519 alia
1795 1480 1864 1521 ex
1895 1480 2030 1521 auro
2059 1464 2223 1519 fabri-

626 1573 766 1614 i-ata.
796 1552 951 1613 Tunc
986 1557 1101 1613 ιιίιιε
1125 1557 1426 1627 ptobantnr
1452 1572 1481 1610 a
1516 1557 1765 1620 Domino,
1794 1556 2013 1627 quando
2040 1571 2221 1611 sacer-

624 1657 781 1710 il0tes
811 1652 1019 1707 hostias
1053 1650 1404 1706 immolabant
1429 1690 1444 1712 ,
1489 1659 1545 1705 et
1573 1651 1792 1719 sanguis
1820 1664 2079 1719 pecorum
2105 1658 2222 1703 erat

2324 439 2447 509 quia
2471 450 2602 494 :rtas
2633 450 2815 508 Optata
2847 443 3060 496 cunctis
3096 456 3203 496 non
3231 440 3463 496 vicinam
3497 451 3722 497 mortem
3747 484 3762 505 ,
3791 457 3890 511 qua:

2323 530 2589 586 debentur
2621 532 2942 587 mortalibus
2971 544 3179 587 natura:
3211 533 3327 602 lege
3362 551 3376 585 :
3408 534 3502 586 sul
3532 548 3681 588 cassa
3706 547 3795 601 spe
3813 551 3891 587 an-

2325 637 2518 677 norum
2557 623 2717 678 nobis
2746 625 2917 693 spatia
2951 625 3257 693 pollicetur.
3288 624 3459 678 Nemo
3486 625 3629 678 enim
3667 634 3767 677 tam
3796 624 3888 678 fra-

2323 716 2425 770 ctis
2448 714 2676 783 viribus,
2699 718 2755 771 et
2778 717 2857 771 sic
2880 717 3170 785 decrepitre
3194 718 3501 772 senectutis
3524 727 3629 781 est,
3654 729 3706 771 ut
3726 732 3821 771 non
3841 734 3890 771 se

2324 814 2478 876 putet
2520 806 2697 861 adhuc
2739 824 2902 863 unum
2958 824 3158 863 annum
3201 824 3325 864 es-e
3367 811 3664 863 victurum.
3713 809 3889 863 Verum

2324 900 2452 969 quid
2480 904 2615 971 ago?
2647 901 2814 957 fracta
2850 905 2969 957 navi
3016 903 3087 957 de
3117 902 3389 959 mercibus
3419 904 3653 971 disputo.
3693 902 3797 957 Non
3827 904 3893 957 itt-

2328 992 2621 1064 telligimus
2658 995 3054 1050 Antichristum
3084 998 3526 1067 appropinquare
3568 1015 3582 1050 :
3624 1012 3775 1067 quem
3800 997 3893 1051 Do-

2326 1084 2507 1139 minus
2533 1085 2694 1141 Jesus
2718 1088 3012 1143 interﬁciat
3038 1090 3229 1155 spiritu
3259 1088 3372 1143 oris
3397 1088 3533 1157 ejus.

2398 1180 2622 1236 .lnvenis
2651 1180 2870 1251 quidem
2903 1188 3086 1251 potest
3129 1178 3266 1235 mori
3305 1180 3413 1234 cito
3448 1198 3459 1231 :
3503 1179 3597 1233 sed
3625 1194 3783 1235 seacx
3816 1180 3898 1235 ditt

2325 1273 2514 1329 vivere
2544 1289 2649 1328 non
2674 1282 2880 1343 potest,
2910 1273 3157 1328 maxime
3179 1272 3306 1341 quia
3327 1274 3734 1339 comparatione
3758 1287 3899 1326 :cter-

2327 1366 2515 1421 nitatis
2570 1380 2732 1420 omne
2778 1364 2920 1435 quod
2973 1365 3029 1419 in
3085 1363 3290 1419 mundo
3338 1364 3603 1434 patimur.
3652 1380 3756 1418 una
3798 1365 3901 1419 dies

2326 1458 2590 1530 appellari
2615 1467 2816 1528 potest,
2852 1473 2960 1512 non
2993 1457 3365 1523 habitationis,
3398 1458 3491 1513 sed
3525 1459 3899 1527 peregritta'iu-

2327 1552 2432 1605 nis.
2482 1550 2617 1605 Nam
2664 1550 2909 1620 quotidie
2946 1560 3351 1605 commutamur
3395 1568 3408 1602 ε
3458 1558 3642 1603 tamen
3686 1560 3903 1604 aeternos

2328 1658 2431 1697 nos
2466 1642 2764 1698 credimus.
2797 1643 2911 1697 Hoc
2942 1643 3121 1711 ipsum
3151 1642 3295 1712 quod
3332 1642 3494 1706 dico,
3530 1642 3673 1708 quod
3702 1643 3899 1705 scribo,

616 1744 916 1812 redemptio
946 1751 1317 1813 peccatorum,
1348 1756 1672 1812 quamquam
1720 1742 1837 1796 lucc
1862 1742 2042 1794 omnia
2077 1756 2215 1811 prai-
2254 1741 2299 1801 Β
2329 1737 2475 1806 quod
2502 1739 2640 1806 lego.
2673 1737 2816 1806 quod
2842 1738 3097 1797 emendo,
3126 1738 3194 1791 de
3221 1736 3328 1789 vita
3359 1752 3477 1790 mea
3506 1737 3753 1790 trahitur.
3777 1736 3903 1802 Quot

622 1846 909 1894 cesserunt
936 1838 985 1890 itt
1020 1835 1207 1905 ﬁgura.

689 1926 844 1983 Nunc
874 1942 1002 1980 vero
1049 1940 1170 1977 cuin
1208 1932 1578 1994 paupertatem
1623 1924 1815 1979 domus
1861 1941 1974 1980 sure
2014 1940 2218 1994 panper

614 2024 875 2077 Dominus
906 2020 1245 2079 dedicavcrit
1270 2036 1287 2078 ;
1317 2022 1618 2087 cogitemus
1645 2035 1883 2083 erucem,
1922 2029 1977 2073 et
1997 2020 2215 2073 divitias

614 2115 785 2169 lutum
808 2111 1142 2183 putabimus.
1178 2110 1284 2165 Sed
1317 2109 1838 2180 nnmquid'lempns,
1873 2118 1932 2165 ut
1961 2110 2214 2164 habitetis

614 2209 665 2264 in
690 2206 946 2262 domibus
977 2204 1266 2274 Loquentis,
1306 2204 1356 2257 id
1388 2214 1495 2267 est,
1529 2205 1733 2257 ornatis
1763 2213 1815 2257 ct
1846 2203 2161 2271 compositis
2196 2218 2211 2257 :

612 2314 667 2358 et
689 2319 810 2373 qua:
846 2315 951 2354 non
984 2308 1091 2353 tam
1118 2297 1184 2352 ad
1216 2314 1371 2352 usuin
1403 2308 1551 2363 sunt,
1580 2313 1737 2366 quam
1753 2296 1817 2350 ad
1847 2294 2095 2361 delicias,
2125 2296 2210 2349 in-

610 2396 727 2466 quit
776 2393 1067 2463 Propheta.
1123 2390 1257 2447 Nam
1312 2392 1681 2446 habitaculum
1734 2404 1948 2453 meum,
2002 2389 2054 2443 in
2103 2404 2212 2458 quo

610 2490 825 2544 fuerant
864 2486 1065 2541 Sancta
1106 2494 1441 2545 sanctorum,
1477 2492 1532 2537 et
1575 2482 1859 2536 cherubim
1891 2524 1907 2544 ,
1938 2492 1993 2537 et
2023 2496 2211 2536 mensa

612 2578 1020 2651 propositionis,
1053 2576 1228 2646 pluris
1255 2575 1521 2645 rigabitur
1552 2592 1563 2625 :
1594 2574 1865 2641 squalebit
1894 2572 2209 2636 solitudine,

612 2683 667 2727 ot
694 2672 807 2725 sole
836 2669 1085 2725 torrebit.
1110 2668 1242 2737 Qua:
1269 2676 1451 2721 autem
1480 2666 1685 2720 utilitts
1712 2666 1916 2735 fulgere
1938 2665 2166 2735 gemmis
2194 2684 2207 2717 :

613 2777 669 2823 et
696 2766 972 2821 Christum
1005 2764 1057 2816 in
1091 2777 1325 2832 paupere
1356 2763 1496 2814 fame
1528 2762 1661 2814 mori
1703 2758 1811 2831 [ΑΙ.
1846 2746 2211 2829 periclitari]?

611 2858 731 2913 lam
768 2872 873 2910 non
927 2862 1053 2907 sunt
1096 2861 1183 2906 tua
1235 2868 1353 2922 quat
1406 2868 1472 2919 po
1505 2851 1695 2907 sides:
1730 2851 2059 2918 dispensatio
2112 2849 2213 2904 tibi

608 2948 816 3005 credita
850 2956 974 3013 est:
1004 2960 1140 3000 cave
1170 2960 1235 2999 ne
1267 2943 1419 3014 quasi
1467 2942 1643 2999 ﬁdelis
1673 2952 1727 2996 et
1756 2942 1994 2996 famosus
2027 2956 2207 3008 quon—

610 3048 734 3102 dam
778 3054 993 3099 tuorttm
1021 3041 1400 3111 dispensator,
1431 3041 1667 3097 alienam
1705 3040 1987 3110 pecuniam
2019 3038 2206 3094 distri-

609 3138 883 3197 buendam
916 3136 1178 3205 accipias.

684 3230 875 3288 Crates
903 3229 997 3282 ille
1034 3226 1330 3282 Thebanus
1357 3271 1371 3292 ,
1400 3225 1562 3281 homo
1589 3223 1859 3295 quondam
1888 3224 2209 3294 ditissimus,

610 3339 735 3379 eum
760 3320 827 3376 ad
859 3317 1353 3391 philosophandum
1383 3316 1623 3369 Athenas
1657 3326 1925 3386 pergeret,
1956 3331 2210 3386 magnum

616 3412 734 3468 auri
777 3410 987 3482 pondus
1031 3408 1230 3475 ahjecit
1264 3426 1273 3457 :
1310 3420 1409 3460 nec
1457 3407 1663 3474 putavit
1693 3422 1750 3461 se
1781 3422 1941 3475 posse
1980 3408 2212 3461 virtutes

609 3504 765 3557 simul
827 3514 881 3556 et
937 3499 1152 3554 divitias
1215 3498 1537 3566 possidere.
1594 3510 1649 3554 et
1711 3514 1808 3555 nos
1873 3499 2209 3555 suffarcinati

614 3609 746 3648 auro
785 3592 1059 3648 Christum
1110 3607 1403 3660 pattpctetn
1456 3594 1787 3659 sequimur:
1828 3602 1883 3647 et
1926 3592 2026 3647 sub
2071 3608 2211 3663 prat-

612 3688 761 3740 t'extn
787 3683 1149 3754 elecmosyuze
1184 3684 1429 3750 pristinis
1458 3683 1654 3752 opibus
1690 3685 2040 3749 incubantes,
2071 3702 2208 3756 quo-

618 3777 776 3831 modo
813 3789 1103 3845 p0~snmns
1139 3775 1310 3829 aliena
1352 3776 1585 3831 ﬁdeliter
1612 3778 1960 3846 diSIribttcre,
1996 3781 2083 3849 qni
2115 3795 2212 3833 no-

610 3884 720 3925 stra
751 3869 936 3924 timide
960 3870 1335 3923 reservamus?
1364 3870 1619 3942 lntelligis
1649 3874 1777 3943 quid
1805 3860 2019 3944 loquor.
2052 3873 2211 3928 Dedit

612 3965 756 4019 enim
804 3962 898 4019 tibi
934 3961 1193 4017 Dominus
1226 3964 1275 4019 in
1304 3964 1560 4019 omnibus
1587 3967 1927 4024 intellectum
1960 3986 1973 4021 ε
2005 3967 2211 4021 Praeter-

609 4059 815 4113 victum
848 4066 901 4111 et
932 4054 1185 4111 vestitum
1225 4068 1275 4111 et
1321 4057 1639 4113 manifestas
1681 4060 2041 4116 necessitates
2075 4059 2205 4113 nihil

598 4151 856 4221 cuiquam
903 4148 1151 4204 tribuas:
1197 4164 1265 4204 ne
1309 4149 1545 4205 liliorttm
1592 4168 1791 4223 panem
1830 4168 1991 4208 canes
2017 4168 2209 4207 come-

606 4246 757 4301 dant.

675 4340 755 4395 Tit
788 4353 917 4407 ergo
948 4337 1254 4401 considera,
1284 4353 1351 4394 ne
1378 4336 1579 4393 Cliri.ti
1613 4338 1972 4395 substantiam
2003 4339 2213 4410 impru-

598 4432 791 4487 denter
812 4428 1060 4486 ell‘undas
1086 4446 1099 4483 :
1132 4430 1182 4484 id
1206 4440 1310 4495 est,
1345 4446 1435 4497 ne,
1462 4430 1814 4484 immoderato
1839 4432 2066 4500 judicio,
2092 4447 2211 4486 rem.

2325 1838 2522 1899 puncta
2554 1830 2793 1893 notarii,
2828 1838 2901 1882 tot
2937 1844 3182 1883 meorum
3214 1828 3413 1881 damna
3442 1837 3566 1881 sunt
3596 1835 3900 1896 temporum.

2321 1922 2526 1978 Omnes
2564 1937 2796 1991 namque
2839 1921 3042 1975 divitia:
3082 1922 3155 1977 de
3203 1920 3490 1990 iniquitate
3530 1920 3852 1976 descendunt
3887 1937 3898 1971 :

2321 2018 2426 2073 nisi
2450 2018 2587 2073 alter
2610 2017 2930 2085 perdiderit.
2972 2017 3107 2071 alter
3131 2016 3373 2071 invenire
3396 2031 3504 2070 non
3543 2025 3741 2084 potest.
3768 2013 3903 2070 Unde

2321 2112 2537 2183 vulgata
2562 2112 2831 2166 sententia
2858 2110 2993 2165 mihi
3018 2111 3231 2166 videtur
3252 2125 3373 2165 esse
3394 2111 3675 2165 verissima
3704 2128 3715 2160 :
3745 2109 3900 2169 Dives,

2320 2214 2410 2259 aut
2451 2206 2696 2273 iniquus,
2739 2216 2826 2257 aut
2863 2206 3031 2275 iniqui
3058 2206 3256 2259 cineres.
3302 2204 3465 2259 Vides
3497 2204 3646 2259 enim
3678 2202 3904 2256 homines

2321 2299 2491 2353 maria
2523 2299 2761 2353 transire
2788 2317 2798 2350 :
2830 2312 2955 2353 an'c
2984 2308 3265 2364 potentum
3295 2299 3565 2353 excubare
3595 2296 3737 2350 fores
3762 2314 3773 2347 :
3809 2293 3905 2361 pati

2323 2390 2503 2443 omnia
2526 2405 2647 2459 qua:
2677 2404 2965 2444 servorum
2987 2389 3228 2444 conditio
3255 2389 3343 2442 vix
3376 2388 3594 2454 patitur,
3630 2399 3687 2440 ut
3707 2387 3910 2440 divitias

2318 2494 2687 2554 congregem,
2746 2494 2805 2537 ut
2856 2482 3093 2552 aliquam
3141 2482 3409 2550 accipiant
3458 2480 3797 2548 dignitatem.
3853 2478 3909 2532 Et

2318 2589 2606 2649 postquam
2650 2580 2753 2631 hoc
2785 2577 2990 2631 fuerint
3019 2577 3298 2631 consecuti
3320 2616 3333 2637 ,
3367 2575 3581 2631 tradere
3610 2588 3672 2629 se
3703 2570 3910 2627 luxuriat

2318 2681 2376 2729 et
2406 2671 2776 2741 voluptatibus
2812 2683 2860 2725 et
2894 2668 3041 2725 omni
3085 2669 3396 2738 iniquitati,
3432 2678 3490 2721 nt
3520 2669 3669 2737 quod
3703 2663 3907 2720 avaritia

2318 2775 2637 2834 congregat,
2664 2764 2878 2818 luxuria
2910 2771 3215 2817 cOttSUtnat.
3740 2742 3749 2750 ’

2393 2857 2484 2911 Isti
2532 2871 2661 2926 ergo
2699 2870 2794 2919 pro
2831 2854 3108 2909 laboribus
3151 2855 3265 2907 suis
3295 2854 3607 2908 efﬁciuntur
3640 2852 3909 2921 hospitium

2317 2948 2652 3004 drmonum.
2705 2947 2807 3014 Qui
2847 2948 3104 3015 templum
3148 2945 3241 2999 Dei
3286 2960 3409 3000 es~e
3454 2945 3762 3012 debebant,
3792 2943 3913 2998 ﬁunt

2320 3039 2655 3094 tibernaCttli
2700 3039 3041 3106 Etltinpnm.
3086 3037 3377 3107 Postquam
3422 3036 3565 3092 enim
3610 3038 3767 3091 ditati
3808 3038 3910 3089 lue-

2241 3114 2290 3176 (Ξ
2325 3133 2458 3193 rint,
2492 3141 2546 3187 et
2581 3147 2675 3199 per
2706 3131 2785 3185 fas
2816 3140 2871 3185 et
2898 3131 3050 3185 nefas
3080 3130 3146 3182 ad
3180 3129 3504 3185 altissimum
3532 3131 3763 3199 gradum
3792 3144 3912 3185 eon-

2324 3224 2642 3280 sccnderint
2672 3268 2686 3290 ,
2743 3231 2871 3276 tunc
2922 3222 3252 3277 conscientia
3304 3232 3659 3294 peccatorum
3704 3237 3910 3277 suorum

2325 3334 2544 3384 semper
2582 3327 2813 3371 mortem
2836 3362 2848 3381 ,
2882 3331 3100 3386 semper
3122 3316 3387 3387 judicium
3419 3316 3796 3373 formidabunt
3817 3360 3831 3381 ,
3867 3325 3917 3368 et

2325 3412 2392 3463 ad
2431 3411 2601 3463 levem
2638 3408 2952 3463 febriculam
2981 3450 2995 3474 ,
3040 3409 3193 3477 quasi
3232 3408 3473 3464 latrones
3511 3409 3564 3463 in
3605 3424 3826 3464 carcere
3854 3407 3915 3460 de

2324 3501 2547 3556 aeternis
2572 3501 2853 3569 suppliciis
2875 3501 3246 3568 suspirabunt.
3280 3500 3489 3555 Divites
3515 3510 3705 3555 autem
3731 3499 3821 3565 qui
3840 3499 3916 3552 in-

2320 3598 2494 3666 grcssi
2538 3605 2663 3649 sunt
2706 3610 2868 3663 regna
2914 3595 3174 3649 cmlorutu
3203 3634 3218 3657 ,
3264 3594 3394 3661 ipsis
3425 3593 3633 3649 divitiis
3675 3594 3743 3647 ad
3786 3594 3913 3646 bona

2321 3698 2542 3743 utentes
2558 3704 2743 3757 opera,
2761 3688 2958 3741 divites
2976 3702 3097 3743 esse
3118 3686 3415 3748 desierunt,
3432 3696 3486 3737 et
3514 3686 3918 3752 dispensatores

2320 3783 2494 3851 magis
2528 3782 2619 3835 Dei
2648 3797 2807 3849 quam
2832 3781 3027 3835 divites
3059 3777 3387 3849 appellandi.
3412 3777 3665 3834 Obsecro
3690 3794 3819 3847 ergo
3848 3786 3915 3839 te,

2319 3891 2393 3930 ne
2421 3876 2563 3929 lucra
2600 3876 2784 3929 mundi
2811 3874 2865 3928 in
2896 3873 3096 3928 Clit-isti
3121 3888 3336 3943 qumras
3364 3872 3577 3926 militia.
3608 3870 3918 3942 Negotia‘o-

2318 3985 2435 4024 rem
2469 3969 2725 4024 clericum
2752 4010 2766 4033 ,
2799 3980 2852 4024 et
2882 3985 2949 4023 ex
2980 3969 3141 4037 inope
3163 3967 3385 4022 divitem
3408 3968 3641 4033 factum,
3671 3982 3737 4022 ex
3770 3967 3919 4037 igno-

2320 4064 2415 4117 bili
2467 4062 2805 4133 gloriosum,
2857 4064 3011 4131 quasi
3055 4061 3343 4131 quamdam
3392 4070 3599 4129 pestem
3649 4060 3796 4130 fuge.
3858 4057 3920 4113 Ει

2320 4158 2630 4228 praesertim
2662 4171 2784 4210 cum
2820 4156 2987 4210 sciant
3022 4164 3071 4208 te
3107 4154 3202 4209 tati
3236 4155 3581 4208 renuntiasse
3611 4152 3839 4212 mundo,
3871 4157 3923 4204 et

2321 4251 2549 4320 abjt'CIis’
2576 4248 2909 4319 calcatisque
2938 4247 3177 4309 divitiis,
3210 4247 3474 4307 oratiooi.
3506 4245 3761 4312 lectioni,
3786 4243 3923 4313 jeju-

2320 4344 2430 4397 niis
2458 4357 2653 4396 vacare
2685 4340 2947 4411 quotidie.
2973 4340 3367 4393 Piocuratorcs
3386 4353 3603 4407 quoque
3628 4346 3686 4392 et
3707 4338 3925 4404 dispen-

2321 4448 2534 4492 satOres
2573 4436 2860 4490 domorum
2905 4435 3206 4487 alienarum
3245 4442 3405 4501 atque
3451 4432 3701 4485 villarum
3739 4429 3923 4484 clerici

603 4541 901 4599 pauperum
933 4523 1138 4579 tribuas
1180 4540 1285 4578 non
1331 4524 1659 4590 pauperibus
1687 4566 1703 4586 ,
1736 4526 1877 4591 quod
1933 4525 2077 4592 paris
2124 4534 2210 4579 est

2324 4546 2446 4586 esse
2476 4548 2581 4582 non
2608 4546 2639 4599 p
2678 4537 2835 4583 ssunt
2864 4545 2878 4581 :
2905 4528 2993 4596 qui
3022 4526 3544 4596 propt'iasjubentur
3566 4534 3926 4579 contemnere

602 4617 873 4689 sacrilegii
910 4635 922 4671 :
954 4616 1252 4671 secundum
1294 4616 1494 4668 dictum
1538 4615 1946 4682 prudentissimi
1977 4617 2101 4679 viri,
2138 4617 2210 4669 li-

601 4710 854 4765 lieralitas
881 4716 1087 4779 pereat.
1120 4704 1254 4761 Sunt
1288 4720 1502 4775 quoque
1531 4706 1618 4775 qui
1650 4706 1977 4776 pauperibus
2010 4723 2207 4776 parum

596 4804 870 4867 tribuunt,
925 4812 982 4854 ttt
1028 4800 1261 4867 amplius
1309 4797 1579 4865 accipiant
1636 4816 1647 4851 :
1692 4809 1744 4853 et
1792 4798 1893 4852 sub
1935 4809 2207 4866 prmtcxtu

600 4895 962 4964 cleemosynte
1010 4889 1225 4945 divitias
1263 4899 1511 4958 quarrnnt
1557 4905 1721 4956 :quzc
1766 4890 1938 4961 magis
1986 4893 2206 4947 venatio

598 5003 754 5056 quam
786 4986 1134 5057 eleemosyna
1166 4982 1395 5038 dicenda
1426 4994 1529 5037 est.
1565 4983 1653 5037 Sic
1685 4983 1870 5039 bestia:
1893 5028 1909 5051 ,
1944 4986 2022 5042 sic
2046 5004 2197 5055 ares,

598 5078 675 5132 sic
701 5088 756 5133 et
784 5076 1071 5146 capiuntur
1101 5078 1297 5148 pisces.
1334 5077 1599 5132 Modicum
1650 5077 1703 5131 in
1740 5078 1898 5133 hamo
1930 5096 2071 5135 esca:
2103 5098 2201 5151 po-

607 5172 753 5225 nitur
784 5187 797 5223 :
832 5178 891 5223 ut
937 5178 1302 5224 matronarum
1350 5168 1402 5223 iit
1436 5183 1501 5223 co
1530 5169 1735 5223 saeculi
1780 5172 2194 5240 protrahantur.

591 5263 700 5319 Nos
730 5270 911 5316 autem
960 5260 1189 5315 humiles
1216 5271 1377 5330 atque
1420 5261 1763 5331 pauperculi,
1797 5278 1899 5318 nec
1928 5264 2195 5321 habemus

587 5358 831 5423 divitias,
858 5368 957 5409 nec
982 5353 1191 5409 oblatas
1231 5352 1513 5420 dignamur
1540 5352 1807 5420 accipere.
1854 5353 2188 5421 Balsamum,

587 5448 739 5515 piper
784 5456 839 5501 ct
883 5456 1042 5514 poma
1082 5444 1381 5513 palmarum
1434 5441 1619 5496 rustici
1669 5458 1775 5497 non
1822 5457 2008 5499 emunt
2040 5467 2056 5503 :
2085 5449 2190 5516 Qui

582 5540 726 5594 enim
755 5539 940 5594 volunt
971 5536 1163 5593 divites
1208 5533 1361 5598 ﬁeri,
1408 5533 1655 5592 incidunt
1692 5536 1743 5592 in
1777 5540 2107 5600 tentaliones
2134 5556 2193 5601 et

2321 4624 2633 4679 divitiarum
2682 4624 2984 4675 facultates.
3035 4621 3292 4674 Avatitim
3332 4633 3547 4687 quoque
3584 4618 3791 4672 malum
3837 4614 3926 4668 ubi

2321 4720 2548 4772 omnino
2578 4714 2851 4769 vitandum
2886 4726 2992 4778 est,
3036 4731 3141 4767 non
3174 4728 3282 4781 quo
3313 4711 3487 4764 aliena
3529 4727 3641 4764 non
3675 4722 3923 4779 appetas,

2321 4811 2425 4866 hoc
2468 4811 2610 4864 enim
2644 4819 2697 4864 et
2743 4808 2975 4875 publiczc
3008 4808 3154 4875 leges
3197 4805 3419 4872 puniunt
3456 4822 3469 4858 :
3516 4805 3609 4858 sed
3653 4820 3769 4871 qtto
3798 4813 3926 4867 tua,

2320 4917 2443 4971 qum
2469 4902 2557 4955 tibi
2588 4909 2711 4954 sunt
2735 4900 2937 4962 aliena,
2962 4913 3070 4950 non
3099 4912 3306 4951 serves.
3336 4894 3395 4950 Si
3421 4896 3474 4946 in
3495 4896 3694 4960 alieno,
3724 4895 3927 4964 inqttit,

2323 4995 2505 5057 ﬁdeles
2538 5011 2636 5046 non
2673 4992 2871 5059 (uiuis,
2905 4988 3045 5059 quod
3083 5000 3305 5042 vestrum
3334 4997 3427 5052 est,
3460 4988 3574 5055 quis
3598 4987 3752 5039 dabit
3788 4987 3932 5041 vobis

2320 5084 2476 5155 (Luc.
2514 5084 2657 5153 ut)?

2396 5174 2934 5232 SrddiciszJurenis
2966 5189 3085 5227 sum
3116 5172 3402 5227 delicatus.
3429 5180 3481 5225 ct
3505 5168 3770 5224 manibus
3796 5171 3934 5226 meis

2315 5269 2569 5324 laborare
2610 5284 2717 5321 non
2763 5280 3015 5332 possunt;
3067 5264 3111 5317 si
3160 5262 3225 5316 ad
3275 5273 3554 5315 senectam
3597 5276 3840 5327 venero,
3889 5263 3932 5314 si

2315 5370 2590 5427 agt-utare
2629 5370 2886 5425 (trapeto,
2920 5358 3044 5425 quis
3093 5355 3197 5409 mei
3238 5352 3616 5407 miserebitur?
3670 5355 3820 5407 Audi
3866 5353 3932 5405 ad

2314 5452 2608 5523 Apostolus
2632 5449 2947 5517 loquentem
2989 5448 3174 5503 Jesntn
3217 5464 3230 5500 :
3278 5444 3361 5498 Ne
3394 5444 3637 5514 cogitetis
3671 5446 3733 5499 in
3773 5445 3935 5501 corde

2311 5554 2505 5611 nstro,
2526 5540 2652 5616 quid
2676 5540 3028 5613 manducetis,
3058 5555 3219 5612 mque
3243 5536 3447 5609 corpori
3472 5545 3661 5604 t'estro,
3693 5537 3831 5611 quid
3856 5538 3936 5591 in-

651 5725 675 5759 α
709 5716 804 5772 llic
829 5717 1021 5773 utinam
1048 5720 1237 5783 deerat
1272 5735 1284 5771 τ
1321 5733 1440 5774 mox
1471 5721 1786 5791 expeditam,
1817 5739 1913 5796 pro
1936 5728 2186 5809 expedi“:
2219 5725 2522 5805 legebatur.
