4012 6190
162 268 261 329 533

730 268 1017 329 RECULA
1057 266 1542 328 MONACHORUM
1579 266 1677 327 EX
1713 264 2024 328 SCRIPTIS
2063 268 2448 329 HIERONYMI
2488 273 2869 331 COLLECTA.

3345 275 3450 333 εει

164 388 406 443 duamini.
449 385 641 443 Nonne
672 390 848 443 anima
880 370 998 461 plus
1026 401 1097 445 est
1134 407 1289 462 quam
1314 405 1449 453 esca,
1485 397 1530 442 et
1563 404 1747 457 corpus
1773 386 1826 449 Δ
1854 388 2027 458 pluris
2055 390 2303 459 exempla
2339 391 2688 461 suppeditant
2709 432 2724 455 ,
2755 405 2876 461 qua:
2908 388 3189 445 avaritiam
3218 389 3451 445 doceant

164 482 269 551 plus
302 492 377 535 est
409 498 568 552 quam
597 484 1004 537 vestimentum?
1045 482 1308 553 Respicite
1338 481 1575 536 volatilia
1606 481 1746 547 caeli,

163 573 395 643 quoniam
419 591 523 627 nou
541 584 721 629 serunt
744 591 907 644 neque
927 584 1148 639 metunt,
1173 591 1336 642 neque
1356 583 1672 645 congregant
1698 573 1751 626 in

163 665 358 730 Ital-rea,
386 678 435 721 et
462 665 624 722 Pater
656 677 821 722 vester
853 669 1070 722 caelestis
1098 669 1264 738 pascit
1288 667 1384 722 illa
1416 666 1634 737 (Matth.
1667 662 1751 735 ι).

161 757 211 814 Si
255 760 426 815 vestis
472 759 732 825 defuerit,
783 761 873 815 illa
918 769 1312 832 proponantur.
1361 761 1418 816 Si
1470 760 1753 824 esurieris,

162 851 347 907 leatos
395 854 590 909 audias
637 868 909 924 pauperes
958 863 1014 909 et
1069 854 1400 910 esurientes.
1453 853 1511 908 Si
1560 852 1757 923 aliquis

159 945 413 1001 afllixerit
447 947 628 1011 dolor,
674 947 845 1018 legito
884 948 1017 1003 illud
1052 947 1300 1016 Apostoli
1342 965 1357 1001 :
1399 945 1625 1017 Propter
1659 943 1757 1000 hoc

159 1040 450 1110 eomplaceo
482 1041 608 1096 mihi
639 1044 692 1097 in
720 1043 1111 1112 inﬁrmitatibus
1138 1042 1263 1096 meis
1292 1041 1357 1113 (ll
1387 1039 1507 1093 Cor.
1544 1055 1643 1104 xu,
1672 1037 1754 1109 9).

224 1134 363 1190 Illud
411 1147 592 1190 autem
626 1138 768 1207 quod
809 1136 1069 1191 derelicta
1118 1135 1346 1199 militia,
1400 1132 1654 1188 castrasti
1702 1140 1754 1186 te

157 1238 385 1299 propter
417 1246 580 1301 regna
611 1231 896 1289 caelorum.
927 1228 1056 1299 quid
1087 1227 1233 1283 aliud
1264 1242 1424 1298 quam
1454 1226 1752 1297 perfectam

160 1331 381 1376 secutus
427 1336 487 1376 es
532 1323 737 1375 vitam?
778 1321 1058 1376 Perfectus
1095 1329 1277 1375 autem
1315 1333 1506 1374 servus
1548 1315 1751 1372 Christi

157 1414 287 1468 nihil
335 1422 536 1481 prmter
578 1414 857 1469 Christum
900 1413 1085 1469 habet.
1131 1416 1241 1468 Aut
1288 1412 1332 1467 si
1382 1411 1510 1482 quid
1557 1418 1755 1480 praeter

153 1507 430 1563 Christum
457 1507 640 1573 habet,
667 1509 948 1578 perfectus
978 1522 1083 1561 non
1119 1518 1222 1561 est.
1249 1505 1419 1576 Igitur
1449 1516 1506 1559 ut
1532 1503 1756 1559 conclu-

154 1599 309 1665 dam,
342 1601 386 1655 si
419 1598 699 1671 perfectus
727 1615 818 1663 es,
856 1614 955 1653 cur
985 1598 1128 1653 bona
1160 1607 1389 1667 paterna
1430 1592 1754 1651 desideras?

156 1688 415 1749 DOmiuus
432 1692 761 1761 evangelicis
786 1692 1009 1746 vocibus
1034 1700 1184 1747 tonat
1208 1710 1219 1743 :
1250 1690 1370 1744 Non
1392 1690 1602 1761 potestis
1625 1688 1755 1741 duo-

1856 496 1975 537 esse
2006 481 2339 553 fugiendam.

1927 574 2129 630 Verum
2170 576 2316 646 quod
2357 592 2465 631 non
2515 588 2642 635 ante
2683 579 2866 648 plures
2911 592 3086 633 annos
3129 586 3333 647 gestum
3378 575 3452 631 sit

1856 666 2117 723 referam.
2146 668 2376 736 Quidam
2402 685 2470 725 ex
2494 669 2753 725 fratribus
2781 670 2999 740 parcior
3024 684 3187 740 quam
3216 669 3448 736 avarior,

1859 761 2112 816 nesciens
2143 761 2368 833 triginta
2398 762 2642 819 denariis
2665 764 2954 819 Dominum
2986 763 3287 830 venditum,
3318 778 3452 818 cen-

1860 861 1972 909 tum
2004 854 2233 923 solidos,
2264 870 2403 927 quos
2433 857 2546 912 lina
2568 857 2801 913 texendo
2832 859 3184 928 acquisierat,
3218 857 3454 913 moriens

1858 946 2170 1015 dereliquit.
2230 947 2429 1005 Initum
2480 960 2569 1005 est
2616 952 2761 1005 inter
2820 952 3119 1006 monachos
3164 950 3452 1004 consilium

1863 1040 2016 1110 (nam
2050 1039 2103 1093 in
2136 1039 2330 1094 eodem
2364 1041 2487 1096 loco
2518 1042 2742 1098 circiter
2787 1045 3027 1114 quinque
3067 1043 3232 1097 millia
3269 1042 3459 1095 divisis

1857 1130 2071 1185 cellulis
2098 1130 2448 1203 habitabant)
2482 1133 2613 1204 quid
2644 1134 2790 1190 facto
2815 1151 2956 1205 opus
2982 1144 3146 1191 esset.
3190 1135 3300 1189 Alii
3329 1150 3459 1203 pau-

1857 1224 2082 1293 peribus
2104 1223 2516 1281 distribuendos
2543 1241 2668 1283 esse
2694 1230 2975 1293 dicebant,
3000 1231 3092 1285 alii
3122 1229 3334 1285 dandos
3362 1229 3464 1281 Ec-

1857 1314 2039 1369 clesia:
2070 1333 2083 1369 :
2117 1316 2359 1371 nonnulli
2391 1319 2714 1387 parentibus
2738 1320 3122 1377 remittendos.
3153 1322 3462 1377 Maeharius

1861 1420 1994 1462 vero
2024 1418 2078 1464 et
2122 1409 2326 1465 Pambo
2365 1420 2419 1465 et
2461 1410 2702 1468 lsidorus
2736 1422 2793 1468 et
2838 1416 3024 1469 cteleri
3050 1457 3064 1480 ,
3106 1430 3245 1484 quos
3278 1426 3462 1484 patres

1857 1511 2057 1558 vocant
2086 1548 2100 1571 ,
2134 1516 2323 1559 sancto
2355 1504 2409 1559 in
2441 1506 2521 1560 eis
2561 1506 2821 1575 loquente
2860 1506 3065 1576 Spiritu
3096 1507 3465 1562 decreverunt

1858 1595 2205 1651 infodiendos
2234 1613 2356 1652 esse
2396 1613 2519 1652 cum
2554 1598 2748 1654 eodem
2780 1598 3063 1655 dicentes:
3103 1598 3340 1652 Pecunia
3374 1608 3461 1651 tua

1859 1698 2028 1741 tecum
2057 1691 2121 1742 sit
2154 1690 2207 1743 in
2236 1691 2582 1762 perditionem
2611 1692 2760 1764 (Act.
2790 1707 2881 1746 vni
2901 1692 2943 1763 ).
2979 1690 3167 1762 Neque
3210 1692 3315 1747 hoc
3342 1706 3465 1746 cru—

153 1787 242 1839 btts
278 1784 511 1839 dominis
540 1785 733 1838 seruire
762 1782 1100 1855 (Matthivr)
1120 1825 1135 1849 ,
1174 1790 1230 1836 ct
1267 1781 1431 1836 audet
1469 1782 1755 1850 quisquam
1785 1765 1836 1828 Β
1865 1782 2063 1837 deliter
2086 1783 2373 1852 quisquam
2408 1794 2566 1852 putet
2596 1798 2717 1840 esse
2750 1784 2978 1839 factum.
3002 1785 3209 1839 Tantus
3238 1794 3465 1839 cunctos

155 1878 478 1933 mendacem
510 1874 786 1931 Christum
830 1876 1040 1937 facere,
1090 1889 1414 1928 mammonzr.
1447 1882 1501 1928 ct
1540 1870 1758 1926 Christo

154 1969 485 2027 serviendo?
535 1969 638 2034 Qui
672 1968 799 2022 dicit
838 1984 891 2020 se
927 1967 982 2020 in
1024 1965 1292 2020 Christum
1332 1965 1570 2028 credere,
1612 1964 1760 2017 debet

153 2064 420 2136 quomodo
446 2061 540 2116 ille
567 2062 878 2125 ambulavit,
908 2062 981 2115 sic
1008 2061 1276 2115 ambulare
1304 2061 1347 2131 (Ι
1379 2059 1555 2114 Thess.
1579 2075 1653 2125 tv,
1682 2057 1758 2128 1).

156 2154 375 2210 All'atim
409 2153 567 2208 dives
600 2164 705 2216 est,
740 2154 831 2223 qui
859 2168 981 2208 cum
1010 2154 1230 2209 Christo
1256 2167 1459 2222 pauper
1490 2163 1593 2206 est.
1626 2150 1757 2205 Nam

152 2247 296 2302 servi
340 2245 435 2301 Dei
462 2286 480 2310 ,
518 2245 610 2315 qui
650 2245 844 2300 diebus
875 2256 925 2300 et
968 2246 1219 2301 noctibus
1253 2248 1500 2300 serviunt
1531 2244 1761 2298 Domino

155 2356 274 2407 suo,
308 2340 403 2409 qui
427 2339 480 2393 in
508 2338 671 2394 terris
693 2340 857 2408 positi
878 2340 1197 2408 angelorum
1222 2339 1503 2393 imitantur
1524 2352 1763 2392 convcr-

157 2434 466 2498 salioncm,
520 2444 574 2488 et
623 2433 758 2488 nihil
799 2434 946 2488 aliud
994 2435 1310 2502 loquuntur,
1357 2433 1461 2489 nisi
1502 2432 1643 2501 quod
1693 2430 1757 2484 ad

157 2525 345 2581 laudes
390 2525 484 2580 Dei
520 2526 788 2596 pertinet,
837 2525 1104 2581 habentes
1141 2527 1340 2581 victum
1376 2536 1430 2580 et
1466 2524 1720 2579 amictum
1746 2566 1759 2587 ,

157 2617 241 2672 his
268 2620 521 2673 contenti
552 2628 679 2674 sunt
706 2617 935 2683 divitiis,
970 2620 1060 2688 qui
1092 2618 1209 2689 plus
1241 2618 1444 2673 habere
1472 2619 1681 2683 nolunt,
1713 2618 1761 2671 si

162 2720 343 2767 tamen
369 2723 595 2767 servant
618 2713 979 2781 propositum.
1007 2712 1267 2781 Alioquin
1296 2713 1342 2768 si
1369 2712 1599 2782 amplius
1620 2712 1763 2767 desi-

161 2806 392 2869 derant,
429 2803 514 2860 his
542 2821 759 2875 quoque
788 2820 911 2876 qum
937 2806 1247 2861 nccasaria
1282 2816 1433 2873 sunt,
1468 2806 1764 2873 probantur

163 2897 399 2971 indigni.
439 2897 711 2967 Quidquid
755 2910 932 2952 tamen
974 2914 1203 2968 corpora
1250 2909 1429 2952 nostra
1468 2897 1763 2953 defendere

160 2998 379 3061 potest,
425 3000 483 3043 et
531 2991 783 3044 humana:
832 3005 1157 3045 succurrere
1198 2988 1587 3055 imbecillitati,
1629 3004 1765 3059 quos

163 3083 335 3137 nudos
386 3093 579 3139 natura
629 3082 947 3155 profundit,
1002 3082 1118 3137 lucc
1164 3098 1267 3137 una
1310 3082 1629 3152 appellanda
1682 3092 1766 3137 est

163 3180 373 3232 tunica.

228 3269 292 3326 Si
322 3285 460 3341 ergo
488 3270 568 3325 vis
597 3285 718 3327 esse
749 3270 893 3342 quod
921 3276 1181 3342 propheta
1216 3280 1321 3337 est,
1351 3270 1491 3338 quod
1518 3269 1762 3326 Christus

160 3377 267 3433 est,
306 3366 373 3418 da
406 3363 768 3434 pauperibus,
801 3381 909 3433 quo
940 3365 1237 3419 necessitas
1267 3372 1623 3428 Sustentctnr,
1656 3380 1763 3419 non

159 3474 263 3529 quo
303 3474 443 3529 opes
486 3460 788 3529 augeantur
823 3476 833 3510 :
877 3458 1140 3525 Quodque
1177 3455 1223 3511 si
1265 3456 1391 3527 quid
1434 3456 1552 3525 plus
1597 3456 1763 3511 habes

158 3567 323 3619 quam
361 3550 459 3604 tibi
500 3550 566 3603 ad
612 3551 816 3603 victum
852 3549 1213 3617 veSIitumque
1253 3549 1619 3603 necessarium
1659 3558 1763 3613 est,

161 3646 288 3700 illud
321 3660 493 3715 eroga
521 3660 536 3700 :
570 3644 625 3699 iu
664 3644 759 3698 illo
785 3644 1086 3698 debitorem
1123 3652 1174 3698 te
1210 3658 1332 3698 esse
1363 3644 1602 3697 noveris.
1632 3641 1764 3696 Nam

164 3742 343 3796 aliena
380 3756 580 3809 rapere
621 3740 988 3801 convincitur,
1020 3738 1109 3808 qui
1154 3738 1291 3791 ultra
1339 3736 1626 3811 [Μαγιὶαη.
1662 3747 1763 3790 tae.

158 3832 324 3907 ultra]
364 3833 683 3887 necessaria
715 3831 817 3886 sibi
859 3832 1096 3885 retinere
1124 3839 1370 3885 conatur.
1402 3827 1596 3883 Clerici
1628 3842 1767 3898 quo—

157 3943 257 3995 que
280 3926 380 3997 qui
410 3924 479 3979 de
503 3923 658 3977 bonis
681 3932 959 3991 parentum
982 3922 1271 3977 sustentari
1299 3931 1544 3990 possunt,
1570 3920 1613 3975 si
1640 3918 1768 3989 quid

155 4033 469 4087 pauperum
510 4016 817 4086 accipiunt,
850 4015 1194 4084 sacrilegium
1239 4015 1484 4085 profecto
1522 4016 1770 4067 commit-

154 4119 289 4166 tuut.
352 4112 479 4167 Scit
515 4110 659 4165 enim
701 4108 870 4163 hostis
914 4111 1172 4175 antiquus
1214 4107 1385 4175 magis
1423 4106 1771 4160 contiuentim

151 4220 311 4272 quam
368 4217 727 4258 nummorum
779 4215 903 4256 esse
947 4209 1248 4255 certamen.
1304 4198 1489 4254 Facile
1539 4213 1773 4267 namque

151 4296 427 4365 abjicitur
448 4294 594 4364 quod
627 4296 800 4348 hrcret
829 4292 1194 4347 extrinsecus.
1222 4290 1540 4347 lntestinum
1570 4290 1770 4346 bellum

150 4390 540 4459 periculosius
567 4398 671 4444 est.

214 4485 509 4540 Zaehazus
541 4483 701 4537 dives
724 4490 841 4537 erat
874 4499 887 4535 :
922 4479 1154 4550 apostoli
1184 4492 1458 4550 pauperes
1484 4495 1497 4531 :
1526 4487 1579 4532 et
1603 4492 1773 4547 quan-

1866 1890 1967 1943 per
1991 1883 2157 1929 totam
2180 1873 2475 1945 Egyptum
2502 1878 2918 1946 lerrorinvasit,
2956 1886 3017 1932 ut
3040 1893 3203 1933 unum
3226 1878 3463 1933 solidum

1863 1965 2138 2021 dimisisse
2168 1966 2237 2021 sit
2264 1967 2531 2021 criminis.

1939 2054 2114 2109 Radix
2143 2054 2384 2110 omnium
2428 2056 2695 2115 malorum
2739 2068 2823 2113 est
2852 2060 3073 2115 avaritia
3104 2080 3118 2116 :
3156 2063 3384 2132 ideoque
3414 2074 3470 2118 et

1865 2148 1933 2203 ab
1959 2148 2230 2217 Apostolo
2258 2149 2523 2205 idolorum
2552 2154 2769 2206 servitus
2803 2163 3169 2224 nuncupatur.
3203 2157 3321 2211 Non
3352 2159 3469 2225 qui—

1864 2238 1991 2295 dem
2020 2239 2236 2295 occidet
2280 2240 2427 2297 fame
2452 2241 2691 2297 animam
2718 2246 2921 2312 justam
2958 2246 3240 2302 Dominus.
3274 2244 3468 2302 Junior

1865 2334 1965 2405 fui,
1989 2343 2039 2387 et
2064 2335 2214 2388 senui
2238 2351 2256 2389 :
2286 2345 2333 2388 et
2362 2352 2463 2389 non
2487 2337 2592 2389 vidi
2608 2338 2813 2407 justum
2837 2338 3161 2406 derelictum,
3187 2358 3279 2395 nec
3300 2358 3472 2396 semen

1865 2428 1976 2490 eius
2005 2442 2241 2495 quwrens
2266 2444 2453 2497 panem
2486 2426 2714 2498 (Psalm.
2748 2446 2935 2495 xxxvi,
2958 2431 3074 2500 25).
3106 2432 3254 2487 Elias
3284 2431 3471 2489 corvis

1868 2520 2113 2589 pascitur
2143 2521 2607 2577 ministrantibus.
2643 2523 2819 2577 Vidua
2863 2524 3163 2594 Sareptena
3200 2528 3315 2597 ipsa
3346 2542 3469 2583 cum

1867 2612 1991 2666 liliis
2020 2612 2137 2667 suis
2170 2614 2408 2682 peritura
2440 2626 2603 2669 noete
2630 2614 2956 2685 prophetam
2991 2619 3163 2687 pascit
3190 2620 3466 2685 esuriens,

1865 2715 1920 2760 et
1946 2708 2148 2759 mirum
2195 2706 2248 2759 in
2290 2707 2512 2761 modum
2556 2723 2788 2777 capsace
2828 2710 3071 2779 repleto,
3111 2712 3202 2781 qui
3241 2713 3470 2767 alendus

1864 2807 2135 2863 venerat,
2183 2796 2301 2851 alit.
2344 2797 2537 2853 Petrus
2586 2799 2868 2869 apostolus
2905 2804 2981 2856 ait
3023 2818 3039 2857 :
3089 2804 3375 2874 Argentum
3424 2815 3473 2858 et

1867 2906 2055 2943 aurum
2101 2906 2205 2945 non
2248 2900 2321 2945 est
2366 2907 2601 2958 mecum,
2648 2891 2786 2962 quod
2822 2903 2995 2948 autem
3035 2893 3199 2950 habeo
3244 2899 3340 2951 hoc
3382 2897 3476 2950 tibi

1868 2982 1979 3036 do:
2007 2999 2161 3053 surge
2200 2993 2247 3037 et
2285 2984 2495 3039 ambula
2534 2985 2587 3038 in
2628 2987 2833 3041 nomine
2870 2984 3020 3042 Iesu.

1942 3074 2013 3129 At
2057 3086 2201 3129 nunc
2238 3076 2390 3130 multi
2428 3076 2552 3132 licet
2585 3093 2841 3135 sermone
2884 3089 3134 3149 taceant,
3181 3096 3349 3151 opere
3387 3083 3471 3136 lo-

1791 3152 1840 3216 C
1867 3177 2107 3237 quuntur
2135 3183 2149 3223 :
2181 3166 2371 3223 Fidem
2404 3180 2459 3223 et
2487 3170 2922 3226 misericordiam
2958 3188 3064 3227 non
3090 3172 3294 3238 habeo;
3324 3176 3472 3241 quod

1867 3271 2049 3315 autem
2084 3260 2284 3327 habeo,
2318 3278 2511 3317 aurum
2535 3272 2592 3319 et
2621 3276 2905 3334 argentum
2939 3266 3035 3319 tibi
3066 3283 3177 3321 non
3210 3268 3299 3321 do.
3328 3267 3470 3321 Audi

1864 3349 2036 3406 Jacob
2063 3352 2189 3422 quid
2218 3354 2453 3423 postulet
2480 3370 2493 3408 :
2528 3354 2591 3409 Si
2616 3356 2775 3423 fuerit
2799 3356 3055 3410 Dominus
3085 3373 3227 3411 meus
3250 3374 3470 3427 mecum,

1868 3452 1913 3497 et
1944 3445 2216 3498 servaverit
2236 3463 2314 3499 me
2338 3446 2389 3498 in
2416 3446 2499 3498 ria
2523 3463 2614 3515 per
2640 3463 2794 3515 quam
2817 3465 2911 3520 ego
2930 3453 3029 3503 iter
3052 3450 3189 3520 facio
3212 3467 3230 3504 :
3252 3460 3298 3506 et
3318 3452 3475 3506 dede—

1868 3539 1935 3591 rit
1958 3538 2085 3592 milti
2110 3555 2292 3610 panem
2318 3540 2385 3593 ad
2412 3540 2858 3609 manducandum,
2877 3556 2924 3598 et
2946 3557 3128 3600 vestem
3155 3548 3224 3600 ad
3252 3549 3477 3602 vestien-

1870 3633 1992 3684 dum
2018 3630 2173 3703 (Cen.
2198 3635 2410 3704 xxvtn).
2430 3634 2661 3689 Tantum
2688 3640 2993 3692 necessaria
3021 3639 3341 3710 deprecatus
3366 3653 3471 3697 est.

1871 3720 2027 3778 Unde
2057 3731 2114 3777 et
2140 3722 2380 3780 latrones
2415 3725 2481 3780 ad
2514 3739 2764 3782 sanctum
2800 3728 3132 3786 llilariouem
3168 3750 3183 3787 :
3224 3734 3363 3799 Quid
3394 3733 3475 3789 fa-

1871 3832 2030 3873 ceres
2060 3818 2105 3872 si
2132 3818 2373 3875 latrones
2401 3821 2468 3875 ad
2504 3832 2555 3876 te
2585 3822 2870 3877 venirent?
2897 3824 3106 3891 Quibus
3138 3828 3422 3897 respondit
3457 3846 3469 3883 :

1873 3908 2060 3963 Nudus
2102 3910 2344 3965 latrones
2386 3926 2492 3967 non
2536 3913 2726 3969 timeo.
2768 3914 2838 3968 At
2878 3915 2955 3970 illi
2993 3931 3008 3969 :
3059 3918 3245 3973 Occidi
3291 3932 3470 3989 potes.

1874 4002 2134 4069 Possum,
2167 4005 2366 4076 inquit,
2398 4009 2491 4061 sed
2522 4022 2630 4061 non
2661 4008 2871 4063 timeo:
2903 4011 3027 4081 quia
3058 4025 3177 4065 sum
3208 4013 3343 4065 mori
3374 4028 3472 4080 pa-

1874 4107 2046 4154 ratus.
2099 4098 2269 4170 Cujus
2304 4101 2395 4171 qui
2443 4102 2713 4157 mirantur
2752 4104 2906 4174 signa
2952 4114 3011 4159 et
3055 4115 3306 4175 portenta
3349 4122 3471 4174 quae

1877 4191 2010 4246 facit
2040 4209 2053 4245 :
2087 4192 2354 4248 mirentur
2373 4204 2430 4249 et
2457 4194 2834 4252 incredibilem
2858 4197 3269 4262 abstinentiam,
3291 4198 3471 4252 scien-

1878 4286 2031 4350 tiam,
2062 4297 2116 4342 et
2140 4286 2525 4345 humilitatem.

1952 4380 2065 4450 Ego
2094 4390 2276 4438 autem
2309 4384 2441 4438 nihil
2470 4385 2540 4439 ita
2574 4394 2769 4457 stupeo
2791 4402 2951 4459 quam
2980 4388 3209 4458 gloriam
3239 4387 3387 4440 illum
3418 4397 3475 4441 et

1881 4472 2144 4528 honorem
2166 4476 2377 4531 calcare
2398 4477 2664 4547 potuisse,
2687 4480 2810 4549 quia
2838 4481 2982 4535 factu
3006 4491 3089 4535 est
3111 4480 3333 4535 difficile
3354 4479 3475 4550 glo-

153 4585 261 4632 tum
298 4577 374 4633 ad
412 4575 645 4631 divitias
668 4573 827 4639 nihil,
860 4549 1118 4641 quantum
1151 4549 1217 4624 ad
1242 4570 1575 4625 voluntatem
1598 4576 1769 4623 totum
1798 4549 1853 4611 Ῑ)
1879 4566 2013 4621 riam
2037 4569 2237 4624 virtute
2266 4582 2547 4640 superare,
2580 4580 2635 4624 et
2656 4571 2726 4626 ab
2748 4570 2831 4625 his
2854 4572 2999 4641 diligi
3024 4588 3162 4641 quos
3183 4549 3468 4641 priceedis.

153 4669 431 4726 mundum
457 4666 825 4737 reliquerunt.
857 4664 911 4721 Si
936 4663 1227 4719 offeramus
1247 4661 1467 4717 Christo
1494 4676 1626 4730 opes
1648 4676 1771 4716 cum

154 4766 329 4818 anima
371 4773 602 4825 nostra,
637 4760 869 4814 libenter
901 4757 1185 4829 suscipiet.
1211 4756 1269 4813 Si
1296 4766 1473 4811 autem
1501 4773 1621 4827 qua:
1646 4757 1774 4813 foris

152 4866 269 4909 sunt
304 4855 437 4911 Deo
467 4893 485 4919 ,
522 4867 647 4921 quae
684 4850 831 4905 intus
861 4850 1081 4904 diabolo
1112 4850 1334 4915 demus,
1370 4864 1476 4903 non
1507 4860 1589 4905 est
1619 4865 1775 4920 :cqua

155 4948 406 5013 partitio.
464 4942 612 4999 Nolo
646 4940 811 5012 igitur
841 4941 984 5012 quod
1029 4957 1090 4996 ea
1126 4949 1334 4995 tantum
1377 4941 1573 4997 otl'eras
1598 4983 1613 5008 ,
1656 4959 1776 5014 qua:

154 5051 329 5108 potest
366 5038 469 5094 fur
504 5050 733 5106 rapere,
780 5036 951 5090 hostis
983 5034 1241 5090 invadere
1265 5080 1280 5103 ,
1316 5037 1642 5106 proscriptio
1674 5038 1775 5091 tol-

153 5134 259 5189 lere
279 5176 296 5201 ,
339 5143 406 5191 et
441 5146 576 5203 quze
606 5130 673 5184 ad
706 5130 880 5185 instar
919 5129 1183 5184 undarum
1217 5138 1273 5184 et
1301 5129 1563 5185 ﬂuctuum
1594 5148 1622 5184 a
1653 5147 1778 5186 suc-

153 5226 503 5283 cedentibus
557 5222 661 5277 sibi
708 5223 941 5277 dominis
985 5230 1340 5292 occupantur,
1382 5232 1437 5278 et
1474 5240 1592 5293 quae
1639 5224 1779 5279 nolis

155 5322 283 5376 velis
315 5322 378 5376 in
417 5324 613 5374 morte
643 5316 969 5370 dimissurus
990 5331 1069 5371 es.
1105 5314 1238 5370 lllud
1266 5315 1399 5370 utier
1427 5317 1568 5386 quod
1600 5317 1780 5372 nullus

155 5412 244 5470 tibi
278 5414 472 5485 possit
511 5407 691 5464 hostis
713 5407 955 5464 auferre.
989 5407 1121 5462 Nam
1149 5424 1339 5463 aurum
1370 5408 1667 5479 deponere,
1699 5412 1781 5466 itt-

156 5505 493 5575 cipienlium
529 5510 616 5555 est
639 5541 655 5565 ,
704 5514 811 5554 non
844 5502 1209 5569 pertectorum
1244 5517 1255 5553 :
1288 5516 1347 5556 se
1377 5500 1550 5571 ipsum
1584 5502 1783 5557 utlcrre

157 5598 281 5671 Deo,
315 5595 568 5673 proprie
591 5594 1020 5649 Christianorum
1045 5604 1148 5648 est.
1183 5594 1289 5650 Nec
1318 5599 1462 5651 enim
1494 5596 1783 5667 imaginem

158 5695 417 5755 crucifixi
470 5689 736 5764 prmfert,
772 5689 876 5744 nisi
903 5689 993 5759 qui
1022 5689 1072 5742 in
1106 5688 1207 5745 hoc
1236 5690 1439 5745 sreculo
1475 5706 1536 5746 se
1577 5690 1783 5746 nudum

159 5798 579 5867 mortuumque
627 5780 946 5847 reddiderit.
1000 5779 1213 5841 lntiuita
1259 5797 1495 5857 namque
1530 5781 1601 5840 de
1640 5782 1790 5849 Scrt.

1876 4661 2013 4718 Cum
2040 4677 2172 4734 ergo
2194 4662 2396 4719 Christi
2426 4665 2665 4735 gaudeas
2686 4664 2957 4735 libertate,
2983 4681 3046 4720 ac
3074 4668 3470 4735 propemodum

1880 4762 1933 4819 in
1966 4763 2185 4819 domate
2215 4764 2542 4819 constitutus
2581 4765 2655 4819 sis
2679 4806 2695 4830 ,
2729 4780 2835 4819 non
2869 4765 3036 4820 debes
3079 4765 3147 4820 ad
3182 4767 3471 4823 tollendam

1880 4865 2119 4918 tunicam
2157 4872 2305 4918 tecto
2340 4861 2676 4918 descendere
2716 4881 2729 4916 :
2766 4878 2866 4918 nec
2896 4866 3172 4934 respicere
3205 4876 3330 4936 post
3360 4878 3478 4924 ter-

1882 4982 2033 5039 gum,
2069 4980 2170 5021 nec
2214 4964 2378 5019 aratri
2407 4964 2577 5018 semel
2608 4966 2811 5035 arrepti
2844 4968 3036 5020 stivam
3065 4969 3345 5039 amittere,
3379 4974 3478 5030 sed

1884 5070 1929 5125 si
1960 5068 2075 5124 fieri
2107 5074 2317 5137 potest,
2358 5064 2575 5120 imitare
2601 5065 2836 5135 Joseph,
2869 5076 2921 5121 et
2947 5066 3213 5139 Egyptim
3245 5073 3478 5130 domina:

1884 5169 2110 5241 pallium
2140 5166 2416 5235 relinque,
2457 5175 2516 5217 ut
2547 5164 2723 5219 nudus
2762 5169 3008 5237 sequaris
3044 5169 3328 5228 Dominum
3358 5175 3479 5231 Sal-

1886 5259 2176 5331 viatorem}.
2202 5263 2296 5336 qui
2338 5264 2469 5319 dicit
2510 5264 2562 5318 iu
2608 5267 2899 5335 Evangelio
2938 5287 2951 5323 :
2996 5270 3119 5325 Νἱδὶ
3153 5275 3269 5343 quis
3307 5275 3481 5328 tulerit

1888 5389 2088 5430 crucem
2116 5385 2264 5424 suam
2293 5376 2339 5420 et
2366 5376 2570 5419 secutus
2599 5383 2676 5420 me
2695 5368 2872 5437 fuerit,
2903 5387 3003 5423 non
3025 5381 3189 5439 potest
3210 5389 3350 5427 meus
3373 5391 3482 5428 esse

1886 5474 2179 5544 discipulus
2207 5484 2221 5539 ς
2245 5468 2432 5522 Matth.
2467 5467 2556 5536 ι).
2602 5468 2813 5538 Projice
2849 5474 3120 5525 sarcinam
3157 5474 3340 5527 sazculi
3364 5518 3379 5543 ,
3414 5493 3483 5532 ne

1890 5592 2101 5648 qumras
2140 5571 2386 5636 divitias,
2429 5586 2552 5639 qua:
2589 5574 2916 5626 camelorum
2962 5574 3317 5642 gravilalihus
3358 5578 3477 5648 [ΑΙ.

1891 5670 2278 5753 pravitatibus]
2306 5683 2711 5740 comparantur.
2736 5672 2921 5730 Nudus
2947 5685 3003 5731 et
3024 5676 3161 5732 levis
3189 5680 3255 5733 ad
3282 5679 3483 5755 cadum

1892 5779 2011 5843 vola
2043 5795 2056 5835 :
2089 5789 2158 5834 ne
2187 5772 2304 5833 aias
2325 5770 2586 5832 virtutum
2613 5784 2829 5834 tuarum
2853 5776 2973 5834 auri
3003 5776 3312 5853 deprimant
3336 5796 3477 5853 pou.
