4030 6276
619 273 740 336 5ῧό

1672 270 1729 332 S.
1773 269 2157 330 ιιιῑιιςδκγδιι
2196 267 2484 332 ΟΡΕΒΙἸΜ
2523 269 2888 333 ΜᾹΨῘῙΞΞΛ.
3806 272 3897 332 ’555

628 397 777 452 dera.
811 406 865 448 ut
896 387 1126 462 impleas
1149 388 1454 459 sacculum,
1485 405 1642 460 quem
1672 389 1934 443 Dominus
1963 402 2228 442 evacuare
2262 389 2306 448 Λ
2338 403 2436 440 nor
2460 399 2751 458 paupertas
2781 399 2836 443 et
2876 387 3079 442 divitim
3105 388 3465 458 celloCautur,
3494 397 3550 443 ιιι
3588 389 3789 446 divitiis
3814 393 3900 447 bu-

657 487 902 551 naccig-it.

635 506 902 560 lll‘zl‘fflg'lt.

704 584 760 637 Si
806 581 967 650 igitur
998 577 1088 648 qui
1132 577 1332 632 habent
1376 576 1752 646 possessiones
1795 582 1846 628 et
1878 570 2097 629 divitias
2134 571 2224 640 ju-

633 680 829 731 lzeutur
863 675 1044 727 omnia
1079 675 1314 728 vendere
1343 714 1358 739 ,
1401 681 1455 725 ct
1483 673 1613 724 dare
1646 667 1976 740 pauperibus
2002 707 2016 730 ,
2063 677 2116 720 ct
2147 666 2225 720 sic

628 769 778 837 sequi
811 767 1147 821 Salvatorcm
1191 782 1204 818 :
1250 763 1493 834 dignatio
1523 772 1613 817 tua
1650 777 1758 817 non
1789 760 1956 815 debet
1980 772 2224 830 quaerere

627 863 768 933 quod
800 869 1086 930 erogatura
1125 875 1204 915 es.
1242 858 1409 912 Vidua
1444 858 1535 912 illa
1569 857 1622 910 in
1662 854 1961 925 Evangelia
1993 867 2225 922 pauper-

625 957 766 1018 cula,
799 969 919 1024 quae
949 953 1057 1006 duo
1089 953 1294 1005 minuta
1325 949 1470 1002 misit
1511 948 1564 1002 in
1595 944 2066 1018 gazophylacium,
2098 958 2222 998 cun-

624 1050 725 1101 ctis
778 1047 1067 1116 prtelertur
1108 1043 1404 1106 divitibus,
1454 1041 1580 1112 quia
1629 1051 1799 1094 totum
1847 1038 1990 1108 quod
2034 1037 2220 1090 habuit

623 1139 792 1193 dedit.
829 1137 898 1192 Et
929 1148 986 1191 tu
1016 1138 1180 1207 igitur
1203 1135 1474 1205 eroganda
1501 1151 1606 1188 non
1638 1147 1875 1204 qumras,
1903 1141 1963 1186 ut
1989 1130 2222 1184 fortissi-

623 1247 768 1285 mum
803 1230 1146 1302 tyrunculnm
1187 1244 1345 1284 suum
1374 1228 1628 1282 Christus
1657 1235 1946 1296 agnoscat,
1978 1235 2036 1278 ut
2064 1225 2219 1280 laetus

621 1326 718 1381 tibi
746 1325 814 1379 de
847 1323 1162 1394 longissima
1204 1323 1432 1392 regione
1473 1321 1714 1376 venienti
1756 1327 2010 1374 occurrat
2042 1328 2218 1388 pater,

619 1436 675 1475 ιιι
708 1420 904 1473 stolam
937 1418 1141 1472 tribuat
1173 1426 1225 1472 ct
1255 1416 1536 1482 annulum,
1567 1411 1897 1469 utimtuolet
1924 1426 2023 1483 pro
2057 1423 2109 1468 te
2139 1411 2220 1466 vi-

620 1515 793 1570 tulum
820 1510 1146 1583 saginatum.

1245 1579 1471 1638 CAPUT
1511 1578 1577 1635 V.

1048 1675 1125 1730 De
1155 1672 1380 1728 utilitate
1410 1673 1764 1744 Paupertatis.

620 1782 625 1789 ’
692 1795 904 1863 Pauper
936 1806 1066 1846 vero
1094 1791 1165 1844 ita
1198 1787 1567 1844 consolandus
1590 1799 1705 1854 est,
1739 1796 1797 1841 ut
1827 1787 1962 1841 sciat
1991 1786 2042 1840 in
2078 1799 2212 1854 pau-
2247 1778 2293 1840 Β

622 1899 830 1957 ρεειτιιρ
869 1887 1039 1955 magis
1071 1883 1208 1937 bona
1241 1880 1658 1936 consideranda.
1696 1882 1758 1933 Et
1796 1882 1971 1946 pritno
1999 1877 2217 1946 quidem

621 1981 766 2050 qttod
807 1997 834 2032 a
878 1979 989 2032 Deo
1014 1976 1092 2030 illi
1116 1975 1184 2028 sit
1209 1974 1412 2028 utiliter
1436 1973 1733 2042 provisum.
1765 1969 2049 2026 Praescivit
2072 1967 2216 2023 enim

622 2078 790 2129 [inim
838 2071 1209 2125 infirmitatem
1247 2067 1367 2138 ejus
1406 2067 1812 2132 considerasse,
1856 2075 1911 2120 et
1950 2079 2010 2118 se
2048 2062 2219 2118 scisse

616 2171 758 2234 qtt'tl
792 2163 1102 2217 divitiarum
1140 2162 1408 2214 sarcinam
1449 2167 1504 2213 et
1532 2159 1958 2212 sollicitudinem
1996 2168 2218 2227 portare

617 2275 723 2311 non
751 2265 954 2326 posset.
981 2253 1186 2308 Deinde
1210 2253 1348 2308 sciat
1375 2263 1606 2319 quantas
1633 2250 1986 2313 lentationes,
2015 2257 2217 2316 quanta

617 2351 861 2420 pericula
889 2349 1202 2404 transiverit
1226 2346 1450 2400 nomine
1476 2347 1835 2414 paupertatis,
1867 2344 1912 2397 si
1938 2341 2217 2398 afﬂuentia

615 2443 790 2506 deest,
824 2455 944 2510 qua!
971 2439 1286 2506 frequenter
1313 2435 1590 2489 contraria
1626 2447 1732 2489 est.
1768 2433 1848 2489 Ad
1881 2434 2044 2488 animi
2069 2435 2214 2488 divi-

616 2536 720 2587 tias
769 2531 1092 2601 quantocius
1150 2528 1270 2582 sinc
1338 2527 1730 2596 impedimento
1782 2527 1836 2580 in
1899 2536 2216 2596 paupertate

616 2625 878 2676 transitur
919 2638 933 2673 :
977 2630 1125 2673 certe
1164 2617 1384 2686 quantis
1433 2616 1590 2671 malis
1621 2617 1836 2680 caruit,
1877 2620 2212 2672 consideret.

613 2714 780 2766 Caret
809 2710 1034 2776 invidia,
1070 2711 1438 2776 :emulatione,
1477 2708 1714 2777 insidiis,
1746 2709 1899 2773 dolo,
1933 2710 2212 2776 superbia,

617 2804 989 2866 contentione,
1019 2814 1075 2857 et
1105 2802 1186 2857 his
1209 2817 1328 2871 quae
1363 2801 1674 2857 hominibus
1701 2803 1753 2856 in
1782 2803 1883 2856 hoc
1906 2801 2108 2856 satculo
2134 2801 2213 2856 di-

611 2898 757 2948 vitiae
779 2894 956 2948 solent
985 2893 1242 2948 conflare.
1276 2893 1443 2947 Fluxu
1467 2895 1610 2948 enim
1646 2909 1851 2954 rerum.
1885 2903 1938 2948 et
1964 2894 2212 2948 ubertate

616 2989 918 3056 copiarum,
945 2987 1163 3041 animus
1183 2986 1412 3041 solvitur
1439 3006 1450 3039 :
1480 2988 1631 3056 vigor
1652 2987 1849 3041 mentis
1873 2985 2210 3056 infringitur,

612 3083 784 3136 virtus
833 3079 1085 3149 corporis
1129 3089 1442 3133 enervatur.
1489 3081 1562 3132 At
1603 3079 1656 3132 in
1707 3086 2056 3148 paupertate,
2101 3094 2208 3132 non

616 3176 816 3228 lasciva
849 3173 1132 3236 convivia,
1168 3185 1273 3226 non
1306 3181 1490 3242 turpes
1516 3171 1820 3241 potationes
1861 3187 1874 3224 :
1906 3172 2089 3224 omnia
2120 3185 2210 3225 so-
2235 3169 2282 3234 fl

613 3269 759 3332 bria,
806 3265 988 3319 omnia
1031 3264 1236 3335 rigida,
1275 3265 1459 3318 omnia
1500 3261 1758 3329 humilia,
1799 3277 1906 3316 non
1947 3251 2203 3332 abjecta:

610 3360 870 3430 quoniam
893 3359 1233 3430 conscientia
1260 3373 1392 3428 pura
1421 3367 1479 3414 et
1503 3357 1708 3411 virtute
1730 3365 1856 3412 sunt
1878 3355 2034 3426 plena
2063 3374 2074 3411 :
2101 3371 2207 3412 non

721 3451 1006 3508 abundans
1035 3428 1312 3506 extraneis
1342 3449 1712 3504 facultatibus.

687 3547 803 3600 Non
836 3543 996 3598 facile
1035 3545 1102 3597 ad
1133 3543 1348 3598 divitias
1395 3542 1584 3608 animi,
1621 3543 1672 3598 id
1723 3551 1830 3612 est,
1865 3542 1932 3598 ad
1979 3543 2209 3601 virtutes

611 3637 771 3704 hujus
789 3634 1145 3691 mundidives
1169 3634 1400 3690 accedit.
1429 3633 1600 3688 Filius
1629 3636 1773 3689 enim
1805 3634 1900 3690 Dei
1931 3633 2208 3691 difficilius

611 3730 823 3797 dicens,
849 3728 1068 3783 divitem
1095 3727 1323 3782 introire
1347 3727 1400 3781 in
1430 3743 1656 3798 regnum
1684 3729 1949 3784 cmlorunt
1978 3747 1990 3784 :
2025 3730 2208 3801 utique

613 3820 862 3890 intelligit
909 3835 1202 3889 pauperem
1244 3819 1457 3874 facilius
1489 3837 1502 3872 :
1537 3836 1604 3876 ne
1630 3837 1690 3876 se
1720 3823 1789 3876 ob
1832 3833 2205 3894 paupertatem

611 3913 846 3966 alienum
870 3925 992 3967 esse
1014 3927 1044 3965 a
1065 3927 1192 3966 cura
1214 3911 1307 3966 Dei
1329 3911 1623 3979 existimet,
1650 3913 1918 3984 Propheta
1945 3923 2200 3982 testatur,

609 4006 799 4059 dicens
827 4022 838 4057 :
875 4004 940 4058 Et
990 4019 1274 4076 pauperem
1299 4013 1346 4058 et
1377 4005 1587 4060 divitem
1617 4021 1710 4078 ego
1737 4008 1838 4076 feci
1867 4023 1886 4061 :
1911 4023 2004 4076 pro
2038 4009 2207 4061 amni-

605 4100 698 4150 (ms
731 4096 949 4169 wqualis
976 4113 1102 4150 cura
1126 4097 1252 4150 mihi
1278 4106 1376 4152 est.
1408 4096 1528 4153 Non
1555 4107 1641 4154 est
1659 4102 1804 4154 enim
1839 4099 1982 4154 Deus
2008 4114 2201 4169 perso-

607 4206 797 4245 natum
829 4199 1116 4260 acceptor;
1146 4204 1246 4246 nec
1285 4205 1386 4260 pro
1415 4190 1509 4245 illo
1542 4199 1749 4246 tantum
1782 4207 1966 4248 curam
2008 4208 2202 4262 gerere

609 4285 914 4352 profitetur,
943 4282 1036 4352 qui
1068 4282 1122 4338 in
1151 4282 1336 4338 smculi
1365 4283 1576 4338 divitiis
1609 4285 1802 4354 pollet,
1831 4284 1927 4339 sed
1961 4300 2060 4356 pro
2084 4302 2202 4340 om-

606 4380 788 4442 nibus,
823 4388 879 4432 et
913 4392 1010 4446 pro
1054 4377 1384 4446 pauperibus
1411 4389 1597 4430 curam
1644 4377 1918 4432 sustinet:
1947 4393 2204 4434 remune-

611 4481 826 4524 raturus
857 4486 1018 4541 quem
1053 4469 1344 4532 invenerit,
1375 4478 1468 4522 aut
1497 4471 1550 4522 in
1579 4467 1787 4523 divitiis
1812 4469 2202 4538 humilem,aut

604 4567 654 4617 in
710 4573 1032 4633 paupertate
1082 4563 1377 4630 patientem
1424 4579 1438 4614 :

600 4655 848 4723 torporis
899 4653 1124 4707 humani
1186 4661 1241 4707 ct
1293 4653 1654 4708 ministerium
1702 4656 1968 4724 quaeritur
2013 4660 2201 4730 singu-

601 4755 797 4804 larum.

678 4842 1001 4897 tinnisideres
1051 4839 1290 4895 hominis
1334 4855 1535 4909 corpus
1583 4855 1707 4897 esse
1756 4857 1921 4898 unum
1975 4845 2195 4914 quidem

604 4952 800 5003 corpus
836 4937 966 4991 :sed
999 4935 1226 5005 plurima
1261 4935 1528 4989 membra.
1556 4933 1830 5005 Numquid
1863 4938 2045 4991 omnia
2072 4947 2200 4994 sunt

605 5029 812 5092 oculos,
838 5038 929 5082 aut
959 5045 1073 5096 pes,
1104 5040 1195 5082 aut
1241 5028 1448 5098 reliqua
1480 5027 1758 5082 membra?
1782 5029 1887 5084 Sed
1939 5029 2080 5084 sicut
2125 5034 2200 5086 ait

603 5117 894 5187 Apostolus
925 5119 1117 5173 doctor
1155 5119 1394 5190 gentium
1425 5123 1478 5174 in
1505 5119 1608 5190 ﬁde
1640 5132 1687 5176 et
1716 5124 1930 5176 veritate
1962 5125 1980 5194 (
2006 5121 2027 5176 Ι
2063 5123 2193 5176 Tim.

600 5230 632 5264 ιι
659 5216 675 5280 )
709 5233 717 5264 :
743 5227 862 5279 quae
895 5210 1150 5266 inferiora
1172 5209 1306 5267 'sunt
1331 5214 1573 5268 membra
1602 5214 1858 5284 majorem
1891 5215 1974 5269 Itis
2005 5215 2196 5270 tribui-

602 5324 720 5358 mas
755 5307 1036 5359 honorem.
1073 5306 1139 5360 Et
1167 5306 1628 5376 quemadmodum
1660 5309 1831 5361 virtus
1859 5309 2192 5378 singulorum

601 5399 971 5452 membrorum
1000 5399 1051 5452 in
1084 5413 1183 5453 suo
1207 5399 1401 5453 ordine
1431 5409 1596 5468 atque
1636 5401 1818 5454 officio
1849 5401 2195 5456 demonstra-

600 5503 611 5544 ι
643 5509 686 5544 ιι·
720 5509 734 5545 :
768 5491 839 5546 ita
866 5490 918 5545 in
950 5493 1116 5546 totius
1147 5492 1368 5562 generis
1404 5493 1628 5548 humani
1659 5509 1888 5566 corpore
1917 5494 2065 5552 velut
2086 5497 2193 5552 mi-

670 5697 920 5778 “Aberat
976 5699 1198 5760 verbum
1255 5702 1484 5778 deputet.
1541 5705 1674 5766 Sunt

592 5765 845 5838 terentia!
871 5783 1148 5842 expressa.
1183 5840 1188 5846 ,

1490 4559 1768 4616 distributi
1811 4563 1982 4618 veluti
2014 4567 2202 4630 totius
2235 4551 2287 4614 Ῐ)

2331 483 2561 536 manitas
2589 482 2630 535 D
2655 482 2682 535 εἰ
2713 481 2966 536 examine
2994 481 3404 550 cmuprr-betur.
3433 482 3721 538 Exsultare
3759 485 3898 540 debet

2328 587 2557 642 pauper,
2589 576 2697 628 Deo
2729 575 2936 642 gratias
2980 590 3164 643 agere,
3193 574 3341 645 qttod
3387 575 3570 630 multis
3611 575 3897 645 patrimonii

2329 665 2560 720 nexibm
2605 667 2896 730 liberatus,
2927 665 2982 720 iu
3027 667 3116 720 die
3149 667 3486 732 probationis
3520 681 3628 722 non
3669 680 3898 740 gravatur

2326 761 2686 830 compedibus
2719 761 3061 817 facultatum.
3118 761 3358 818 Facilius
3398 762 3539 818 liber
3564 764 3802 834 sequitur
3826 763 3897 819 di-

2327 855 2567 925 scipulus
2589 855 2876 911 Diminum
2897 857 3063 911 nullis
3089 858 3318 911 nexibus
3350 857 3676 926 impliCatus.
3699 857 3804 912 Non
3824 857 3897 912 de-

2325 948 2395 1001 slt
2451 950 2614 1003 etiam
2670 951 2738 1004 ab
2783 949 2901 1020 ipso
2954 949 3276 1020 ittqttaulttm
3320 959 3503 1019 potest
3548 948 3895 1005 misericordia

2320 1038 2464 1110 justa
2497 1041 2548 1096 in
2580 1057 2803 1108 egenos,
2837 1041 2962 1112 quia
2990 1041 3129 1097 sicut
3151 1042 3334 1111 juStus
3360 1041 3597 1096 efficitur
3623 1042 3690 1098 de
3733 1043 3895 1111 frugao

2324 1130 2498 1196 litate,
2549 1133 2907 1188 inferioribus
2961 1143 3015 1188 et
3069 1151 3173 1189 non
3217 1133 3547 1189 habentibus
3600 1146 3896 1207 pros-Ogator

2324 1240 2433 1281 non
2477 1241 2730 1282 vereatur
2772 1242 2841 1282 ne
2883 1226 3000 1296 ipse
3030 1225 3273 1292 deficiat,
3306 1241 3428 1281 cum
3479 1227 3532 1282 in
3575 1243 3670 1282 usu
3714 1241 3894 1282 sancta:

2323 1318 2816 1375 administrationis
2848 1320 3046 1374 habeat
3077 1319 3531 1390 promptissimam
3562 1321 3892 1375 voluntatem.

2321 1411 2468 1467 Nihil
2488 1413 2632 1468 enim
2660 1412 2760 1467 sibi
2785 1413 2984 1480 deerit,
3018 1429 3124 1468 non
3142 1415 3327 1484 cupiat
3349 1413 3400 1468 in
3425 1415 3620 1469 seculo
3643 1415 3792 1468 dives
3813 1415 3896 1470 flc-

2323 1507 2368 1561 ri
2404 1525 2418 1561 :
2453 1522 2521 1562 ne
2549 1508 2689 1562 mala
2719 1506 2823 1562 sibi
2869 1505 3105 1576 plurima
3152 1507 3423 1577 acquirat,
3449 1506 3662 1564 dicente
3696 1522 3758 1562 ac
3783 1522 3893 1562 mo-

2322 1610 2486 1656 nente
2506 1600 2749 1671 glorioso
2789 1598 2961 1656 Paulo
2993 1617 3010 1657 :
3052 1599 3315 1656 [labentes
3355 1601 3544 1655 rictum
3585 1610 3630 1656 et
3672 1600 3892 1656 vestitum

2321 1692 2402 1747 his
2424 1693 2653 1748 contenti
2673 1693 2833 1748 simus
2864 1691 3056 1764 (lbid.,
3086 1691 3186 1766 vt).

2393 1785 2565 1850 Immo
2587 1786 2631 1839 si
2661 1800 2787 1840 vera
2820 1785 2922 1840 fide
2949 1793 3003 1840 et
3032 1794 3254 1856 promer
3277 1785 3506 1842 salutem
3538 1784 3760 1842 credere
3795 1799 3892 1841 cui.

2324 1878 2490 1934 lestes
2518 1877 2622 1932 sibi
2653 1877 2873 1932 divitias
2912 1888 3135 1949 cooptet
3169 1888 3224 1934 et
3253 1890 3554 1945 comparet,
3581 1893 3715 1949 quas
3737 1893 3890 1934 unus-

2322 1970 2551 2039 quisque
2589 1977 2645 2025 et
2696 1969 3066 2025 misericordia
3117 1983 3173 2025 et
3221 1970 3450 2040 reliquis
3493 1971 3702 2026 actibus
3755 1969 3890 2024 bonis

2321 2075 2602 2135 comparat
2623 2073 2677 2119 et
2697 2065 2944 2119 assumit.
2962 2064 3379 2132 Temporalihus
3400 2064 3546 2120 enim
3570 2076 3762 2120 mtcrua
3784 2072 3889 2118 sunt

2321 2157 2688 2228 [imponenda
2718 2175 2729 2210 :
2758 2159 2980 2214 caducis
3022 2158 3238 2214 stabilia
3265 2176 3279 2213 :
3303 2158 3558 2213 sollicitis
3597 2159 3887 2213 secat-lora:

2325 2253 2647 2322 periculosis
2674 2254 2844 2310 libera
2879 2255 3295 2310 :inbonorificis
3323 2255 3580 2311 clariora.
3613 2253 3768 2325 Igitur
3785 2266 3890 2308 eum

2319 2345 2569 2399 Christus
2597 2345 2828 2401 dixerit:
2851 2346 3087 2401 Primum
3114 2349 3332 2414 quan-ite
3345 2363 3566 2418 regnum
3595 2345 3705 2404 Det.
3729 2357 3775 2399 et
3797 2343 3893 2397 lucc

2320 2441 2494 2495 (ninia
2523 2452 2850 2514 opponentur
2876 2441 3017 2495 vobis
3045 2440 3261 2513 (Matth.
3282 2439 3381 2511 vi),
3399 2442 3531 2495 nulli
3554 2441 3766 2495 dubium
3794 2437 3892 2492 fore

2318 2533 2507 2595 credo,
2541 2532 2624 2586 Itis
2654 2533 2865 2603 copiam
2895 2534 3263 2588 necessariam
3294 2548 3477 2587 rerum
3509 2530 3563 2586 in
3607 2529 3764 2586 terris
3798 2543 3891 2584 non

2316 2624 2676 2688 defecturam,
2706 2626 2899 2696 quibus
2936 2626 3181 2681 caelestia
3227 2639 3625 2695 prmparantur.
3656 2622 3800 2678 Unde
3823 2619 3891 2674 bis

2319 2717 2564 2781 monitis,
2595 2726 2649 2771 et
2680 2719 2831 2770 dives
2873 2725 3231 2784 temperetur,
3262 2725 3317 2770 ct
3347 2731 3557 2785 pauper
3583 2714 3890 2770 sublevetur.

2318 2809 2554 2864 Difficile
2582 2821 2850 2879 potentes,
2882 2821 2935 2863 ct
2955 2811 3187 2877 nobiles,
3220 2816 3276 2863 et
3303 2810 3527 2870 divites.
3557 2821 3612 2864 et
3642 2809 3802 2864 multo
3822 2807 3890 2859 bis

2317 2903 2594 2957 difficilius
2621 2905 2949 2973 eloquentes
2980 2903 3208 2958 credunt
3242 2903 3375 2957 Dea.
3407 2903 3733 2957 ObcmCatur
3757 2915 3890 2954 nam-

2316 3010 2421 3065 que
2451 3011 2604 3050 tncns
2635 3013 2824 3050 eorum
2857 2995 3086 3057 divitiis,
3121 2995 3316 3066 opibus
3339 3007 3511 3065 atque
3549 2993 3775 3061 luxuria,
3797 2994 3891 3048 cir-

2314 3089 2554 3144 cumdati
2580 3088 2727 3144 vitiis
2757 3105 2862 3144 non
2898 3100 3121 3159 possunt
3149 3088 3341 3145 videre
3374 3093 3632 3145 virtutes.

2388 3183 2537 3238 Felix
2582 3201 2713 3254 ergo
2756 3186 2846 3255 qui
2883 3201 2989 3239 non
3039 3185 3090 3239 in
3139 3185 3359 3249 divitiis,
3394 3201 3505 3240 non
3546 3186 3599 3240 in
3632 3183 3889 3254 sapientia.

2313 3289 2420 3330 non
2453 3277 2505 3330 in
2533 3277 2770 3346 potentia
2797 3277 3042 3332 πριιιιιί
3077 3287 3131 3333 et
3178 3278 3515 3348 eloquentia,
3546 3276 3642 3331 sed
3677 3278 3724 3330 in
3753 3274 3892 3330 Chri-

2310 3370 2379 3424 sti
2429 3370 2776 3439 passionibus
2821 3372 3105 3440 gloriatur.
3139 3374 3217 3426 Ac
3264 3371 3398 3426 nihil
3459 3371 3717 3426 miserius
3746 3383 3888 3440 quam

2313 3461 2482 3516 Deum
2512 3473 2736 3530 propter
2756 3479 3035 3518 nummum
3059 3473 3427 3518 contemnere.
3453 3463 3587 3518 Ideo
3607 3478 3759 3534 quem
3785 3475 3890 3514 seua

2316 3553 2463 3608 seris
2490 3569 2708 3623 semper
2737 3564 2826 3609 aut
2857 3556 3058 3611 crebro
3086 3555 3156 3610 de
3187 3556 3425 3610 nummis
3466 3557 3794 3627 loquentem,
3818 3553 3888 3606 in-

2311 3646 2558 3702 stitorem
2594 3646 2794 3704 habeto
2825 3649 3010 3719 potius
3035 3664 3197 3721 quam
3231 3645 3584 3706 monachum.

2917 3802 3148 3861 C.\PUT
3200 3803 3288 3859 Vl.

2523 3896 2598 3952 De
2625 3896 2952 3953 Correctione
2980 3908 3029 3952 ct
3071 3899 3317 3953 Doctrina
3349 3895 3714 3955 Pt'tcsidcntis.

2383 4032 2584 4089 flector
2611 4051 2824 4106 quoque
2852 4033 3060 4090 honore
3084 4035 3649 4107 suppresso,:oqualia
3677 4026 3886 4085 subditis

2308 4127 2452 4184 bene
2491 4129 2802 4184 viventibus
2836 4139 2859 4166 ει
2893 4129 3137 4199 deputet,
3172 4136 3226 4182 et
3274 4143 3404 4198 erga
3459 4140 3740 4196 perversos
3778 4126 3886 4191 jura

2307 4224 2656 4278 rectitudinis
2688 4239 2949 4278 exercere
2973 4242 3077 4277 non
3109 4223 3382 4277 formidet.
3413 4222 3546 4277 Nam
3577 4223 3736 4291 liquet
3758 4215 3885 4287 quod

2308 4331 2500 4370 omnes
2521 4315 2772 4371 homines
2798 4326 2986 4370 natura
3020 4315 3208 4386 genuit
3233 4316 3510 4385 a-quales:
3533 4315 3626 4369 sed
3647 4312 3886 4366 varietate

2308 4409 2662 4473 meritorum,
2689 4409 2885 4463 ordine
2927 4410 3064 4464 alios
3095 4409 3216 4462 aliis
3245 4409 3404 4479 culpa
3439 4407 3758 4478 postposuit.
3788 4401 3884 4457 Sed

2311 4511 2363 4554 ct
2406 4511 2708 4571 arguuntur
2738 4500 3075 4570 negligentes
3120 4509 3363 4554 rectores
3397 4499 3656 4556 Ecclesia:
3685 4494 3794 4561 Dei,
3825 4492 3886 4546 ob

2311 4607 2541 4660 quorum
2578 4592 2842 4646 incuriam
2893 4595 3035 4660 perit
3073 4593 3248 4646 omnis
3287 4589 3456 4645 decor
3512 4590 3694 4661 populi
3736 4587 3882 4640 Chri-

2310 4684 2496 4749 stiani,
2523 4698 2646 4738 cum
2670 4699 2772 4737 nec
2804 4687 2854 4736 in
2875 4684 3226 4738 meditatione
3252 4683 3730 4752 lcgisdiviuzemcc
3749 4676 3883 4733 cultu

2310 4778 2548 4848 pietatis.
2583 4793 2682 4832 nec
2713 4778 2764 4830 in
2799 4791 3078 4831 sacrarum
3116 4779 3369 4831 virtutum
3400 4776 3665 4831 exercitio
3689 4772 3884 4826 labora-

2306 4885 2366 4922 ΥΩ
2394 4879 2680 4923 conentur.
2715 4867 2868 4923 ΤυΠο
2901 4871 3045 4922 enim
3077 4867 3324 4922 (iOCil‘illﬂ
3349 4868 3639 4922 doctorum
3663 4863 3883 4918 SlﬂlViias

2304 4971 2409 5027 est,
2445 4975 2567 5014 cum
2609 4961 2856 5015 doctrina
2902 4963 3106 5032 pariter
3136 4973 3187 5014 et
3241 4964 3346 5014 vita
3395 4960 3757 5014 consentiant.
3786 4953 3881 5008 Sed

2308 5068 2408 5107 nec
2438 5063 2631 5124 putent
2662 5070 2755 5108 sua
2790 5056 3018 5108 scientia
3048 5065 3103 5108 et
3133 5054 3419 5124 sapientia,
3445 5053 3540 5107 sed
3573 5052 3660 5104 Dei
3689 5047 3883 5102 auxilio

2305 5162 2491 5216 pacein
2530 5147 2786 5201 I‘Ieclesiis
2810 5148 2922 5201 suis
2955 5147 3221 5202 redditam
3249 5163 3265 5202 :
3289 5148 3376 5216 qui
3421 5149 3465 5199 si
3514 5157 3668 5197 suum
3701 5151 3882 5195 scrva-

2301 5238 2483 5294 veriut
2532 5240 2774 5308 gradum,
2811 5248 2942 5293 sunt
2989 5241 3182 5294 domus
3227 5241 3343 5307 Dei,
3379 5250 3430 5292 et
3469 5237 3620 5306 quasi
3671 5237 3882 5304 angelus

2306 5331 2540 5384 D-unini.
2570 5333 2673 5386 Sed
2705 5335 2747 5387 si
2783 5334 2898 5398 plus
2931 5336 3155 5404 cupiunt
3187 5333 3356 5388 \‘ideri
3396 5347 3558 5386 nosse
3602 5347 3756 5400 quam
3787 5341 3880 5382 εω-

2302 5423 2428 5482 teri.
2455 5426 2779 5495 quandoque
2807 5437 2994 5496 patent
3016 5427 3258 5482 veritatis
3287 5427 3522 5496 regulam
3552 5439 3659 5478 non
3687 5434 3874 5476 lenem-

2367 5511 2632 5586 MagiSIer
2660 5534 2872 5590 quoque
2893 5519 3217 5590 discipulum
3245 5518 3488 5586 corrigit,
3518 5532 3678 5588 quem
3703 5511 3880 5567 arden-

1733 5708 1850 5798 ιντερ
1903 5721 2081 5802 NW").
2123 5715 2329 5806 93W!)
2371 5723 2624 5801 ascriptis
2672 5725 3022 5812 Hieronymo]
3050 5724 3456 5816 commentariis
3487 5723 3875 5812 inabamceta'.
