4012 6190
527 205 639 262 339

1538 218 1547 264 ε
1581 197 1639 255 S.
1681 192 2067 255 HIERONYMI
2103 189 2388 251 OPERUM
2427 192 2820 266 MANTISSA._

3739 196 3846 256 διο

530 330 650 378 tum
670 320 1043 381 vicinitatibus
1060 315 1378 386 perfruaris,
1399 312 1452 369 id
1474 321 1577 379 est,
1598 322 1657 367 ut
1680 321 1734 368 et
1754 312 1887 368 urbe
1912 323 2125 375 careas,
2157 306 2217 370 Δ
2238 323 2298 364 es
2347 309 2594 366 mundo?
2641 312 3021 383 Paupertatem
3064 315 3259 371 times?
3325 315 3515 371 beatos
3567 330 3845 386 pauperes

536 426 596 473 et
627 417 968 487 propositum
993 408 1243 464 monachi
1276 422 1380 462 non
1409 408 1648 462 amittas.
1674 404 1893 475 Loquor
1924 417 2032 457 non
2061 403 2131 458 de

542 510 834 578 episcopis,
868 519 971 559 non
1022 500 1089 555 de
1133 498 1368 563 clericis,
1398 512 1632 568 quorum
1672 496 1775 551 alia
1820 509 1980 550 causa
2024 504 2127 559 εει,

542 600 647 653 alia
683 593 950 653 monachi.
980 591 1174 646 Clerici
1197 605 1330 646 oves
1360 600 1607 659 pascunt,
1643 603 1747 658 ego
1776 602 1997 657 pascor.
2021 586 2131 643 Sed

540 693 608 747 de
639 691 911 745 monacho
942 688 1157 755 loquor,
1188 685 1277 754 qui
1313 684 1547 755 pretium
1577 682 1981 753 possessionum
2007 696 2135 736 sua-

536 799 661 840 rum
686 782 751 836 ad
779 779 943 850 pedes
963 778 1351 848 Apostolorum
1379 777 1580 846 posuit,
1614 776 1823 831 docens
1847 775 2132 845 pecuniam

538 874 875 937 calcandam,
906 870 1207 934 humiliter,
1234 884 1291 924 et
1345 878 1560 924 secreto
1608 868 1885 933 victitans,
1916 881 2135 936 semper

538 974 851 1025 contemnat
895 963 1041 1034 quod
1095 964 1266 1018 semel
1315 962 1667 1032 contempsit.
1728 960 1862 1015 Nam
1906 974 2134 1015 summm

540 1060 787 1116 stultitia:
819 1067 924 1122 est,
959 1057 1275 1112 renuntiare
1316 1056 1536 1119 sazculo,
1568 1055 1848 1110 dimittere
1880 1054 2132 1122 patriam,

538 1153 705 1208 urbes
737 1150 1014 1217 deserere,
1051 1148 1380 1203 monachum
1422 1147 1685 1217 profiteri,
1712 1156 1767 1201 et
1794 1146 1939 1201 inter
1965 1145 2137 1215 majo-

539 1260 625 1301 res
652 1243 881 1314 populos
913 1257 1138 1312 peregre
1162 1238 1269 1312 [Αι.
1310 1237 1691 1310 periculosius]
1723 1240 1928 1294 vivere.

602 1337 737 1405 Quia
771 1336 942 1407 igitur
985 1338 1224 1389 fraterne
1282 1338 1622 1402 Interrogas,
1669 1347 1765 1401 per
1802 1344 1965 1401 quam
1994 1331 2136 1385 viam

535 1429 800 1486 incedere
844 1429 1046 1483 debeas
1082 1444 1095 1482 :
1131 1427 1367 1483 revelata
1409 1438 1585 1481 tecum
1635 1425 1775 1480 facie
1824 1425 2036 1494 loquar.
2079 1424 2136 1481 Si

538 1523 781 1577 officium
810 1521 893 1576 vis
922 1535 1180 1577 exercere
1219 1520 1560 1592 presbyteri,
1596 1519 1640 1574 si
1674 1520 2020 1589 episcopatus
2048 1528 2098 1572 te
2119 1562 2133 1589 ,

539 1616 623 1670 vel
655 1630 815 1685 opus,
858 1614 944 1670 vel
993 1614 1170 1669 honor
1200 1614 1339 1669 forte
1367 1614 1638 1677 delectat,
1672 1612 1798 1667 vive
1828 1612 1880 1666 in
1911 1612 2139 1666 urbibus

2236 400 2487 459 Christus
2514 407 2773 475 appellat.
2806 405 3024 464 Labore
3054 410 3315 463 terreris?
3344 407 3440 463 sed
3475 423 3641 471 nemo
3660 409 3849 466 athla.

2240 506 2289 551 ta
2336 498 2455 553 sine
2486 500 2779 555 sudoribus
2830 515 3144 557 coronatur.
3194 504 3268 557 De
3293 505 3419 558 cibo
3458 506 3714 575 cogitas?
3747 506 3847 563 sed

2237 601 2366 642 vera
2405 588 2542 645 fides
2578 589 2778 647 famem
2818 607 2925 648 non
2958 593 3133 648 timet.
3176 594 3354 663 Super
3399 598 3598 649 nudam
3631 598 3841 653 metuis

2238 681 2459 737 humum
2488 700 2654 739 exesa
2682 686 2902 756 jejuniis
2930 689 3170 743 membra
3195 690 3505 745 collidere?
3531 692 3629 746 sed
3661 692 3852 746 Domi-

2238 791 2340 830 nus
2369 786 2543 832 tecum
2567 778 2732 847 jacet.
2762 779 3015 848 Squalidi
3045 783 3243 849 capitis
3275 782 3462 837 horret
3493 784 3705 839 inculta
3737 801 3849 840 cat—

2239 871 2454 927 saries?
2482 873 2576 927 sed
2600 884 2767 943 caput
2800 884 2950 931 tcum
2988 874 3242 931 Christus
3270 886 3377 931 est.
3420 876 3637 932 Infinita
3672 879 3854 935 eremi

2242 965 2465 1019 vastitas
2497 966 2715 1021 terret?
2742 968 2838 1020 sed
2872 980 2927 1021 tu
2959 968 3272 1037 paradisum
3308 980 3493 1023 mente
3519 969 3849 1026 deambula:

2238 1057 2451 1126 quoties
2479 1056 2607 1113 illuc
2633 1060 3024 1115 conscenderis
3042 1101 3057 1124 ,
3090 1062 3254 1115 toties
3283 1062 3335 1116 in
3360 1078 3549 1119 eremo
3571 1080 3681 1119 non
3710 1066 3851 1121 eris.

2241 1153 2286 1208 0
2316 1152 2595 1207 desertum
2627 1153 2831 1209 Christi
2860 1155 3086 1210 floribus
3116 1158 3383 1211 vernans!
3416 1160 3459 1211 υ
3483 1158 3766 1223 solitudo,
3792 1159 3852 1216 in

2240 1260 2343 1316 qua
2382 1245 2457 1300 illi
2498 1256 2799 1301 nascuntur
2830 1247 3058 1317 lapides.
3099 1248 3167 1301 de
3198 1248 3398 1317 quibus
3429 1249 3481 1302 in
3513 1252 3853 1322 Apocalypsi

2242 1340 2431 1393 civitas
2451 1340 2627 1407 magni
2651 1340 2795 1409 regis
2825 1340 3158 1395 exstruitur!
3184 1343 3228 1395 υ
3256 1357 3472 1396 eremus
3489 1342 3851 1413 familiarius,

2244 1428 2350 1500 [ΑΙ.
2379 1429 2651 1502 familiari]
2682 1430 2792 1485 Deo
2818 1430 3085 1500 gaudens,
3110 1441 3165 1486 et
3193 1433 3410 1487 ctuti-ra!
3430 1433 3509 1487 Ad
3530 1449 3654 1501 qua:
3677 1435 3853 1491 etiam

2244 1520 2375 1574 illud
2418 1522 2666 1591 Apostoli
2711 1540 2723 1574 :
2770 1521 2892 1575 Non
2925 1531 3043 1575 sunt
3076 1523 3349 1593 condigmc
3383 1525 3655 1584 passiones
3690 1527 3854 1597 hujus

2246 1614 2489 1681 temporis
2520 1612 2589 1665 ad
2618 1617 2853 1684 futuram
2880 1614 3124 1684 gloriam,
3148 1630 3265 1685 (μίας
3293 1614 3603 1671 revelabitur
3620 1617 3676 1670 iu
3701 1617 3854 1673 nobis

539 1719 594 1765 et
625 1706 866 1763 castellis
898 1725 910 1760 :
943 1716 998 1762 et
1035 1707 1264 1762 aliorum
1307 1706 1557 1773 salutem,
1592 1705 1803 1759 lucrum
1832 1703 1916 1758 fac
1944 1704 2141 1759 anima:
2171 1706 2223 1767 Β
2248 1703 2425 1777 (Rom.
2456 1705 2599 1775 vni).

545 1816 670 1860 tuce.
705 1803 801 1859 Sin
825 1812 1003 1857 autem
1034 1802 1186 1869 cupis
1217 1815 1338 1856 esse
1359 1800 1501 1869 quod
1530 1798 1762 1865 diceris,
1800 1797 2134 1851 monachus:

538 1898 666 1965 quid
697 1898 830 1951 facis
872 1898 923 1950 in
952 1894 1199 1960 urbibus,
1233 1909 1354 1964 qua)
1386 1894 1577 1963 utique
1606 1906 1714 1946 non
1738 1899 1867 1947 sunt
1897 1892 2138 1945 solorum

540 1992 881 2060 habitacula,
932 1990 1025 2044 sed
1075 1989 1418 2043 multorum?
1493 1988 1665 2042 liabet
1719 1987 2141 2056 unumquodque

540 2084 884 2154 propositum
921 2083 1196 2152 principes
1225 2094 1374 2136 suos.
1400 2080 1634 2134 Romani
1660 2079 1827 2135 duces
1858 2080 2142 2134 imitentur

542 2177 828 2243 Camillos,
851 2175 1158 2239 Fabricios,
1193 2174 1455 2244 Regulos,
1487 2171 1793 2242 Scipiones.
1822 2170 2142 2240 Philosophi

539 2279 847 2343 proponant
874 2270 976 2325 sibi
1008 2269 1368 2341 Pythagoram
1398 2308 1412 2331 ,
1456 2266 1735 2322 Socratem
1755 2307 1769 2331 ,
1820 2265 2099 2319 Platonem
2124 2302 2140 2329 ,

539 2366 922 2419 Aristotelem.
969 2364 1150 2418 Poeta:
1218 2360 1548 2416 aemulentur
1596 2360 1928 2425 Homerum,
1970 2358 2144 2427 Virgi—

541 2459 695 2525 lium,
729 2456 1120 2521 Menandrum,
1165 2455 1506 2510 Terentium.
1533 2452 1821 2518 Historici,
1865 2452 2144 2524 Thucydi-

545 2550 691 2615 dem,
723 2550 1043 2611 Salustium,
1075 2546 1437 2613 Herodotum,
1468 2545 1705 2600 Livium.
1731 2547 2009 2611 Oratores,
2036 2545 2144 2617 Ly-

543 2643 704 2704 siam,
739 2640 1053 2706 Gracchos,
1091 2638 1543 2701 Demosthenem,
1594 2637 1858 2692 Tullium.
1895 2638 1961 2692 Et
1992 2648 2048 2691 ut
2074 2638 2142 2693 ad

542 2745 727 2790 nostra
760 2737 1059 2807 veniamus,
1102 2733 1342 2802 episcopi
1383 2741 1438 2787 et
1466 2732 1771 2803 presbyteri
1821 2731 2059 2786 habeant
2087 2732 2141 2787 in

548 2829 862 2899 exemplum
912 2828 1204 2897 Apostolos
1234 2836 1288 2882 et
1317 2826 1646 2896 apostolicos
1677 2827 1824 2880 viros
1856 2844 1870 2879 :
1910 2841 2143 2896 quorum

545 2926 807 2979 honorem
833 2923 1192 2993 possidentes,
1219 2922 1421 2977 habere
1454 2922 1695 2975 nitantur
1720 2931 1776 2976 et
1806 2923 2082 2975 meritum.

616 3020 725 3076 Nos
741 3029 921 3075 autem
941 3018 1233 3073 habeamus
1248 3016 1511 3089 propositi
1527 3016 1695 3071 nostri
1717 3015 1987 3085 principes
2001 3015 2141 3069 Pau-

2315 1799 2425 1853 Cur
2465 1798 2626 1869 igitur
2670 1799 2863 1854 timido
2906 1801 3093 1856 animo
3143 1800 3485 1858 Christianus
3525 1805 3627 1859 es?
3682 1804 3856 1862 Filius

2245 1890 2483 1945 hominis
2546 1907 2651 1946 non
2709 1891 2872 1948 habet
2907 1894 2997 1947 ubi
3044 1906 3209 1964 caput
3238 1912 3396 1950 suum
3447 1898 3684 1953 reclinet
3730 1916 3745 1952 :
3796 1909 3854 1955 tu

2250 1983 2458 2052 amplas
2489 1986 2730 2050 porticus
2750 1997 2804 2040 et
2833 1984 3072 2055 ingentia
3096 1997 3365 2043 tectorum
3392 1991 3566 2061 spatia
3591 1992 3807 2047 metiris
3836 2008 3853 2045 :

2252 2073 2632 2131 haereditatem
2664 2089 2992 2145 exspectans
3022 2079 3237 2144 saeculi,
3259 2081 3505 2136 cobzeres
3531 2080 3738 2137 Christi
3766 2097 3858 2139 es-

2244 2182 2305 2222 se
2333 2183 2438 2223 non
2470 2171 2707 2238 poteris.
2746 2170 2929 2225 Nudos
2960 2182 3108 2225 amat
3144 2187 3381 2226 eretnus.
3415 2174 3631 2242 Corpus
3660 2190 3858 2231 assue-

2248 2267 2359 2313 tum
2394 2261 2630 2325 tunicis,
2668 2261 2852 2316 lorica:
2892 2277 3027 2317 onus
3068 2279 3173 2318 non
3212 2264 3338 2318 fert.
3380 2264 3554 2335 Caput
3595 2277 3855 2337 opertum

2246 2355 2449 2420 linteo,
2482 2356 2697 2425 galeam
2731 2366 2970 2413 recusat.
3006 2358 3226 2413 Mollem
3255 2360 3369 2415 otio
3395 2375 3646 2427 manum,
3679 2360 3857 2417 durus

2246 2458 2542 2519 exasperat
2570 2451 2817 2518 capulus.
2842 2451 2945 2507 Sed
2973 2467 3100 2516 cur,
3135 2451 3352 2522 inquis,
3383 2455 3573 2525 pergis
3612 2455 3679 2510 ad
3726 2471 3857 2512 θιὼ

2246 2543 2435 2596 mum?
2464 2542 2725 2599 videlicet
2756 2555 2817 2598 ut
2850 2555 2902 2599 te
2944 2560 3048 2600 non
3079 2546 3294 2601 audiam
3318 2588 3334 2611 ,
3370 2563 3477 2602 non
3506 2548 3715 2604 videam
3738 2591 3755 2615 ,
3793 2561 3857 2607 ut

2249 2645 2343 2690 tuo
2376 2636 2559 2692 furore
2589 2651 2696 2692 non
2728 2653 2968 2703 movear,
3004 2648 3064 2693 ut
3110 2648 3196 2694 tua
3237 2640 3374 2694 bella
3408 2654 3513 2695 nan
3543 2644 3743 2711 patiar.
3774 2658 3849 2699 ne

2248 2745 2337 2786 me
2364 2731 2545 2801 capiat
2573 2732 2765 2787 oculus
2798 2732 3133 2798 meretricis,
3175 2748 3241 2789 ne
3268 2732 3447 2790 forma
3472 2734 3843 2806 pulcherrima

2246 2824 2313 2879 ad
2344 2824 2565 2879 illicitos
2593 2823 2755 2879 ducat
2782 2827 3089 2895 amplexus.

2318 2915 2741 2986 Respondebis:
2778 2918 2881 2973 hoc
2913 2933 3018 2972 non
3049 2927 3137 2973 est
3178 2917 3455 2989 pugnare',
3495 2919 3592 2975 sed
3631 2918 3851 2991 fugere.

2250 3008 2343 3065 Sta
2372 3010 2425 3063 in
2456 3010 2602 3075 acie,
2635 3008 2970 3064 adversariis
3008 3022 3253 3065 armatus
3290 3011 3498 3066 absiste
3538 3028 3552 3065 :
3593 3020 3651 3067 ut
3695 3020 3855 3082 post-

540 3118 645 3180 los,
668 3115 960 3181 Antonios,
977 3087 1977 3179 Julianuspllilariones,Macarios.Et
2002 3117 2058 3185 ut
2071 3107 2138 3164 ad
2164 3087 2213 3151 (ἶ
2242 3116 2404 3171 quam
2423 3102 2641 3168 Viceris.
2659 3103 3172 3159 coroneris.Fateor
3192 3103 3619 3185 imbecillitatem
3642 3121 3848 3163 meam.

546 3208 950 3277 Scripturarum
985 3204 1372 3261 aucmritatem
1407 3202 1652 3269 redeam,
1680 3210 1865 3255 noster
1889 3180 2144 3271 princeps

545 3303 904 3365 lilias,uoster
919 3301 1170 3369 princeps
1184 3295 1611 3361 Elismusmostri
1625 3293 1793 3348 duces
1810 3292 1903 3348 filii
1920 3294 2146 3363 prophe-

545 3408 720 3451 tarum
745 3395 835 3466 qui
863 3393 1186 3448 habitabant
1212 3389 1264 3444 in
1290 3388 1434 3459 agris
1463 3397 1517 3442 et
1556 3384 1961 3449 solitudinibus,
1985 3393 2041 3439 et
2065 3383 2146 3439 fa-

542 3490 758 3545 ciebant
802 3486 905 3541 sibi
946 3484 1290 3540 tabernacula
1323 3496 1494 3553 prope
1524 3479 1727 3536 fluenta
1758 3477 2031 3533 Jordanis.
2066 3478 2143 3534 De

544 3582 629 3634 bis
652 3590 776 3636 sunt
800 3589 853 3634 et
878 3578 956 3632 illi
978 3578 1069 3631 lilii
1099 3575 1338 3641 Rechab,
1358 3573 1449 3644 qui
1480 3574 1671 3627 vinum
1699 3579 1756 3627 et
1774 3571 2005 3625 siceram
2031 3585 2141 3625 non

543 3674 819 3736 bibebant,
846 3682 900 3725 et
919 3669 1269 3723 morabantur
1293 3668 1343 3721 in
1367 3664 1653 3721 tentoriis:
1682 3665 1773 3736 qui
1800 3664 1891 3718 Dei
1924 3678 2018 3733 per
2051 3662 2143 3718 Je-

545 3768 771 3824 remiam
800 3779 933 3819 voce
957 3763 1265 3827 laudantur,
1300 3772 1352 3815 et
1381 3759 1717 3829 promittitur
1739 3758 1841 3825 eis,
1866 3758 2009 3829 quod
2031 3771 2140 3813 non

544 3859 762 3913 deficiat
807 3856 873 3910 de
912 3856 1081 3923 stirpe
1121 3867 1309 3907 eortnn
1340 3852 1442 3918 Lvir
1472 3861 1623 3905 stans
1660 3866 1843 3905 coram
1889 3849 2137 3905 Domino.

543 3952 908 4018 Interpretare
932 3947 1094 4015 igitur
1119 3943 1440 3999 vocabulum
1473 3942 1725 3996 monachi
1756 3960 1767 3995 :
1799 3941 1901 3996 hoc
1930 3951 2009 3996 est
2042 3955 2141 3995 no-

542 4058 665 4096 men
697 4053 866 4095 tuum.
900 4037 1039 4107 Quid
1068 4037 1198 4092 facis
1231 4040 1283 4091 in
1318 4035 1478 4091 turba
1505 4036 1593 4105 qui
1623 4035 1773 4090 solus
1803 4034 1907 4089 es?
1937 4049 2041 4088 nou
2073 4034 2140 4087 ti-

541 4136 590 4189 bi
619 4135 807 4190 eadem
840 4148 1024 4197 causa,
1058 4147 1177 4202 qua:
1202 4131 1440 4185 cmteris.
1470 4129 1639 4183 Nemo
1674 4127 1935 4197 propheta
1966 4128 2018 4181 in
2044 4142 2139 4197 pa-

538 4231 639 4284 tria
671 4246 765 4284 sua
801 4230 1067 4283 honorem
1100 4225 1282 4280 habet.
1312 4224 1444 4279 Nam
1475 4224 1568 4279 ubi
1602 4225 1777 4278 honor
1804 4239 1912 4277 non
1938 4222 2136 4287 est,ibi

536 4331 883 4391 contemptus
925 4329 1026 4375 est.
1074 4318 1176 4375 Ubi
1225 4327 1569 4385 contemptus
1601 4326 1721 4383 cst,
1764 4317 1839 4371 ibi
1875 4316 2134 4387 frequens

534 4417 752 4485 injuria.
798 4414 899 4471 Ubi
933 4414 1155 4481 injuria,
1195 4412 1267 4467 ibi
1310 4412 1630 4481 indignatio.
1664 4411 1767 4467 Ubi
1802 4411 2127 4484 indignatio,

2246 3194 2385 3249 Nolo
2445 3210 2542 3265 spe
2595 3211 2838 3266 pugnare
2881 3196 3167 3263 victoriae,
3218 3212 3285 3252 ne
3311 3198 3533 3268 perdam
3591 3199 3852 3269 aliquan-

2245 3289 2317 3345 do
2347 3290 2653 3345 victoriam.
2676 3290 2791 3346 Nisi
2824 3290 3012 3362 fugero
3034 3333 3050 3357 ,
3075 3303 3167 3347 aut
3193 3292 3520 3348 vincendum
3551 3292 3681 3349 mihi
3719 3304 3845 3362 est,

2245 3390 2339 3437 aut
2365 3381 2689 3437 cadendum.
2727 3383 2866 3451 Quid
2895 3393 3077 3439 autem
3107 3399 3336 3441 necesse
3365 3394 3449 3441 est
3479 3397 3631 3441 certa
3658 3386 3854 3445 diruit-

2247 3481 2381 3541 tere,
2404 3482 2461 3529 et
2491 3474 2700 3530 incerta
2727 3474 2965 3531 sectari?
2988 3478 3093 3531 Aut
3120 3485 3299 3543 scuto,
3324 3484 3420 3532 aut
3447 3477 3675 3547 pedibus
3697 3494 3849 3539 mors

2244 3569 2461 3623 vitanda
2483 3579 2587 3625 est.
2615 3568 2693 3623 'l‘u
2724 3570 2814 3639 qui
2848 3585 3079 3641 pugnas,
3102 3582 3157 3626 et
3185 3571 3434 3641 superari
3460 3579 3620 3642 potes
3640 3583 3696 3628 et
3727 3573 3851 3628 vin-

2244 3676 2387 3717 Cere.
2428 3663 2539 3732 Ego
2570 3678 2692 3717 cum
2716 3662 2946 3733 fugero,
2981 3679 3089 3718 non
3118 3664 3281 3719 vinco
3307 3664 3361 3719 in
3394 3681 3464 3721 eo
3494 3668 3639 3737 quod
3668 3664 3844 3737 fugio,

2244 3754 2336 3809 sed
2365 3754 2487 3809 ideo
2519 3754 2665 3826 fugio
2692 3771 2761 3811 ne
2796 3757 3002 3812 vincar.
3046 3756 3209 3812 Nulla
3238 3760 3511 3815 securitas
3545 3768 3629 3814 est
3658 3760 3847 3816 vicino

2244 3856 2499 3916 serpente
2526 3847 2768 3903 dormire
2794 3866 2806 3900 :
2841 3859 3021 3918 potest
3044 3847 3186 3915 fieri,
3217 3858 3275 3903 ut
3305 3864 3393 3905 me
3426 3866 3534 3905 non
3564 3850 3841 3908 mordeat.

2243 3938 2386 4009 Fuga
2410 3940 2553 3994 enim
2589 3955 2696 3995 non
2730 3942 3094 4004 infidelitatis,
3128 3941 3220 3996 sed
3246 3940 3548 4011 prudentia:
3576 3943 3843 3999 indicium

2242 4043 2344 4099 cst,
2379 4051 2445 4090 ne
2476 4035 2677 4090 frustra
2703 4051 2801 4089 nos
2830 4036 3121 4092 offeramus
3151 4035 3438 4106 periculis.

2311 4126 2417 4183 Sed
2441 4143 2614 4198 nuper
2642 4128 2862 4199 Egypti
2894 4128 3112 4184 deserta
3137 4129 3319 4184 vidisti
3352 4145 3371 4184 :
3402 4130 3630 4186 intuitus
3656 4145 3718 4185 es
3740 4146 3846 4187 an-

2241 4222 2466 4293 gelicam
2494 4221 2751 4277 familiam
2780 4240 2792 4275 :
2827 4222 3016 4291 quanti
3046 4222 3119 4276 ibi
3145 4222 3311 4278 flores
3339 4225 3507 4278 sunt?
3536 4240 3697 4295 quam
3720 4228 3840 4295 spi-

2238 4310 2531 4368 ritualibus
2553 4315 2781 4383 gemmis
2805 4324 2954 4384 prata
2979 4315 3262 4369 vernantia
3280 4314 3304 4368 ?
3325 4314 3515 4370 Vidisti
3542 4327 3685 4371 serta
3714 4319 3841 4386 qui-

2239 4407 2338 4463 bus
2358 4408 2620 4462 Dominus
2635 4418 2946 4462 coronatur.
2969 4407 3064 4464 llle
3086 4409 3181 4463 tibi
3211 4409 3348 4480 ignis
3371 4410 3423 4465 in
3449 4420 3671 4480 pectore
3692 4427 3839 4466 extu-

536 4511 607 4563 ihi
640 4510 793 4580 quies
826 4506 991 4561 nulla.
1028 4506 1129 4562 Ubi
1159 4505 1311 4575 quies
1342 4520 1446 4557 non
1480 4514 1584 4569 est,
1624 4503 1696 4557 ibi
1732 4519 1884 4558 mens
1927 4518 2070 4574 sa-pc
2098 4520 2129 4561 a

2242 4510 2405 4566 stuet,
2450 4510 2507 4556 et
2538 4501 2631 4555 illa
2674 4502 2919 4572 quotidie
2945 4502 3147 4568 cogita,
3181 4510 3378 4567 tracta,
3410 4504 3694 4558 considera
3722 4504 3838 4577 [ΑΙ.

534 4602 813 4670 preposito
866 4598 1171 4652 deducitur.
1209 4595 1310 4652 Ubi
1348 4605 1526 4649 autem
1564 4610 1658 4665 per
1696 4595 2126 4665 inquietudinem

534 4693 736 4764 aliquid
767 4692 1015 4747 aufertur
1039 4706 1107 4744 ex
1137 4688 1342 4757 studio,
1371 4689 1550 4742 minus
1580 4688 1635 4741 fit
1666 4687 1735 4742 ab
1758 4704 1822 4743 eo
1845 4690 1984 4758 quod
2018 4690 2126 4745 tol-

529 4785 679 4839 litur.
712 4786 776 4839 Et
802 4784 887 4839 ubi
920 4788 1099 4837 minus
1121 4790 1224 4849 est,
1253 4780 1553 4851 perfectum
1588 4796 1693 4834 non
1718 4790 1894 4850 potest
1922 4782 2052 4837 dici.

602 4877 681 4930 Ex
730 4878 827 4930 hac
871 4874 1256 4945 supputatione
1308 4873 1400 4927 illa
1450 4888 1661 4927 summa
1706 4874 1967 4941 nascitur,
2010 4890 2127 4930 mo-

531 4968 763 5022 nachum
825 4968 1128 5036 perfectum
1177 4966 1229 5020 in
1277 4967 1451 5035 patria
1484 4980 1579 5019 sua
1621 4981 1744 5020 esse
1786 4982 1891 5022 non
1938 4982 2117 5036 posse.

527 5061 833 5115 Perfectum
866 5070 1044 5115 autem
1072 5076 1196 5115 esse
1223 5060 1391 5125 nolle,
1424 5060 1742 5130 delinquere
1771 5072 1873 5117 est.
1903 5060 2119 5116 Ubiau-

527 5164 635 5208 tetn
660 5168 761 5223 ego
792 5167 934 5206 nunc
960 5168 1103 5217 sum,
1130 5169 1238 5207 non
1265 5154 1441 5208 solum
1470 5152 1597 5223 quid
1626 5155 1804 5224 agitur
1837 5155 1888 5207 in
1918 5154 2116 5223 patria,

523 5249 618 5303 scd
654 5263 719 5301 an
753 5247 927 5318 patria
955 5247 1230 5316 persistat,
1265 5248 1473 5318 ignoro.
1500 5246 1671 5301 Immo
1699 5262 1799 5301 nec
1825 5245 1955 5299 mihi
1983 5260 2115 5300 con-

521 5342 734 5401 crnitur
774 5353 916 5394 unus
949 5339 1176 5408 angulus
1205 5340 1377 5394 eremi
1416 5356 1430 5390 :
1459 5339 1705 5409 quotidie
1741 5352 2009 5407 exposcor
2047 5336 2114 5391 ii-

521 5437 671 5501 dem,
702 5434 854 5503 quasi
878 5434 997 5489 sine
1028 5430 1134 5485 fide
1159 5440 1384 5487 renatus
1407 5432 1531 5485 sim.

1105 5523 1331 5579 CAPUT
1373 5524 1507 5578 VIII.

844 5620 921 5673 De
954 5617 1246 5681 Laudibus,
1280 5626 1327 5671 et
1354 5615 1593 5670 Utilitate
1629 5614 1826 5669 Eremi.

518 5692 539 5705 ’
597 5712 737 5779 Quid
766 5714 927 5782 igitur
955 5711 1071 5781 agis
1098 5722 1185 5778 tu,
1217 5707 1413 5775 frater,
1449 5710 1505 5767 iu
1541 5711 1775 5780 sacculo,
1801 5710 1894 5787 qui
1933 5702 2113 5775 major

2232 4594 2550 4668 desidera].
2591 4606 2648 4652 et
2684 4596 2837 4665 quasi
2873 4596 3113 4667 quodam
3163 4611 3389 4652 carcere
3426 4605 3609 4653 tentus
3646 4598 3836 4653 exclao

2231 4704 2317 4743 ma
2349 4706 2363 4742 :
2396 4688 2517 4743 Heu
2554 4706 2664 4754 me,
2705 4691 2831 4760 quia
2867 4690 3181 4761 prolongata
3225 4702 3299 4744 est
3328 4691 3683 4763 peregrinatio
3719 4706 3837 4747 mea

2229 4780 2457 4853 (Psalm.
2487 4782 2667 4852 cxu):
2694 4791 2750 4837 et
2781 4784 2831 4836 in
2857 4783 3167 4853 paradisum
3197 4792 3385 4838 mente
3412 4785 3831 4854 conscendens,

2228 4874 2386 4927 toties
2415 4872 2466 4926 iu‘
2502 4882 2647 4927 terra
2684 4890 2790 4927 non
2822 4873 2964 4939 eris,
2997 4875 3212 4945 quoties
3242 4886 3455 4930 terrena
3479 4874 3832 4946 despexeris.

2229 4966 2429 5021 Eadem
2458 4966 2616 5021 nobis
2638 4976 2785 5020 certe
2813 4983 2934 5021 cum
2961 4967 3044 5021 his
3068 4968 3160 5037 qui
3188 4966 3430 5023 habitant
3460 4983 3554 5037 per
3581 4967 3833 5035 deserta,

2226 5062 2466 5115 conditio
2486 5068 2608 5116 est:
2638 5061 2797 5115 iidem
2831 5062 2997 5127 oculi,
3036 5062 3263 5117 totidem
3293 5072 3349 5117 et
3379 5078 3592 5125 manus,
3627 5062 3829 5118 iisdem

2224 5153 2630 5209 infirmitatibus
2661 5154 2757 5209 vel‘
2780 5154 3070 5209 virtutibus
3098 5156 3468 5225 subjacemus.
3496 5154 3549 5209 Si
3585 5164 3638 5209 te
3666 5170 3830 5226 aqua:

2222 5260 2382 5319 putus
2407 5257 2585 5314 vexat,
2609 5247 2796 5318 quanti
2831 5247 3041 5302 nobiles
3068 5262 3171 5301 non
3194 5247 3372 5303 dicam
3397 5248 3516 5301 vina
3542 5248 3826 5317 nesciunt,

2220 5341 2316 5397 sed
2345 5356 2538 5397 carnes
2563 5342 2833 5411 ignorant.
2853 5352 2908 5396 et
2933 5343 3052 5397 fuso
3077 5340 3185 5414 [ΑΙ.
3212 5341 3407 5414 infuso]
3441 5352 3653 5398 tantum
3675 5344 3832 5413 legu-

2219 5436 2364 5492 mine
2391 5433 2805 5489 sustentantur?
2836 5432 2894 5489 Si
2923 5433 3238 5489 balnearqu
3270 5440 3324 5488 te
3352 5434 3570 5489 lavacra
3618 5435 3831 5491 sollici-

2220 5537 2358 5593 tant,
2382 5524 2568 5596 quanti
2602 5523 2878 5593 principes
2899 5524 3201 5590 civitatum,
3219 5525 3335 5580 sive
3354 5524 3426 5580 ob
3446 5526 3667 5597 culpam
3694 5544 3829 5599 pro-

2215 5623 2413 5693 priam,
2438 5618 2554 5672 sive
2595 5617 2664 5672 ob
2697 5616 2955 5673 invidiam
3000 5619 3067 5674 ad
3110 5618 3315 5673 insulas
3354 5617 3669 5688 deportati,
3702 5621 3828 5679 sine

2214 5725 2425 5773 aeterno
2447 5710 2677 5783 praemio
2700 5720 3071 5784 perpetuaque
3090 5710 3346 5771 mercede
3368 5710 3583 5783 absque
3600 5712 3825 5775 balneis
