4030 6268
196 234 299 295 541

772 232 1061 292 REGULA
1097 229 1582 291 MONACHORUM
1620 231 1712 289 EX
1754 234 1797 292 θ

1904 236 2063 295 lPTlS
2103 238 2489 297 HlbhONYMl
2525 238 2909 298 COLLECTA.

3397 243 3507 300 5H

196 349 610 424 perseverant?
649 348 827 405 Nemo
856 348 909 403 id
940 348 1265 404 necessitate
1299 347 1410 418 pati
1449 361 1559 402 non
1589 353 1789 417 potest,
1819 351 1875 413 Α
1967 350 2014 406 0
2040 352 2260 421 quoties
2290 352 2343 407 in
2365 367 2549 409 eremo
2580 354 2909 408 constitutus
2935 362 2990 408 et
3016 353 3073 409 in
3096 354 3188 411 llla
3220 363 3375 410 vasta
3396 368 3490 410 so-

192 444 347 514 quod
368 458 468 513 pro
499 443 610 497 Deo
637 442 744 511 pati
774 441 1054 496 voluntate
1082 440 1370 496 detrectet.

274 536 511 591 llabebis
536 534 789 589 cellulam
812 548 934 603 qua:
959 544 1010 588 te
1036 533 1213 587 solum
1252 533 1456 602 capiat.
1488 533 1659 588 immo
1688 547 1799 589 non

192 628 311 683 eris
336 628 487 681 solus
511 641 525 681 :
558 627 802 695 angelica
834 627 989 681 turba
1012 627 1343 692 versabitur,
1369 635 1452 683 tot
1480 628 1639 696 socii,
1668 636 1803 698 quot

194 721 375 775 sancti
436 721 603 790 Leges
632 720 1010 791 Evangelium,
1040 720 1374 776 fabulabitur
1394 730 1577 776 tecum
1600 719 1800 776 Iesus:

193 812 492 882 rcplicabis
517 813 802 883 apostolos
837 813 920 867 vel
948 813 1266 883 prophetas.
1295 812 1572 883 Numquid
1599 812 1803 881 poteris

195 903 365 957 talem
423 902 589 958 alium
638 904 747 957 tuis
799 904 1145 960 sermonibus
1205 905 1409 961 habere
1454 905 1802 961 consortem?

191 990 368 1048 Terra
388 1008 583 1049 sumus
610 1004 667 1049 et
693 992 855 1060 cinis,
883 1004 938 1049 et
971 1010 1065 1064 per
1089 995 1273 1050 omnia
1309 1005 1580 1052 momenta
1608 996 1675 1050 de
1699 1011 1793 1051 no-

191 1095 312 1140 stra
333 1088 516 1143 salute
538 1088 793 1157 suspensi
812 1087 1073 1143 continuo
1103 1089 1155 1141 in
1191 1090 1466 1157 pulverem
1487 1088 1798 1144 dissolven-

191 1178 274 1231 di.
324 1179 471 1248 Quid
517 1180 883 1236 detrectamus
927 1179 1034 1252 [ΑΙ.
1082 1180 1462 1251 retractamus]
1499 1180 1679 1236 facere
1729 1178 1799 1234 de

191 1274 527 1329 necessitate
565 1272 858 1328 virtutem?
898 1280 1050 1327 certe
1078 1271 1404 1343 quandoque
1452 1258 1795 1329 moriendum

190 1373 300 1420 est.
330 1364 506 1432 Quam
532 1364 643 1418 cito
682 1363 870 1418 mundi
894 1363 1345 1432 derelinquamus
1384 1365 1660 1434 angustias
1693 1380 1710 1419 :
1739 1374 1797 1421 et

191 1458 241 1513 si
268 1457 406 1518 forte
447 1456 518 1509 ob
552 1456 941 1510 continentiam
963 1497 979 1521 ,
1007 1456 1149 1525 quod
1180 1466 1361 1511 tamen
1402 1471 1530 1512 raro
1555 1457 1793 1526 accidit,

191 1551 384 1607 dolere
433 1551 805 1611 stomachum.
851 1560 1086 1606 aestuare
1134 1551 1382 1609 febribus
1419 1552 1792 1622 ceperimus,

193 1654 479 1716 perpetua:
502 1644 630 1698 vita:
659 1643 958 1714 ingressuri
983 1643 1207 1714 ianuam
1237 1646 1489 1701 morbum
1516 1654 1791 1717 putemus.

192 1825 429 1898 tabulas]
458 1827 796 1892 consulatus,
837 1830 1121 1897 repentina
1147 1837 1324 1886 morte
1353 1831 1615 1885 subtracti
1644 1841 1796 1886 sunt.

267 1922 408 1989 Quid
437 1937 568 1993 ergo
592 1922 973 1979 desideramus
1010 1925 1225 1979 urbium
1262 1924 1666 1996 frequentiam,
1705 1930 1799 1996 qui

190 2013 265 2070 de
290 2014 670 2085 singularitate
696 2016 1025 2071 censemur?
1055 2016 1191 2071 mihi
1218 2017 1364 2072 enim
1388 2016 1649 2087 oppidum
1678 2032 1801 2073 car-

196 2122 318 2168 cer.
357 2116 414 2162 et
450 2106 692 2162 solitudo
722 2108 1005 2176 paradisus
1027 2119 1134 2165 est.
1167 2108 1520 2165 Smcularium
1552 2125 1797 2180 quoque,

196 2199 442 2255 maxime
467 2208 746 2268 potentum
768 2200 1039 2256 consortia
1059 2201 1260 2256 devita.
1286 2200 1425 2267 Quid
1449 2201 1548 2256 tibi
1570 2216 1800 2258 necesse

198 2300 289 2346 cst
338 2291 429 2345 illa
462 2292 664 2361 saepius
695 2292 915 2357 videre,
960 2309 1192 2362 quorum
1235 2302 1559 2362 contemptu
1600 2310 1797 2350 mona-

191 2386 331 2441 chus
357 2401 482 2442 esse
525 2386 787 2456 coepisti?
826 2385 961 2443 Nam
990 2387 1318 2443 monachum
1355 2387 1597 2444 solitudo
1638 2388 1795 2456 facit,

192 2496 305 2536 non
347 2481 651 2547 publicum.

823 2552 1053 2610 CAPUT
1084 2553 1174 2609 IX.

598 2646 678 2700 De
704 2648 935 2716 pericula
972 2645 1101 2702 Vita:
1127 2646 1401 2713 solitart‘w.

267 2758 512 2814 Ilonachi
534 2761 695 2815 etiam
726 2776 867 2817 nunc
890 2776 1071 2818 mores
1099 2762 1443 2832 discutimus,
1478 2765 1573 2835 qui
1603 2765 1794 2836 iugum

191 2850 396 2907 Christi
426 2852 571 2908 collo
616 2867 718 2908 suo
749 2855 1029 2924 imposuit.
1066 2855 1419 2927 Primumque
1454 2860 1795 2914 tractandum

192 2954 301 3008 est,
334 2956 516 3000 utrum
546 2947 716 3013 solus,
751 2963 819 3002 an
844 2963 967 3003 cum
995 2949 1118 3003 aliis
1149 2950 1203 3004 in
1246 2952 1584 3006 monasterio
1614 2953 1797 3008 vivere

191 3036 417 3093 debeas.
451 3037 581 3093 Mihi
614 3038 796 3108 placet
824 3049 882 3093 ut
923 3039 1125 3095 habeas
1156 3049 1469 3096 sanctorum
1504 3045 1797 3100 contuber-

1856 1662 1859 1665 ⁷
1897 1658 2115 1698 1811111118
2170 1660 2185 1698 2

196 1658 479 1716 perpetua:
502 1658 630 1698 vute
659 1658 958 1714 ingressuri
983 1659 1207 1714 ianuam
1237 1658 1489 1701 morbum
1516 1658 1791 1717 putemus.
1856 1662 1859 1665 '
1894 1658 1967 1711 let

196 1736 406 1803 Quanti
427 1737 570 1791 enim
604 1736 656 1790 in
692 1736 887 1792 mediis
913 1737 1132 1807 opibus,
1173 1748 1230 1793 et
1267 1741 1407 1794 inter
1435 1739 1634 1797 infulas
1679 1741 1788 1813 [ΑΙ.
1826 1743 1876 1804 Β
1899 1736 1967 1803 sit

1904 439 2151 503 litudiue.
2182 458 2306 513 quae
2331 452 2519 499 exusta
2552 443 2688 499 solis
2721 442 3029 513 ardoribus,
3078 446 3355 502 horridum
3379 460 3497 503 tne-

1905 531 2096 587 nachis
2120 542 2344 603 praesum
2379 534 2748 591 habitaculum
2785 552 2798 588 :
2832 536 3084 604 putabam
3114 553 3203 594 me
3233 539 3496 595 Roturnis

1907 626 2171 683 interesse
2192 626 2421 683 deliciis.
2458 626 2730 683 Sedebam
2762 627 2911 682 solus
2937 646 2949 681 :
2983 629 3109 697 quia
3138 631 3500 685 amaritudine

1907 719 2151 788 repletus
2175 735 2349 774 eram.
2383 720 2689 775 Horrebam
2723 734 2886 775 sacco
2922 720 3169 775 membra
3192 720 3495 777 deformia:

1907 821 1963 867 et
1986 813 2232 884 squalida
2261 814 2406 869 cutis
2434 813 2594 869 situm
2618 812 2943 884 Ethiopian
2966 814 3146 869 carnis
3174 814 3498 870 obduxerat.

1907 907 2159 976 Quotidie
2202 908 2473 983 gemitus:
2521 917 2575 962 et
2620 908 2667 962 si
2713 907 2929 978 quando
2974 922 3061 962 me
3093 917 3497 978 repugnantem

1907 1013 2131 1053 somnus
2158 997 2453 1053 imminens
2482 998 2865 1069 oppressisset,
2896 997 3038 1052 nuda
3066 997 3231 1052 immo
3258 998 3347 1052 vix
3375 1011 3499 1052 ossa

1906 1092 2169 1147 haerentia
2206 1092 2560 1147 collidebam.
2604 1093 2678 1147 De
2716 1092 2853 1149 cibis
2888 1107 3018 1149 vero
3048 1102 3104 1148 et
3136 1102 3263 1163 potu
3298 1102 3452 1148 taceo
3482 1108 3501 1146 :

1902 1196 2025 1236 cum
2048 1184 2210 1238 etiam
2229 1184 2546 1254 languentes
2575 1185 2825 1240 monachi
2853 1187 2927 1241 ibi
2956 1201 3096 1256 aqua
3114 1185 3306 1257 frigida
3339 1196 3498 1243 utan-

1904 1282 1990 1325 tur
2028 1289 2044 1326 :
2083 1281 2374 1328 etcoctum
2406 1274 2609 1344 aliquid
2640 1275 2947 1343 accepisse,
3000 1278 3216 1331 luxuria
3256 1277 3350 1331 sit.
3404 1277 3503 1333 illa

1902 1364 2064 1432 igitur
2089 1377 2211 1434 ego,
2242 1365 2333 1434 qui
2361 1364 2430 1419 ob
2455 1365 2723 1434 gehennae
2755 1374 2959 1420 metum
2983 1407 2998 1432 ,
3026 1367 3126 1421 tali
3156 1381 3245 1423 me
3279 1381 3502 1423 carcere

1899 1453 2302 1520 damnaverant,
2333 1456 2681 1525 scorpionum
2706 1465 2913 1512 tantum
2942 1458 3122 1513 socius
3141 1470 3194 1513 et
3224 1458 3490 1523 ferarum,

1899 1564 2045 1618 smpe
2088 1549 2279 1606 choris
2337 1551 2629 1606 intereram
2683 1554 3006 1619 puellarum.
3063 1551 3347 1607 Pallebant
3390 1567 3494 1607 ora

2256 1654 2313 1699 et
2370 1659 2525 1698 mens
2589 1644 2876 1699 desideriis
2937 1647 3202 1700 testuabat
3282 1646 3339 1700 in
3400 1646 3498 1699 fri-

1899 1735 2027 1803 gido
2064 1749 2297 1805 corpore
2328 1752 2342 1789 :
2372 1743 2429 1790 ct
2465 1748 2590 1790 ante
2647 1736 2923 1792 hominem
2968 1752 3127 1791 suum
3167 1737 3279 1807 iam
3326 1751 3496 1794 carae

1908 1835 2234 1894 praemortua
2270 1869 2285 1893 ,
2342 1813 2460 1880 sola
2535 1827 2817 1882 libidinum
2868 1828 3118 1883 incendia
3169 1829 3491 1884 bulliebant.

1866 1914 2087 1985 itaque
2142 1917 2290 1971 omni
2345 1917 2545 1972 auxilio
2594 1918 2887 1973 destitutus
2940 1919 3010 1974 ad
3072 1920 3201 1974 Jesu
3245 1921 3495 1991 iacebam

1903 2008 2086 2076 pedes,
2140 2009 2381 2079 rigabam
2432 2012 2711 2082 lacrymis,
2768 2013 2923 2066 crine
2974 2013 3274 2083 tergebam,
3323 2030 3487 2083 repur-

1900 2111 2155 2168 gnantem
2180 2116 2400 2156 carnem
2424 2100 2891 2158 hebdomadarum
2912 2103 3095 2159 inedia
3110 2105 3494 2175 subiugabam.

1900 2191 2021 2267 Non
2074 2193 2347 2248 erubesco
2388 2192 2496 2265 [Αἰ.
2548 2194 2881 2268 depudesco]
2929 2196 3264 2251 infelicitatis
3330 2212 3492 2261 mea,

1902 2288 2028 2355 quin
2060 2286 2241 2355 potius
2274 2290 2469 2358 plango
2496 2303 2583 2343 me
2612 2304 2719 2343 non
2743 2304 2865 2344 esse
2889 2290 3034 2361 quod
3063 2288 3284 2345 fuerim.
3308 2290 3502 2345 Memi~

1900 2380 1953 2432 tti
1988 2393 2074 2433 me
2102 2380 2455 2447 clamantem,
2496 2390 2551 2435 et
2575 2381 2721 2436 diem
2750 2382 2947 2440 crebro
2974 2382 3221 2453 iunxisse
3252 2398 3375 2438 cum
3398 2398 3497 2438 ne.

1899 2482 2007 2535 etc,
2037 2486 2140 2527 nec
2170 2472 2318 2540 prius
2347 2487 2377 2525 a
2412 2474 2653 2542 pectoris
2674 2488 2924 2529 cessasse
2954 2476 3299 2542 verberibus,
3334 2491 3496 2547 quam

1902 2563 2125 2627 rediret,
2162 2564 2391 2619 Dotniuo
2442 2564 2758 2636 increpante
2808 2565 2916 2638 [ΑΙ.
2971 2567 3296 2640 imperante]
3346 2580 3495 2623 trano

1903 2658 2164 2726 quillitas.
2189 2659 2365 2728 Ipsam
2388 2674 2606 2731 quoque
2634 2660 2891 2715 cellulam
2925 2662 3081 2730 quasi
3106 2662 3501 2732 cogitationum

1901 2765 2143 2805 mearum
2185 2754 2464 2806 consciam
2495 2754 2974 2820 pertimescebam,
3000 2766 3056 2808 et
3098 2754 3353 2809 mihimet
3383 2754 3497 2809 ira-

1898 2853 1985 2897 tus
2002 2854 2057 2897 et
2083 2843 2308 2913 rigidus,
2331 2844 2483 2900 solus
2505 2845 2724 2901 deserta
2747 2848 3121 2915 penetrabam.
3150 2847 3337 2903 Sicubi
3363 2862 3497 2903 cona-

1898 2950 2029 2990 cava
2078 2938 2318 3002 vallium,
2366 2953 2557 3008 aspera
2605 2940 2906 3004 montium,
2950 2942 3169 3009 rupium
3218 2951 3494 3013 prarupta

1900 3029 2216 3098 cernebam,
2249 3031 2321 3085 ibi
2369 3046 2506 3087 mete
2557 3043 2678 3087 erat
2724 3033 2997 3088 orationis
3042 3033 3216 3096 locus.
3245 3035 3319 3089 ibi
3358 3034 3495 3091 illud

192 3133 379 3198 nium,
423 3146 493 3188 ne
537 3133 744 3203 absque
785 3134 1012 3189 ducum,
1052 3134 1379 3205 ingrediaris
1425 3137 1599 3204 viam,
1630 3152 1793 3208 quam
1823 3120 1870 3184 C
1901 3122 2245 3177 miserrimae
2269 3125 2452 3179 carnis
2488 3126 2816 3196 ergastulum
2842 3126 3182 3181 co!locabam
3216 3126 3326 3199 [AL
3353 3136 3493 3182 tacet

192 3240 489 3293 numquam
519 3224 797 3297 ingressus
814 3241 912 3281 es:
942 3226 1237 3296 statimque
1258 3227 1358 3282 tibi
1386 3228 1440 3282 in
1472 3237 1681 3297 partem
1708 3230 1792 3284 al-

194 3326 368 3372 teram
398 3315 778 3373 declinaudum
800 3320 890 3386 sit,
916 3327 972 3374 et
997 3318 1173 3375 errori
1203 3328 1414 3389 pateas,
1445 3320 1678 3389 plusque
1701 3330 1796 3376 aut

192 3412 377 3466 minus
406 3409 654 3465 ambules
694 3425 859 3481 quam
885 3424 1110 3466 necesse
1140 3418 1264 3466 est:
1290 3420 1347 3466 et
1374 3425 1604 3466 currens
1626 3411 1797 3467 lasse-

196 3503 305 3569 ris,
334 3517 654 3573 moramque
683 3503 885 3559 faciens
917 3503 1255 3559 obdormias.
1288 3503 1347 3559 In
1384 3503 1680 3559 solitudine
1720 3504 1795 3558 si-

196 3607 279 3663 to,
318 3596 568 3666 subrepit
593 3596 869 3666 superbia.
916 3595 983 3650 Et
1026 3596 1072 3651 si
1105 3610 1398 3666 parumper
1424 3596 1792 3665 ieiunaverit,

196 3690 584 3759 hominemque
612 3705 721 3743 non
751 3688 970 3752 viderit,
1002 3697 1155 3753 putat
1181 3704 1242 3744 se
1270 3688 1501 3757 alicujus
1531 3703 1655 3744 esse
1686 3703 1794 3741 mo—

194 3781 387 3837 menti.
416 3780 735 3851 Ohlitusque
778 3782 864 3835 sui
915 3782 1088 3845 unde,
1131 3791 1320 3849 etquo
1363 3780 1614 3836 venerit:
1643 3780 1792 3836 intus

196 3875 382 3939 corde,
418 3872 551 3928 foris
594 3864 770 3943 lingua
794 3884 1041 3944 vagatur.
1073 3872 1290 3928 .ludicat
1314 3882 1506 3928 contra
1530 3873 1787 3927 volunta-

197 3980 307 4026 tem
329 3969 577 4038 Apostoli
600 3968 808 4022 alienos
836 3982 1023 4021 servos
1052 3966 1154 4038 [AL
1192 3965 1369 4038 suos].
1397 3966 1516 4034 Quo
1542 3966 1666 4037 gula
1699 3982 1798 4036 po-

198 4062 464 4133 poscerit,
491 4060 722 4130 porrigit
753 4074 979 4113 manus:
1013 4058 1213 4112 dormit
1246 4069 1510 4127 quantum
1534 4058 1789 4125 voluerit,

197 4154 478 4209 neminem
509 4161 726 4206 veretur
764 4170 776 4204 ε
810 4165 1002 4206 omnes
1041 4166 1103 4205 se
1134 4149 1422 4205 inferiores
1464 4158 1648 4220 putat,
1673 4166 1797 4206 cre-

200 4246 467 4315 briusque
493 4243 546 4297 in
576 4244 802 4297 urbibus
823 4258 983 4312 quam
1008 4244 1059 4297 iu
1084 4242 1275 4299 cellula
1301 4251 1387 4299 est
1416 4258 1431 4297 :
1462 4245 1676 4299 etinter
1693 4243 1796 4298 fra-

200 4348 312 4394 tres
334 4336 559 4394 simulat
587 4336 969 4392 verecundiam
996 4337 1089 4408 qui
1112 4336 1410 4407 platearum
1439 4338 1616 4392 turbis
1636 4337 1797 4392 colli~

200 4434 368 4487 ditur.

1899 3213 2264 3287 collocabam]
2292 3234 2305 3269 :
2329 3226 2408 3283 et,
2441 3225 2501 3270 ut
2546 3218 2677 3272 tttihi
2710 3218 2867 3273 testis
2911 3228 2996 3273 est
3044 3218 3336 3284 Dominus,
3368 3228 3497 3288 post

1898 3310 2097 3363 multas
2123 3308 2416 3379 lacryntas,
2435 3318 2558 3379 post
2578 3311 2722 3367 cmlo
2742 3311 2933 3367 oculos
2962 3310 3320 3377 inhaerentes,
3352 3326 3496 3367 non-

1899 3414 2191 3470 numquam
2224 3399 2451 3455 vidcbar
2478 3400 2614 3456 mihi
2643 3403 2910 3458 interesse
2928 3402 3243 3471 agminibus
3268 3402 3495 3473 angelo.

1897 3507 2041 3555 rum,
2072 3500 2130 3547 et
2174 3491 2331 3547 laetus
2379 3492 2735 3562 gaudensque
2787 3493 3285 3549 cantabam:Poat
3339 3505 3387 3548 te
3437 3495 3496 3549 in

1899 3583 2110 3638 odorem
2136 3592 2521 3655 unguentorum
2548 3595 2757 3639 tuorum
2786 3601 3062 3641 curramus
3096 3588 3323 3659 (ϐωμία.
3349 3604 3389 3657 1,
3422 3589 3504 3661 5).

1972 3675 2155 3729 Dicam
2184 3684 2241 3729 et
2267 3674 2413 3729 aliud
2441 3675 2586 3745 quod
2618 3677 2672 3731 in
2716 3676 2955 3749 [Egypto
2978 3677 3229 3736 viderim.
3270 3679 3385 3737 Gra
3398 3695 3502 3738 cus

1897 3777 2014 3822 erat
2044 3766 2368 3823 adolescens
2391 3768 2443 3822 iu
2477 3768 2729 3824 coenobio
2750 3810 2765 3835 ,
2813 3770 2904 3840 qui
2936 3772 3082 3827 nulla
3108 3773 3446 3831 continentia
3475 3816 3494 3844 ,

1900 3858 2046 3913 nulla
2078 3859 2258 3929 operis
2299 3860 2701 3931 magnitudine,
2740 3861 3011 3917 llatumam
3052 3866 3236 3920 carnis
3287 3876 3498 3936 poterat

1900 3954 2266 4023 exstinguere.
2320 3953 2470 4008 Hunc
2516 3964 2670 4024 pater
2701 3956 3015 4013 monasterii
3063 3961 3497 4029 periclitantem,

1902 4050 2003 4105 hac
2046 4058 2163 4103 arte
2214 4050 2475 4105 servavit.
2528 4049 2762 4121 Imperat
2790 4053 2908 4107 v'rro
2956 4053 3171 4109 cuidam
3220 4056 3407 4124 gravi.
3440 4066 3502 4112 ut

1896 4142 2093 4213 iurgiis
2106 4152 2267 4212 atque
2293 4142 2556 4198 conviciis
2580 4144 2938 4199 insectaretur
2960 4147 3236 4201 hominem
3264 4162 3279 4200 :
3304 4154 3360 4200 ct
3382 4157 3505 4215 post

1903 4236 2193 4307 irrogatam
2221 4236 2497 4306 iniuriam,
2522 4237 2729 4309 primus
2748 4238 2959 4295 veniret
2983 4240 3050 4294 ad
3076 4240 3498 4307 querimoniam.

1905 4328 2092 4384 Vocati
2121 4336 2307 4395 testes,
2344 4344 2442 4399 pro
2472 4346 2539 4386 eo
2568 4330 2953 4402 loquebantur,
2983 4333 3075 4403 qui
3106 4332 3498 4389 contumeliam

1904 4424 2126 4479 fecerat.
2159 4423 2318 4481 Flere
2346 4425 2437 4481 ille
2474 4436 2665 4482 contra
2695 4427 3040 4482 mendacium
3093 4428 3277 4498 coepit.
3334 4427 3500 4484 Solus

272 4522 413 4590 Quid
441 4521 649 4593 igitur?
676 4521 975 4577 solitariam
998 4522 1162 4576 vitam
1185 4520 1670 4591 reprehendimus?
1699 4523 1798 4579 Mi-
1821 4516 1877 4578 Ι)
1905 4532 2056 4591 pater
2080 4522 2451 4579 defensionem
2497 4539 2649 4579 suam
2699 4524 2893 4580 callide
2937 4540 3220 4594 opponere
3245 4524 3454 4580 studuit
3481 4543 3498 4582 :

203 4619 371 4682 nime,
402 4616 605 4687 quippe
633 4631 794 4687 quant
822 4631 970 4685 stupe
1014 4616 1371 4680 laudavimus,
1402 4617 1531 4672 licet
1566 4628 1625 4672 ut
1650 4633 1793 4687 prm-

200 4712 377 4767 fertur
402 4710 652 4766 solitaria
681 4710 791 4763 vita
835 4708 1140 4779 periculosa
1172 4718 1255 4765 est
1283 4726 1298 4763 :
1330 4724 1400 4764 ne
1439 4710 1700 4765 abstracti
1726 4712 1799 4767 ab

201 4802 487 4857 hominum
517 4801 842 4872 frequentia,
884 4800 1121 4855 sordidis
1151 4809 1208 4856 et
1238 4801 1421 4872 impiis
1449 4802 1797 4871 cogitationi-

202 4895 306 4950 bus
334 4903 551 4963 pateant
580 4912 591 4947 :
619 4903 674 4948 et
698 4893 844 4962 pleni
868 4892 1181 4963 arrogantia
1223 4902 1276 4948 et
1308 4893 1585 4963 supercilii
1606 4937 1620 4961 ,
1654 4909 1799 4950 cun-

204 4995 325 5041 ctos
345 4985 665 5054 despiciant,
687 4995 1011 5057 armentque
1034 4985 1245 5055 linguas
1274 4999 1424 5051 suas,
1451 4987 1535 5040 vel
1557 4986 1799 5054 clericis,

205 5079 290 5134 vel
321 5080 603 5134 monachis
631 5078 989 5134 detrahendo.
1014 5078 1123 5134 Sed
1157 5078 1228 5134 de
1268 5078 1397 5133 ludo
1432 5080 1798 5134 monasterio-

204 5188 326 5225 rum
356 5172 609 5227 volumus
650 5170 962 5241 huiusmodi
995 5172 1179 5242 egredi
1214 5171 1434 5237 milites,
1461 5185 1597 5241 quos
1628 5172 1801 5227 eremi

205 5262 341 5317 dura
365 5263 669 5317 rudimenta
694 5278 799 5317 non
832 5273 1071 5318 terreant
1090 5280 1106 5321 :
1124 5264 1216 5334 qui
1238 5264 1517 5333 specimen
1540 5262 1647 5336 [AL
1672 5278 1799 5334 spe-

205 5354 365 5425 ciem]
413 5355 849 5409 conversationis
886 5371 997 5409 sua:
1043 5356 1481 5426 multotempore
1512 5356 1800 5412 dederint:

205 5446 301 5516 qui
328 5447 573 5501 omnium
620 5446 821 5501 fuerint
856 5448 1096 5514 minimi,
1141 5456 1200 5502 ut
1237 5448 1394 5518 primi
1434 5449 1676 5505 omnium
1709 5449 1804 5505 lie-

206 5548 351 5603 rent,
383 5554 522 5609 quos
560 5554 661 5593 nec
691 5539 901 5595 esuries
938 5540 1260 5610 aliquando,
1303 5556 1404 5597 nec
1425 5544 1683 5598 saturitas
1710 5559 1805 5598 su-

208 5630 423 5701 peravit
453 5650 464 5685 :
498 5630 589 5700 qui
630 5640 947 5701 paupertate
976 5633 1229 5690 laetantur
1262 5651 1276 5688 :
1309 5651 1543 5706 quorum
1566 5636 1804 5709 habitus,

212 5738 419 5797 sermo,
453 5724 662 5795 vultus,
688 5724 933 5785 incessus
958 5725 1207 5786 doctrina
1232 5728 1493 5788 virtutum
1520 5738 1627 5789 est.

1905 4632 1975 4672 ne
1986 4618 2361 4674 abundantiori
2378 4619 2592 4675 tristitia
2607 4619 2987 4675 absorberetur
3002 4618 3186 4674 frater.
3205 4618 3343 4686 Quid
3358 4618 3501 4674 tnul»

1908 4711 1996 4765 ta?
2025 4711 2100 4766 Ita
2130 4726 2303 4766 annus
2332 4710 2529 4767 doetus
2552 4722 2637 4767 est
2669 4729 2683 4763 :
2711 4726 2820 4783 quo
2851 4710 3089 4780 expleto,
3136 4711 3502 4780 interrogatus

1906 4802 2245 4863 adolescens.
2275 4819 2440 4869 super
2469 4803 2892 4873 cogitationibus
2919 4801 3191 4869 pristinis,
3225 4817 3293 4857 an
3321 4802 3503 4861 adhuc

1907 4896 2173 4951 molestia:
2202 4894 2408 4963 aliquid
2462 4895 2755 4949 sustineret
2794 4910 2809 4950 :
2845 4894 3003 4961 Papae
3032 4933 3048 4957 ,
3094 4893 3267 4963 inquit
3298 4937 3314 4962 ,
3368 4895 3507 4953 mihi

1907 4989 2090 5042 virere
2146 5001 2253 5039 non
2302 4986 2428 5039 licet
2459 5027 2475 5049 ,
2528 4996 2583 5041 et
2629 4984 2881 5039 fornicari
2913 4984 3109 5041 libeat?
3145 4984 3244 5041 Hic
3272 4987 3319 5042 si
3348 4988 3505 5046 solus

1908 5080 2119 5145 fuisset,
2144 5092 2250 5147 quo
2278 5076 2526 5143 adiutore
2548 5077 2894 5145 superasset?
2915 5074 3054 5131 Sunt
3078 5078 3222 5133 enim
3249 5079 3505 5137 meliores

1908 5171 2016 5226 duo
2047 5184 2206 5240 quam
2236 5183 2400 5234 unus,
2448 5176 2506 5223 et
2544 5169 2587 5222 si
2618 5168 2756 5223 alter
2781 5167 3069 5239 ceciderit,
3098 5170 3166 5225 ab
3190 5172 3365 5228 altero
3394 5171 3504 5229 fulv

1908 5264 2105 5318 cietur.
2152 5260 2449 5315 Funiculus
2503 5260 2697 5330 triplex
2754 5274 2861 5314 non
2910 5259 3069 5317 facile
3117 5265 3508 5335 rumpiturzot

1909 5358 2082 5414 frater
2104 5357 2326 5412 fratrem
2354 5353 2617 5423 adiuvans
2646 5355 2993 5411 exaltabitur.

1979 5450 2100 5506 Vidi
2125 5465 2225 5521 ego
2262 5447 2563 5519 quosdam,
2591 5450 2702 5519 qui,
2740 5458 3023 5520 postquam
3049 5447 3501 5504 renuntiaverunt

1905 5547 2126 5610 sarculo,
2159 5543 2492 5600 vestimentis
2536 5543 2837 5611 dumtaxat,
2873 5552 2929 5600 et
2968 5543 3119 5600 vocis
3149 5544 3512 5615 promissione

1908 5637 2017 5711 [Αι.
2049 5635 2414 5710 professione]
2439 5682 2453 5707 ,
2483 5653 2591 5695 non
2624 5639 2785 5695 rebus
2813 5681 2829 5712 ,
2858 5635 2993 5695 nihil
3023 5642 3092 5694 de
3119 5638 3348 5709 pristina
3378 5653 3515 5700 com

1911 5732 2218 5794 versatione
2244 5741 2546 5798 mutarunt.
2575 5732 2685 5796 Res
2720 5732 3004 5796 familiaris
3024 5740 3186 5797 aucta
3208 5746 3374 5809 quam
3408 5728 3515 5796 Μ*
