4030 6326
507 234 614 310 διδ

1547 236 1604 292 S.
1650 235 2032 292 illERUNYMl
2070 234 2356 292 UI’ERUM
2398 232 2771 292 MANTlSSA.

3713 234 3817 293 διδ

507 354 738 410 minuta.
778 351 979 408 Eadem
1006 350 1307 408 ministeria
1345 353 1732 417 servulorum,
1766 351 1905 408 idem
1937 365 2103 420 appa-
2132 361 2190 421 Α
2213 351 2307 414 ris,
2334 359 2426 402 aut
2453 349 2597 403 aliis.
2624 349 2679 404 Si
2701 349 2844 416 aliis,
2870 348 3223 405 convivarum
3251 346 3604 408 offenduntur
3643 352 3819 409 oculi.

508 458 662 503 ratus
697 447 932 503 convivii
967 465 980 500 :
1013 457 1068 501 et
1119 462 1319 502 nomen
1370 445 1473 501 sibi
1527 444 1803 500 vindicant
1855 446 2104 500 solitarii.

507 539 737 609 Quidam
766 538 874 613 [AL
908 537 1034 610 Qui]
1068 553 1196 593 vero
1230 553 1494 605 pauperes
1523 547 1650 593 sunt
1697 547 1751 591 et
1797 539 1945 593 tenui
1973 539 2106 592 sub-

506 632 782 699 stantiola,
809 630 1164 698 videnturque
1189 629 1290 684 sibi
1316 629 1470 684 scioli
1496 647 1510 683 :
1538 645 1857 698 pomparum
1887 629 2109 685 ferculis

504 724 712 781 similes
741 722 1120 794 proceduutiu
1170 722 1478 791 publicum,
1537 732 1596 778 ut
1647 722 1900 778 caninam
1947 736 2108 778 exer-

508 827 667 877 ceant
689 816 1018 874 lacundiam.
2107 881 2109 884 ι

579 911 718 966 Sunt
747 908 909 963 etiam
937 908 1029 980 qui
1061 907 1290 964 humore
1311 907 1630 964 cellularum
1654 949 1668 975 ,
1708 907 2112 964 immoderatis-

503 1015 612 1071 que
643 999 869 1069 jcjuuiis
891 1040 906 1063 ,
942 1000 1106 1054 taedio
1157 999 1506 1067 solitudinis,
1540 1015 1606 1054 ac
1649 1001 1815 1055 niutia
1845 1000 2106 1067 lectione,

505 1093 636 1147 dum
666 1091 861 1146 diebus
889 1107 954 1146 ac
978 1092 1228 1146 noctibus
1250 1094 1474 1148 auribus
1505 1092 1618 1146 suis
1646 1101 1961 1163 personant,
1996 1109 2112 1150 ver-

500 1189 767 1242 tunturin
799 1186 1263 1243 melanctioliam:
1303 1197 1360 1242 et
1412 1185 1759 1254 Hippocratis
1807 1187 1981 1256 magis
2034 1189 2114 1242 fo-

507 1282 711 1338 mentis
737 1297 896 1351 quam
921 1281 1125 1337 nostris
1153 1281 1376 1336 monitis
1407 1279 1674 1350 indigent.
1709 1280 1964 1351 Plerique
1983 1283 2112 1336 arti-

504 1377 611 1435 bus
630 1387 686 1432 et
713 1375 1176 1447 negotiationibus
1205 1375 1454 1445 pristinis
1481 1389 1670 1428 carere
1701 1389 1807 1429 nou
1840 1385 2070 1444 poSsunt
2091 1419 2106 1442 ,

504 1471 842 1542 mutatisque
885 1470 1197 1526 nominibus
1223 1513 1238 1536 ,
1293 1471 1606 1526 institorum
1637 1471 1828 1526 eadem
1853 1480 2114 1526 exercent

507 1566 890 1624 mercimonia.
916 1565 1034 1623 Non
1069 1567 1272 1622 victum
1301 1577 1355 1621 et
1385 1567 1636 1619 vestitum
1659 1605 1673 1630 ,
1701 1564 1846 1634 quod
1875 1567 2110 1634 Aposto-

510 1664 598 1718 lus
621 1661 871 1733 principit
903 1677 919 1716 :
943 1663 1038 1718 sed
1069 1661 1278 1732 majora
1298 1677 1460 1732 quam
1484 1662 1670 1716 saeculi
1699 1661 1947 1717 homines
1969 1677 2115 1718 emt)-

2213 441 2271 496 Si
2301 440 2517 506 iisdem,
2551 442 2688 509 perit
2718 441 3069 496 abstinentia.
3107 441 3262 509 Quod
3296 441 3340 494 si
3369 458 3475 495 non
3509 443 3588 498 ire
3624 443 3820 500 volue-

2214 536 2310 599 ris,
2334 536 2499 590 miser
2527 534 2835 590 comederis
2866 536 2920 590 in
2952 536 3184 604 prandio
3205 536 3272 589 ad
3303 534 3543 606 singulas
3567 553 3823 606 qua-que

2213 629 2452 699 phialas,
2483 642 2539 684 et
2564 629 2631 682 ad
2656 630 2894 684 delibuta
2945 630 3105 685 melle
3152 630 3271 684 vina
3324 630 3606 700 poraberis
3635 649 3649 682 :
3680 632 3823 686 alius

2214 735 2365 780 tuum
2400 724 2608 779 vultmn
2642 725 3003 791 eavillabitur,
3049 725 3141 780 ille
3190 725 3467 781 incessum
3523 726 3820 797 irridebit,

2213 817 2302 872 hic
2353 817 2637 874 habitum:
2672 829 2727 873 et
2781 820 3085 874 imitatores
3142 817 3374 874 forsitan
3445 801 3813 876 Judaiorum:

2213 910 2428 978 Nonne,
2462 912 2730 980 inquient,
2761 912 2850 966 hic
2879 924 2962 968 est
2983 912 3121 967 fabri
3148 912 3336 967 filius?
3376 912 3568 968 Nonne
3617 913 3821 970 fratres

2215 1007 2334 1073 ejus
2363 1003 2470 1077 [AL
2500 1005 2628 1060 add.
2661 1015 2717 1061 et
2740 1005 2982 1078 sorores]
3013 1007 3156 1076 apud
3181 1021 3284 1062 nos
3321 1007 3491 1062 sunt?
3523 1006 3642 1079 Ego
3663 1009 3820 1063 illum

2215 1099 2439 1154 memini
2487 1112 2619 1155 ante
2651 1109 2732 1154 tot
2772 1099 2942 1156 ferme
2983 1115 3157 1155 annos
3196 1100 3326 1154 illud
3371 1099 3567 1156 fecisse
3608 1114 3774 1170 turpe
3803 1145 3820 1167 ,

2215 1193 2423 1249 dixisse
2451 1193 2679 1264 turpius.
2711 1193 2864 1249 Alius
2895 1194 3074 1250 furem
3097 1194 3379 1255 clamabit.
3409 1201 3467 1250 et
3496 1205 3677 1251 tecum
3707 1194 3816 1270 [AL

2217 1286 2516 1360 tumebunt]
2541 1304 2599 1341 se
2621 1287 2849 1343 sceleris
2883 1287 3048 1357 finget
3073 1303 3198 1343 esse
3245 1287 3584 1356 participem.
3621 1288 3820 1343 Umnia

2219 1378 2440 1449 prandia
2471 1383 2674 1449 pariter
2695 1381 3098 1448 consonabant,
3133 1385 3187 1437 in
3215 1389 3268 1436 te
3290 1382 3647 1438 temulentum
3680 1397 3820 1438 con-

2216 1475 2417 1529 vivium
2449 1475 2799 1530 dissolvetur.

2288 1568 2440 1636 Quod
2459 1569 2502 1622 si
2528 1567 2653 1624 ullis
2681 1568 3017 1634 abstinuerit:
3039 1569 3329 1636 carnibus,
3361 1575 3417 1625 et
3456 1583 3566 1625 non
3617 1566 3821 1626 crebro

2219 1662 2409 1719 balnea
2443 1662 2773 1732 frequentes,
2809 1672 2938 1720 tunc
2963 1679 3097 1720 vero
3137 1680 3235 1735 per
3289 1679 3479 1720 onmes
3529 1664 3821 1720 columnas

511 1756 751 1811 luntenta
777 1764 1050 1810 sectantes
1078 1772 1094 1809 :
1127 1763 1183 1809 et
1209 1754 1314 1810 sub
1341 1753 1620 1823 religionis
1648 1753 1807 1808 titulo
1842 1769 2112 1809 exercen-
2145 1751 2187 1810 Β
2215 1755 2496 1810 Manichzci
2541 1757 2726 1810 titulus
2772 1758 3098 1812 ascrihetur.
3143 1759 3203 1814 Si
3247 1761 3527 1815 vo'uerum
3574 1759 3818 1812 edulium

513 1859 606 1904 tur
631 1849 834 1920 iujusta
865 1849 1226 1918 compendia:
1254 1858 1310 1903 et
1339 1851 1511 1902 honor
1540 1847 1836 1902 Christiani
1869 1847 2110 1902 nominis

515 1942 691 2010 magis
718 1939 967 1995 fraudum
1000 1940 1125 1994 facit
1155 1954 1315 2009 quam
1341 1940 1562 2008 patitur.

585 2034 852 2100 Quodque
877 2031 983 2104 [AL
1016 2030 1158 2103 qum]
1183 2032 1344 2100 pudet
1366 2030 1584 2099 dicere,
1615 2029 1710 2086 sed
1742 2045 1967 2086 necesse
1996 2038 2109 2093 est,

511 2137 573 2182 ut
599 2129 788 2182 saltem
817 2129 898 2182 sic
920 2125 985 2180 ad
1018 2136 1260 2180 nostrqu
1293 2127 1683 2180 erubescamus
1709 2125 1972 2190 dedecus,
2011 2140 2110 2193 pu-

512 2218 656 2274 blice
680 2217 1042 2272 extendentes
1071 2232 1268 2272 tnauus
1292 2257 1308 2280 ,
1363 2217 1558 2284 pannis
1603 2231 1794 2271 aurmn
1839 2217 2111 2286 tegimus:

513 2322 570 2365 et
598 2320 787 2366 contra
818 2311 1060 2384 omnium
1089 2311 1403 2382 opinionem
1448 2310 1626 2378 plenis
1657 2310 1893 2366 sacculis
1945 2309 2116 2364 mori-

514 2417 639 2457 mur
659 2402 879 2468 divites,
905 2403 998 2473 qui
1031 2403 1184 2471 quasi
1213 2417 1484 2472 pauperes
1506 2403 1759 2455 viximus.

587 2493 707 2550 Tibi
737 2511 860 2550 cum
889 2496 941 2549 in
966 2496 1304 2552 monasterio
1333 2496 1505 2550 fueris
1525 2537 1538 2560 ,
1571 2499 1674 2550 hoc
1706 2495 1885 2550 facere
1913 2512 2017 2549 non
2047 2495 2112 2550 li-

517 2589 704 2644 cebit:
732 2597 789 2644 et
811 2588 1148 2644 inolescente
1179 2588 1438 2658 paulatim
1479 2590 1876 2643 consuetudine
1908 2631 1923 2654 ,
1971 2590 2115 2659 quod

516 2681 756 2752 primum
781 2681 1067 2752 cogebaris
1095 2682 1237 2736 velle
1263 2680 1510 2750 incipies,
1556 2691 1612 2736 et
1640 2681 1934 2736 delectabit
1961 2692 2012 2736 te
2041 2682 2117 2735 la-

520 2774 623 2827 hor
663 2783 788 2829 tuus
823 2791 835 2825 :
865 2773 1172 2844 oblitusque
1220 2773 1618 2844 prieteritorum
1665 2789 1884 2844 semper
1931 2774 2116 2844 priora

520 2866 824 2921 sectaberis
873 2883 887 2919 :
932 2882 1270 2938 nequaquam
1299 2867 1653 2924 considerans
1696 2868 1823 2940 quid
1867 2870 1955 2922 alii
1990 2869 2115 2923 mali

519 2958 742 3023 faciant,
769 2957 867 3012 sed
892 2960 1019 3029 quid
1067 2959 1194 3014 boni
1225 2969 1279 3012 tu
1306 2959 1486 3014 facere
1517 2959 1740 3015 debeas.
1771 2959 1957 3030 Neque
1979 2957 2116 3015 vero

519 3051 860 3122 peccantium
909 3054 1128 3107 ducaris
1179 3054 1524 3109 multitudine
1552 3073 1566 3109 :
1594 3065 1617 3091 ⁸
1651 3069 1750 3109 nec
1803 3066 1854 3108 te
1886 3071 2117 3124 pereun-

2215 1846 2556 1914 refutaveris,
2584 1857 2639 1902 et
2668 1849 2901 1905 tenellae
2925 1849 3204 1905 columbas
3225 1865 3552 1920 crassusque
3577 1859 3819 1905 turtures

2215 1939 2489 2005 expetenti
2519 1941 2722 2007 gutturi
2756 1939 2944 1996 durior
2981 1941 3237 1997 dominus
3263 1943 3630 2013 denegaveris
3657 1983 3672 2008 ,
3730 1959 3817 1996 sa-

2214 2030 2418 2101 crilegii
2449 2033 2654 2087 crimen
2683 2031 2958 2100 affingitur
2989 2050 3005 2094 :
3039 2035 3330 2105 statimque
3368 2036 3519 2090 aiunt
3545 2052 3558 2088 :
3605 2034 3669 2088 lli
3698 2045 3820 2089 sunt

2217 2123 2306 2193 qui
2339 2133 2646 2179 creatorem
2669 2125 2854 2202 mundi
2906 2127 3296 2182 condemnant.
3351 2126 3409 2182 lu
3444 2143 3576 2182 usus
3606 2140 3822 2184 nostros

2219 2218 2354 2274 facta
2386 2229 2509 2274 sunt
2542 2220 2746 2274 omnia.
2781 2220 3000 2284 Audivi,
3035 2220 3266 2276 Domino
3295 2228 3470 2287 teste,
3514 2239 3626 2276 non
3673 2237 3822 2277 men-

2217 2309 2348 2373 tior,
2393 2310 2680 2380 quemdam
2709 2311 2764 2367 in
2795 2327 2894 2366 sua
2923 2312 3046 2382 gula
3077 2312 3376 2380 disertum,
3421 2329 3544 2368 cum
3602 2329 3821 2370 rumore

2218 2410 2570 2471 cognosceret
2599 2443 2612 2466 ,
2644 2419 2729 2458 me
2757 2403 2894 2458 cibis
2921 2404 3382 2460 esculentioribus
3411 2406 3697 2462 abstinere
3720 2447 3736 2470 .
3767 2421 3824 2460 se

2218 2494 2442 2549 dicere:
2473 2495 2742 2565 Numquid
2773 2497 3051 2565 porcellus
3075 2496 3202 2552 ideo
3231 2497 3403 2553 factus
3429 2507 3514 2553 est
3536 2538 3553 2566 ,
3587 2508 3650 2554 ut
3675 2507 3823 2570 toga-

2222 2597 2306 2642 tus
2334 2587 2388 2642 in
2421 2597 2610 2644 senatu
2639 2590 2966 2644 sententiam
2995 2590 3238 2646 diceret?
3275 2590 3396 2658 Quo
3438 2592 3704 2649 videlicet
3744 2607 3856 2658 me,

2219 2681 2466 2738 stultitia:
2495 2683 2910 2750 condemnaret,
2942 2684 3036 2755 qui
3067 2699 3155 2740 me
3181 2691 3404 2756 putaret
3454 2699 3517 2740 ea
3545 2701 3676 2757 qua:
3702 2693 3824 2742 sunt

2220 2777 2274 2832 in
2304 2791 2435 2831 usus
2459 2788 2640 2832 creata
2673 2794 2781 2833 non
2812 2793 3050 2835 sumi-ere.

2293 2869 2445 2936 Quod
2477 2870 2520 2923 si
2547 2871 2693 2939 pulla
2723 2871 2884 2926 fuerit
2912 2871 3091 2926 tunica
3118 2911 3133 2934 ,
3161 2871 3324 2926 etiam
3380 2872 3820 2941 przetereuntium

2221 2961 2405 3032 digitis
2427 2962 2799 3020 denotaberis.
2830 2965 2906 3018 Ac
2932 2965 3010 3019 sic
3035 2962 3137 3018 nisi
3166 2963 3440 3018 formosus
3462 2963 3639 3020 fueris
3659 3007 3674 3026 .
3703 2981 3826 3020 san-

2220 3067 2344 3110 etus
2367 3070 2490 3110 esse
2518 3071 2623 3109 non
2657 3056 2882 3124 poteris.
2936 3056 3061 3111 llaec
3087 3067 3143 3112 et
3169 3056 3471 3112 istiusmodi
3503 3072 3633 3112 cum
3664 3058 3821 3113 vitam

523 3143 656 3199 tium
687 3145 838 3200 turba
864 3145 1145 3211 sollicitet,
1181 3155 1239 3200 ut
1269 3147 1466 3200 tacitus
1496 3146 1704 3217 cogites
1734 3167 1747 3200 :
1775 3148 1959 3215 Quid?
1986 3163 2114 3218 ergo
2142 3137 2190 3200 C
2221 3147 2465 3203 lacerent
2518 3147 2739 3213 bonam,
2799 3147 2928 3216 quid
2971 3148 3125 3210 facis,
3172 3147 3362 3209 frater,
3391 3150 3442 3203 in
3467 3149 3657 3204 medio
3679 3150 3702 3204 l
3724 3157 3824 3205 Aut

523 3253 715 3294 omnes
744 3239 1020 3309 peribunt,
1071 3242 1161 3310 qui
1193 3241 1244 3294 in
1279 3240 1504 3296 urbibus
1531 3240 1818 3295 habitant?
1872 3242 2010 3296 Ecce
2041 3242 2120 3298 illi

519 3333 779 3390 fruuntur
814 3341 928 3390 suis
979 3336 1147 3390 rebus
1176 3352 1190 3390 :
1226 3336 1537 3391 ministrant
1589 3335 1870 3401 Ecclesiir,
1921 3335 2121 3391 adeunt
2155 3399 2164 3407 _

523 3429 742 3495 balnea,
761 3439 1032 3498 unguenta
1063 3444 1170 3484 non
1189 3437 1454 3499 spernunt
1482 3446 1495 3483 :
1521 3436 1579 3484 et
1597 3439 1772 3483 tamen
1800 3429 1850 3482 iu
1875 3430 2117 3483 omnimn

523 3536 624 3576 ore
652 3532 954 3577 versantur.
979 3521 1060 3577 Ad
1087 3523 1229 3593 quod
1262 3532 1389 3577 ante
1419 3523 1674 3592 l‘eSpOIIdi
1696 3567 1709 3588 ,
1737 3531 1794 3577 et
1815 3538 1956 3577 nunc
1992 3524 2119 3577 bre-

525 3617 667 3669 viter
696 3614 999 3683 respoiideo
1035 3633 1048 3669 :
1081 3615 1139 3670 In
1175 3615 1428 3684 praesenti
1458 3617 1724 3686 opusculo
1765 3630 1870 3671 non
1919 3632 2006 3672 me
2051 3617 2119 3673 de

521 3709 738 3764 clericis
765 3709 1065 3780 diSputaro,
1089 3709 1189 3766 sed
1215 3712 1542 3766 tuouaehum
1573 3713 1867 3768 instruere.

1153 3845 1383 3904 CAPUT
1423 3848 1489 3904 Χ.

837 3939 917 3995 De
938 3939 1181 3997 Pericula
1211 3940 1475 3997 habitandi
1498 3943 1548 3998 in
1578 3944 1805 4002 urbibus.

603 4078 922 4146 Considera,
953 4080 1206 4144 obsecro,
1238 4081 1370 4136 satis
1397 4096 1517 4137 esse
1547 4082 1768 4140 difficile
1791 4084 1967 4140 locum
1999 4084 2120 4140 Ste-

523 4172 688 4241 phani
721 4173 950 4238 implere
971 4173 1057 4228 vel
1086 4172 1276 4240 Pauli,
1302 4183 1357 4231 et
1381 4175 1432 4230 in
1465 4177 1716 4247 angelico
1769 4188 1916 4232 stare
1954 4180 2118 4233 mini-

524 4268 718 4322 sterio.
741 4265 770 4305 ι)
795 4266 1100 4322 Pretiosum
1135 4268 1486 4336 margaritum
1516 4272 1629 4322 cito
1677 4269 1964 4339 fraugEtur,
2013 4270 2120 4324 fra-

525 4369 779 4429 ctumque
809 4358 1096 4413 instaurari
1126 4374 1232 4413 non
1257 4369 1450 4427 potest.
1479 4359 1644 4414 Navis
1666 4363 1915 4431 quamvis
1940 4362 2008 4414 sit
2033 4379 2120 4416 ru-

524 4452 610 4508 dis
637 4461 692 4507 et
709 4451 898 4506 solidis
924 4453 1137 4506 confixa
1163 4451 1352 4519 clavis,
1379 4459 1756 4522 tmnentesque
1784 4455 1978 4509 fluctus
2011 4472 2115 4510 non

2223 3244 2392 3311 vitiis,
2419 3251 2513 3300 aut
2541 3243 2873 3299 anathemati
2902 3243 3043 3298 colla
3073 3243 3391 3308 submittes,
3439 3243 3492 3297 id
3518 3253 3631 3307 est,
3653 3252 3823 3300 secta-

2223 3335 2372 3392 beris
2393 3352 2456 3391 ea
2487 3353 2608 3406 quae
2629 3345 2752 3391 sunt
2779 3337 3008 3391 adversa
3034 3335 3413 3392 continentia).
3440 3340 3548 3391 Aut
3572 3337 3624 3392 si
3653 3338 3822 3393 facere

2223 3427 2489 3494 uolueris,
2527 3439 2773 3499 tempore
2803 3428 2911 3500 [AL
2944 3427 3083 3502 ipse]
3111 3428 3480 3484 damnahciis.

2294 3521 2660 3576 Prrctermiuo
2687 3523 2908 3577 crebras
2937 3521 3300 3576 salutationes
3322 3563 3337 3582 .
3397 3521 3664 3591 obsequia
3713 3537 3822 3579 ma.

2223 3623 2526 3680 trmrarum,
2560 3617 2850 3683 variasque
2877 3613 3197 3678 illecebras,
3235 3613 3434 3684 quibus
3480 3615 3653 3670 etiam
3695 3615 3819 3683 rigi-

2223 3709 2430 3764 dissimi
2463 3707 2780 3760 molliuntur
2812 3704 2919 3778 [AL
2952 3705 3080 3760 add.
3111 3705 3322 3778 animi],
3351 3721 3474 3760 cum
3503 3717 3557 3761 et
3590 3707 3819 3762 Sirenum

2222 3810 2386 3856 cantu
2416 3799 2481 3854 ad
2511 3799 2790 3869 naufragia
2819 3794 3226 3867 pertrahuntur.
3269 3798 3422 3853 Nunc
3465 3806 3650 3852 autem
3695 3796 3814 3852 illud

2223 3894 2463 3957 affirmo,
2495 3891 2638 3962 quod
2667 3891 2836 3946 etiam
2866 3891 2913 3945 si
2947 3893 3046 3944 ista
3077 3906 3184 3946 non
3211 3879 3424 3956 essent:
3445 3885 3511 3945 ad
3538 3905 3819 3959 campara-

2225 3987 2423 4042 tionem
2456 3995 2638 4040 tamen
2683 3986 2914 4055 ingentis
2957 3984 3122 4050 boni,
3163 3985 3372 4054 majora
3414 3984 3530 4056 [AL
3577 3982 3815 4052 minora]

2221 4079 2473 4137 deserere
2487 4077 2739 4134 deberes.
2755 4079 2891 4132 Cum
2917 4078 3058 4133 enim
3086 4086 3233 4132 tanta
3260 4080 3560 4148 reperimus
3580 4080 3634 4133 in
3651 4078 3811 4134 caalo:

2223 4188 2386 4246 parva
2435 4181 2489 4226 et
2513 4173 2714 4227 caduca
2767 4186 2868 4226 nos
2911 4170 3172 4238 quaesisse
3220 4169 3502 4226 doleamus
3550 4173 3602 4224 in
3655 4182 3808 4224 terra.

2223 4267 2464 4324 Ambitio
2487 4282 2736 4336 namque,
2770 4267 3031 4334 potentia.
3064 4266 3379 4336 magnitudo
3409 4266 3594 4333 urbis,
3649 4265 3809 4319 videri

2223 4370 2278 4416 et
2297 4360 2504 4426 videre,
2527 4360 2766 4414 salutare
2791 4369 2847 4413 et
2877 4359 3130 4425 salutari,
3161 4357 3416 4424 laudare,
3448 4359 3532 4414 vel
3563 4357 3807 4414 detrahe-

2225 4469 2306 4522 re,
2343 4455 2424 4507 vel
2456 4453 2664 4516 audire,
2699 4453 2785 4506 vel
2831 4452 3079 4522 proloqui
3115 4493 3128 4514 ,
3181 4465 3236 4508 et
3282 4461 3488 4506 tantam
3537 4451 3806 4530 hominum

523 4544 747 4609 sentiat,
771 4546 902 4608 cito,
935 4543 980 4599 si
1013 4543 1318 4613 periculose
1343 4545 1573 4614 navigat,
1602 4536 1904 4614 perforatur
1929 4565 1944 4612 ;
1969 4558 2022 4602 et
2049 4548 2115 4600 li-
2143 4533 2197 4594 D
2221 4547 2523 4616 frequentia
2551 4545 2740 4599 saltem
2774 4545 3004 4600 invitum
3030 4543 3152 4616 [AL
3185 4555 3288 4599 lac.
3313 4545 3510 4598 saltem
3563 4537 3806 4606 invituml

520 4649 612 4694 cet
649 4637 824 4710 plenis
851 4637 1029 4692 ventis
1079 4636 1345 4691 lucrosius
1373 4637 1439 4690 ad
1481 4648 1660 4705 Optata
1699 4642 2010 4706 perveniat:
2040 4653 2120 4693 ta-

521 4749 645 4789 men
671 4733 842 4801 magis
880 4745 1073 4786 secura
1101 4739 1224 4784 sunt
1249 4745 1370 4799 qua:
1394 4741 1448 4784 ct
1498 4732 1786 4802 tranquilla
1840 4745 1985 4790 sunt.
2049 4737 2117 4791 Et

518 4824 764 4895 apertius
794 4824 1004 4892 loquar,
1039 4820 1157 4891 plus
1187 4829 1264 4889 te,
1296 4821 1438 4890 (ιιιυό
1471 4821 1624 4884 dicis,
1662 4823 1862 4878 habere
1907 4842 2118 4881 mercc-

519 4917 667 4978 dem,
700 4914 749 4970 si
791 4915 847 4969 in
875 4914 1051 4968 media
1083 4913 1214 4968 urbe
1243 4916 1549 4968 consistens
1579 4925 1600 4952 ο
1629 4915 1929 4970 monachus
1961 4918 2115 4972 \lcli-

516 5019 640 5073 tos;
689 5018 745 5063 et
764 5017 892 5064 sunt
934 5023 1062 5064 vera
1112 5024 1232 5079 qua:
1276 5007 1453 5073 dicis,
1497 5007 1593 5064 sed
1646 5025 1753 5064 nou
1803 5020 1909 5065 tam
1955 5012 2110 5068 facile

515 5100 804 5170 explentur
833 5117 996 5170 opere
1023 5117 1184 5172 quam
1216 5101 1383 5157 dicto.
1413 5101 1549 5157 Nam
1599 5102 1646 5158 si
1686 5104 1883 5174 aliquis
1933 5114 1985 5160 te
2039 5106 2109 5162 de

515 5193 869 5266 optimatibus
897 5195 1174 5248 invitetnd
1202 5194 1508 5262 prandium,
1539 5205 1692 5250 certe
1743 5208 1834 5250 aut
1871 5197 2107 5253 eundum

511 5297 620 5359 est,
645 5297 740 5343 aut
767 5286 1090 5356 negandum.
1122 5285 1179 5341 Si
1205 5286 1330 5342 ieris
1349 5332 1362 5356 ,
1407 5292 1502 5343 aut
1531 5288 1722 5345 iisdem
1753 5289 1892 5344 cibis
1922 5304 2108 5346 vesce-

578 5479 606 5506 ‘
639 5467 794 5538 Apud
819 5467 1064 5522 Ruheum
1095 5468 1240 5532 Izaee,
1271 5482 1362 5521 nec
1387 5475 1434 5520 te
1457 5468 1783 5539 pereuntium
1813 5469 1964 5523 turba
1995 5469 2094 5522 sol-

507 5542 688 5604 licitet,
715 5540 1116 5595 desiderantur.

574 5609 604 5650 δ
636 5612 712 5666 Ex
748 5613 907 5675 epist.
957 5613 1099 5663 inter
1142 5607 1517 5676 supposititias
1567 5609 1732 5664 relata
1775 5611 1842 5664 ad
1906 5611 2100 5666 Praesi-

503 5679 650 5733 dium
683 5691 842 5745 petita
877 5682 990 5735 haec
1011 5676 1156 5734 sunt.
1188 5681 1404 5735 Addunt
1444 5682 1627 5749 itaque
1679 5696 1745 5736 ex
1797 5686 1916 5747 eius
1967 5699 2099 5737 con-

507 5761 656 5808 textu
683 5750 904 5816 Rubcus
927 5791 945 5819 ,
987 5752 1183 5822 aliique
1211 5753 1374 5811 verba
1399 5793 1414 5819 ,
1447 5762 1491 5808 et
1523 5753 1847 5823 subjacentcs
1879 5755 2098 5826 populos

2225 4640 2432 4706 videre,
2477 4639 2924 4694 arnouacborum
2970 4642 3247 4707 proposito
3288 4648 3344 4690 et
3395 4654 3424 4692 a
3475 4639 3660 4706 quiete
3688 4641 3809 4690 sunt

2220 4733 2416 4787 aliena.
2443 4733 2554 4786 Aut
2576 4733 2720 4786 enim
2755 4730 2998 4785 videmus
3020 4731 3085 4783 ad
3117 4746 3214 4782 nos
3236 4730 3541 4792 venientes,
3567 4740 3620 4781 et
3647 4726 3806 4780 silen-

2221 4825 2352 4878 tium
2383 4822 2679 4893 perdimus.
2706 4828 2813 4876 Aut
2834 4822 2879 4875 si
2909 4838 3014 4874 non
3037 4821 3302 4883 videmus,
3339 4819 3608 4890 superbia.-
3633 4815 3805 4885 argui-

2209 4933 2348 4970 mur.
2385 4915 2654 4969 interdum
2682 4925 2739 4967 ut
2768 4911 2875 4985 [AL
2909 4912 3035 4966 add.
3071 4910 3448 4982 visitantibusj
3487 4913 3653 4965 vicem
3687 4907 3802 4962 red-

2215 5010 2429 5072 damus,
2462 5008 2527 5063 ad
2551 5007 2818 5078 superbas
2862 5008 3008 5061 fores
3040 5007 3315 5075 pergimus
3343 5045 3358 5067 ,
3416 5005 3557 5058 inter
3602 5002 3801 5069 linguas

2215 5102 2522 5158 rodentium
2552 5102 2926 5156 ministrorum
2947 5138 2964 5162 ,
2999 5106 3182 5168 postes
3213 5096 3553 5166 ingredimur
3579 5094 3797 5148 deaura-

2213 5204 2318 5250 tos.
2370 5196 2426 5252 ln
2457 5194 2656 5250 Christi
2682 5208 2812 5249 vero
2834 5191 2958 5246 villa
2985 5231 3002 5256 ,
3057 5198 3116 5244 ut
3159 5189 3450 5245 didicimus
3474 5187 3579 5261 [AL
3607 5196 3706 5238 tac.
3738 5188 3798 5235 ut

2213 5284 2547 5359 didicimus],
2578 5296 2744 5340 totum
2786 5283 3084 5339 rusticitas.
3129 5280 3317 5353 itaque
3367 5287 3591 5350 prapter
3633 5288 3786 5332 occu-

2207 5466 2446 5522 candenti
2497 5465 2716 5536 desuper
2765 5471 2900 5518 veste
2954 5463 3240 5533 despicere.
3307 5460 3548 5532 Plusque
3603 5458 3793 5514 habent

2208 5541 2368 5610 paulo
2397 5546 2511 5605 post
2537 5543 2772 5610 ,A/tnctuj
2796 5536 3028 5610 tabulata
3054 5536 3430 5610 nonsentiant.

2284 5622 2304 5648 ε
2341 5602 2508 5664 luit-tn
2536 5602 2680 5672 libri,
2718 5605 3091 5661 Morini/torruit
3123 5607 3314 5660 rirzitcs
3337 5605 3462 5658 rita.
3523 5602 3646 5658 Haec
3681 5607 3789 5654 sunt

2208 5698 2344 5752 vera,
2379 5691 2485 5736 etc.
