4012 6190
241 234 344 293 585

810 231 1092 291 REGULA
1133 233 1607 294 MONACHORUM
1648 234 1741 293 EX
1782 233 1825 295 S‘

1942 233 2092 297 l’TlS
2130 234 2517 298 HIERONYMI
2556 238 2940 299 COLLECTA.

3431 241 3540 304 διϐ

239 352 506 422 potiones,
564 360 657 408 aut
700 352 861 409 nobis
912 352 1268 407 claudendum
1308 360 1395 407 est
1435 352 1634 408 ostium
1665 395 1679 417 ,
1731 364 1822 408 aut
1851 357 1900 415 Α
1928 354 2179 423 pudieam
2228 358 2633 425 appetentium,
2680 356 2733 411 in
2768 359 2947 414 medio
2990 359 3182 416 itinere
3228 374 3537 418 corruunt:

240 445 664 513 Scripturarum,
696 453 921 514 propter
949 458 1083 513 quas
1119 443 1428 515 aperienda:
1467 454 1593 499 sunt
1644 444 1787 499 fores
1813 484 1830 512 ,

240 537 416 588 studia
446 536 822 603 reiiuunuda.

309 628 401 682 His
425 629 587 699 igitur
613 630 910 683 rationibus
942 628 1171 690 invitati,
1206 629 1360 683 multi
1390 629 1835 700 pliilosOpborum

237 722 570 791 reliquerunt
604 722 937 790 frequentias
966 722 1211 785 urbium,
1250 732 1305 775 et
1347 722 1593 777 hortulos
1641 726 1838 777 subur-

238 812 407 867 banos
430 831 445 866 :
474 814 566 867 ubi
586 829 715 884 ager
739 815 993 884 irriguos,
1019 816 1272 869 arborum
1298 831 1491 880 eorum,
1510 825 1567 870 et
1581 832 1837 873 susurrus

234 906 438 972 avium,
472 906 634 963 fontis
688 908 973 977 speculum
1028 907 1494 969 itntunrmuraus,
1546 919 1602 964 et
1654 911 1835 965 multa:

233 1006 517 1061 oculorqu
560 1008 884 1080 auriumque
922 1007 1193 1062 illecebrae
1219 1051 1232 1074 ,
1291 1024 1359 1066 ne
1409 1025 1503 1080 per
1543 1011 1724 1064 luxum
1782 1022 1835 1064 et

235 1112 333 1167 per
365 1100 750 1155 abundantiam
792 1102 1067 1171 copiarum
1110 1102 1305 1155 anima:
1344 1101 1603 1155 fortitudo
1647 1102 1835 1156 rnolle-

233 1200 447 1254 sceret,
480 1200 535 1247 et
552 1192 669 1259 ejus
697 1193 951 1263 pudicitia
972 1192 1649 1261 constupraretur.Inutile
1679 1193 1835 1259 quip-

230 1299 304 1353 pe
330 1293 411 1340 est
436 1286 634 1339 crebro
664 1286 845 1341 videre
883 1301 979 1356 per
1005 1301 1123 1356 qum
1155 1299 1347 1353 captus
1392 1287 1681 1355 aliqumdu
1712 1288 1788 1341 sis
1815 1306 1831 1340 τ

228 1386 288 1430 et
314 1392 501 1431 eorum
524 1386 577 1431 te
606 1379 979 1447 experimento
1007 1379 1379 1443 committere,
1442 1380 1640 1446 quibus
1692 1379 1834 1433 diffl-

229 1470 410 1523 culter
459 1485 668 1525 careas.
722 1470 852 1526 Nam
907 1488 1044 1541 quos
1097 1472 1279 1525 εει-ωιΙὶ
1320 1488 1510 1529 carcer
1562 1475 1829 1539 inc'udit,

230 1576 377 1616 nunc
418 1562 516 1624 ira,
546 1577 687 1616 nunc
721 1564 945 1617 avaritia
973 1605 986 1626 ,
1020 1564 1384 1627 tutuclibido,
1416 1580 1559 1620 nunc
1602 1566 1831 1620 aliorum

227 1654 499 1711 incentiva
530 1655 783 1710 vitiorum
825 1658 1085 1724 pcrtraltit
1126 1657 1191 1711 ad
1232 1659 1465 1711 ruinam.

1941 448 2067 501 dttm
2101 448 2274 502 solam
2303 450 2681 505 abstinentiam
2710 462 2896 519 putant
2930 455 3194 518 carnium,
3227 466 3281 510 et
3316 457 3540 524 legumi-

1938 541 2098 595 nibus
2128 552 2365 597 onerant
2392 545 2729 599 stomachum
2753 587 2767 607 ,
2798 561 2918 614 qna-
2964 548 3239 603 moderate
3271 565 3535 620 parceque

1936 642 2153 701 sumpta
2186 632 2405 687 innoxia
2434 645 2581 688 Sunt.
2610 635 2675 688 Et
2706 643 2763 689 ttt
2794 636 2933 701 quod
2960 638 3135 691 sentio
3168 639 3377 707 lotptar,
3404 642 3537 697 uibil

1938 725 2015 779 sic
2044 724 2346 781 inﬂammat
2375 742 2643 797 corpora,
2676 735 2731 781 ct
2761 728 2939 784 titillat
2971 729 3213 785 membra
3244 733 3491 802 genitalia
3523 775 3537 797 ,

1938 819 2083 875 sicut
2128 820 2434 888 indigestus
2484 822 2641 877 cibus
2690 833 2983 893 ructusque
3024 826 3339 881 convulsus.
3387 828 3538 895 Quod

1938 914 2084 969 enim
2117 914 2469 970 seminariqu
2501 916 2834 983 voluptatum
2875 927 2989 981 est,
3019 934 3285 974 venenum
3320 932 3465 989 puta.

2011 1004 2110 1059 Est
2136 1018 2313 1061 autem
2344 1023 2475 1063 esus
2508 1009 2753 1063 carnium
2790 1012 3137 1067 seminarium
3172 1014 3427 1070 libidinis.
3478 1015 3545 1070 Et

1937 1111 2044 1149 non
2077 1097 2255 1150 solmn
2287 1098 2356 1152 de
2390 1100 2645 1154 carnibus
2675 1100 2891 1167 loquor,
2934 1103 3027 1155 sed
3062 1105 3113 1157 iu
3148 1103 3277 1173 ipsis
3319 1104 3544 1175 legumi-

1936 1187 2097 1242 nibus
2140 1187 2383 1242 inflantia
2416 1190 2535 1261 [ΑΙ.
2565 1193 2857 1267 in~tautta]
2888 1205 2941 1249 et
2986 1197 3170 1266 gravia
3216 1199 3542 1257 declinanda

1932 1290 2076 1331 sunt.
2114 1280 2314 1333 Parcus
2348 1282 2500 1335 cibus
2530 1293 2584 1336 et
2615 1294 2811 1337 venter
2841 1288 3121 1352 esuriens,
3155 1290 3420 1343 triduanis
3455 1292 3542 1359 je-

1928 1372 2098 1440 juniis
2142 1372 2454 1441 pra-fertur.
2508 1374 2676 1429 Multo
2727 1378 2873 1430 enim
2927 1379 3124 1433 melius
3167 1390 3248 1435 est
3300 1383 3542 1450 quotidie

1936 1481 2141 1532 parum,
2173 1482 2335 1536 quam
2384 1484 2507 1522 raro
2549 1470 2676 1523 satis
2708 1484 2943 1524 sumere.
2980 1472 3166 1525 l'luvia
3212 1474 3297 1527 illa
3330 1477 3537 1543 nptimn

1934 1566 2046 1615 est,
2081 1573 2199 1626 quae
2228 1559 2429 1611 sensim
2464 1560 2742 1614 descendit
2774 1561 2825 1614 iu
2871 1573 3067 1617 terras.
3104 1566 3329 1620 Subitus
3366 1578 3419 1622 et
3453 1570 3535 1622 ui-

1936 1648 2074 1703 iuius
2102 1649 2277 1705 imber
2306 1654 2359 1704 in
2386 1668 2648 1722 pra-ceps,
2680 1670 2805 1708 arva
2835 1658 3123 1712 subvertit.
3153 1658 3405 1715 Refectio
3438 1663 3537 1715 ita-

302 1747 536 1818 Ideoque
573 1750 888 1804 οιηετεηιίςιξ
927 1758 1050 1804 sunt
1092 1751 1253 1803 animi
1286 1751 1593 1819 voluptates
1611 1794 1624 1814 θ
1664 1752 1829 1805 relin.
1866 1744 1907 1803 Β
1934 1756 2040 1810 que
2064 1742 2401 1797 saturitatem
2430 1745 2617 1815 fugiat.
2642 1746 2787 1801 Nihil
2812 1748 3034 1817 prodest
3060 1748 3226 1805 Μαυο
3250 1752 3538 1825 triduoque

223 1840 444 1911 quentia
473 1843 897 1897 delectationum
924 1843 1101 1896 studia
1135 1841 1427 1911 :qttoniam
1467 1844 1584 1897 luce
1609 1852 1693 1896 est
1719 1844 1828 1895 cir-

220 1933 584 1988 cumcisiouis
603 1934 829 1993 veritas,
854 1949 960 1987 non
989 1936 1174 2003 figura.
1203 1933 1491 1989 Nitendum
1517 1936 1570 1988 iu
1597 1950 1827 2001 summa,

219 2034 289 2077 ut
321 2026 661 2079 naturalibus
687 2027 979 2093 amputatis
1001 2066 1015 2091 ,
1044 2028 1390 2081 conversatio
1420 2036 1605 2083 nostra
1652 2027 1835 2081 tendat

222 2116 297 2171 ad
325 2118 555 2172 caelum.
578 2119 735 2185 Quod
779 2120 903 2185 fiet,
946 2121 991 2173 si
1020 2120 1160 2187 ludi,
1194 2121 1239 2174 si
1274 2120 1459 2188 jttctts,
1487 2124 1531 2175 si
1563 2123 1830 2189 Convivia,

230 2212 281 2265 si
333 2227 519 2266 sermo
566 2227 704 2281 pene
745 2213 1089 2267 familiarium
1121 2214 1425 2281 deseratur,
1467 2224 1523 2269 et
1548 2230 1671 2284 qua?
1723 2217 1833 2269 cir-

226 2306 613 2359 cumciduntur
660 2313 958 2359 arescant:
1001 2315 1026 2343 ι
1068 2322 1174 2359 nou
1220 2307 1387 2372 visu,
1437 2322 1546 2361 non
1601 2307 1786 2360 auditu
1817 2349 1832 2372 ,

228 2415 339 2453 non
381 2408 547 2462 tactu,
575 2413 682 2452 nou
704 2413 933 2467 sapore,
964 2409 1053 2453 aut
1084 2400 1262 2469 capiet
1293 2399 1346 2453 in
1379 2409 1565 2453 natura
1590 2401 1835 2465 corporis

230 2501 479 2545 naturam
533 2506 851 2558 corpoream
902 2507 1010 2545 non
1052 2490 1279 2544 habere.
1337 2491 1469 2545 Nam
1528 2493 1573 2545 si
1605 2492 1834 2546 velimus

230 2583 513 2652 despicere
540 2586 681 2653 quod
706 2601 913 2647 sumus,
952 2600 1229 2639 meremur
1259 2586 1453 2639 melius
1478 2599 1601 2640 esse
1623 2627 1636 2647 ,
1669 2602 1831 2655 quam

233 2675 777 2745 fuimnngituruon
822 2688 1024 2732 temere
1051 2678 1348 2732 olieramus
1398 2693 1497 2731 nos
1541 2677 1828 2747 periculis,

234 2772 330 2826 sed
357 2781 619 2842 quantum
654 2770 709 2826 in
740 2770 897 2826 nobis
921 2781 1005 2826 est
1037 2772 1261 2827 insidias
1289 2772 1647 2826 declinemus.

839 2902 1068 2961 CAPUT
1113 2903 1208 2969 Kl.

444 3014 523 3071 De
551 3017 892 3081 .«ibstiuentia,
922 3029 970 3071 et
991 3019 1254 3089 prmcipue
1280 3035 1311 3072 a
1343 3018 1604 3075 carnibus.

1938 1837 2260 1889 transmisso
2291 1853 2521 1892 vacuum
2568 1851 2784 1907 portare
2809 1853 3087 1909 teutretn,
3132 1844 3175 1897 si
3211 1848 3413 1914 pariter
3442 1848 3537 1901 nb-

1933 1935 2147 1991 ruatttr,
2191 1927 2237 1979 si
2288 1941 2673 1995 cotupcnst-tur
2718 1932 3004 1986 saturitate
3048 1934 3336 2002 jejunium.
3382 1937 3537 1993 llco

1943 2033 2100 2073 meus
2149 2019 2363 2089 repleta
2410 2023 2702 2089 torpescit,
2743 2034 2799 2076 et
2854 2024 3393 2099 irrigatabeorporis
3437 2030 3537 2085 bu-

1934 2126 2121 2177 more,
2154 2115 2339 2182 Spiuas
2378 2117 2654 2184 germinat
2692 2116 2995 2173 libidinum.

2006 2207 2201 2264 Plures
2230 2225 2449 2278 quoque
2477 2222 2603 2264 sunt
2635 2214 2725 2281 qui
2754 2228 2875 2266 cum
2907 2214 3037 2267 vino
3066 2213 3174 2267 sint
3203 2215 3371 2269 sobrii
3400 2258 3413 2281 ,
3459 2217 3530 2271 ci-

1935 2300 2127 2355 borum
2178 2312 2355 2358 tamen
2390 2305 2641 2374 largitate
2672 2316 2800 2359 sunt
2830 2306 2988 2360 ebrii.
3018 2307 3219 2362 Omnes
3256 2307 3398 2362 enim
3444 2308 3540 2375 qui

1934 2393 2255 2448 ebrietatem
2308 2407 2625 2462 seetantur,
2682 2398 2775 2450 lilii
2836 2396 3002 2453 Belial
3055 2410 3342 2454 vocantur.
3398 2401 3532 2455 Nam

1934 2500 2126 2542 venter
2157 2504 2309 2541 mero
2340 2498 2583 2542 :cstuaus
2614 2490 2772 2544 facile
2807 2490 2928 2559 (ΑΙ.
2965 2491 3116 2559 cito)
3146 2493 3429 2563 thSpttmal
3482 2494 3535 2547 in

1935 2581 2237 2636 libidinem.
2277 2580 2434 2636 Unde
2466 2582 2580 2636 Noe
2613 2582 2833 2637 nudavit
2867 2584 3136 2638 ebrietate
3176 2587 3399 2639 leniora.
3434 2585 3538 2640 Lot

1932 2690 2094 2743 quem
2140 2675 2377 2729 Sodoma
2423 2691 2530 2729 non
2577 2677 2819 2739 vicerat,
2854 2678 2975 2730 vina
3022 2679 3296 2733 vicerunt.
3334 2678 3537 2735 Vettlrl'

1932 2783 2153 2837 quoque
2179 2768 2368 2836 plenus
2393 2768 2548 2824 facile
2574 2770 2641 2823 de
2665 2769 2888 2838 jejuniis
2919 2770 3184 2838 diSpntat.
3216 2772 3315 2840 Qui
3350 2782 3529 2827 autem

1933 2860 2206 2916 Cltrisuuu
2230 2850 2527 2929 desiderat,
2557 2871 2611 2917 et
2640 2862 2988 2917 il'ovescitur
3013 2881 3173 2935 pane,
3208 2883 3312 2920 non
3338 2870 3535 2936 qumrit

1933 2972 2264 3027 magnopere
2294 2957 2360 3010 de
2390 2972 2551 3026 quam
2583 2958 2838 3026 pretiosis
2864 2959 2999 3013 cibis
3022 2967 3234 3014 stercits
3256 2963 3528 3017 conficiat.

1934 3048 2204 3116 Quidquid
2254 3058 2375 3117 post
2418 3055 2597 3118 gulam
2633 3066 2737 3102 non
2786 3049 3051 3112 sentitur,
3100 3051 3242 3105 idem
3280 3056 3336 3106 fit
3385 3053 3528 3123 quod

301 3130 552 3186 Salvator
577 3143 784 3196 n05ter,
815 3132 1075 3185 Attendite
1103 3171 1117 3194 ,
1154 3132 1357 3201 inquit,
1390 3133 1531 3187 vobis
1585 3150 1648 3188 ne
1695 3134 1829 3203 forte
1853 3119 1899 3182 (ἶ
1936 3140 2089 3210 panis
2119 3152 2171 3195 et
2201 3140 2494 3201 legtuuiua.
2527 3142 2701 3196 Omne
2732 3143 2875 3195 enim
2920 3142 3065 3213 quod
3096 3144 3147 3196 iu
3196 3142 3297 3197 boc
3328 3119 3531 3199 mundo

223 3234 505 3296 graventur
535 3226 693 3279 corda
719 3234 883 3279 vestra
911 3226 1125 3295 crapula
1154 3266 1168 3290 ,
1203 3236 1250 3277 et
1275 3227 1327 3279 in
1356 3227 1596 3281 rbrietate
1615 3240 1662 3282 et
1692 3230 1831 3283 curis

223 3316 383 3388 hujus
412 3319 526 3372 rita:
548 3316 705 3387 (Luc.
741 3332 858 3379 ut,
886 3315 998 3386 ὅθ).
1029 3316 1272 3371 Modicus
1301 3319 1442 3372 enim
1471 3334 1536 3373 ac
1561 3328 1827 3391 tempera-

223 3420 316 3465 tus
341 3411 496 3466 cibus
524 3420 575 3465 et
605 3411 754 3465 carni
794 3418 850 3464 et
896 3413 1092 3464 anima:
1147 3412 1291 3466 utilis
1348 3424 1451 3467 ρει.
1507 3412 1827 3469 Balnearum

222 3507 459 3560 fomenta
486 3520 555 3561 ne
584 3520 820 3572 quieras,
846 3504 937 3575 qui
964 3506 1200 3559 calorem
1231 3507 1480 3577 corporis
1496 3508 1827 3577 jejuniorutu

221 3600 376 3666 cupis
400 3599 602 3667 frigore
622 3602 1137 3669 exstinguerezquaa
1162 3611 1218 3655 et
1248 3603 1358 3671 ipsa
1385 3603 1665 3658 moderata
1691 3604 1822 3668 sint,

223 3692 471 3747 neuimia
496 3692 784 3748 debilitent
814 3693 1176 3756 stomachum,
1203 3704 1255 3748 et
1279 3695 1543 3764 majorem
1573 3698 1827 3752 refectio-
1892 3705 1899 3714 '

222 3800 346 3837 nem
381 3786 659 3853 poscentia
688 3795 977 3856 erumpant
1006 3787 1059 3841 iu
1089 3787 1447 3853 cruditatem,
1480 3805 1601 3860 qua:
1631 3807 1825 3860 parens

218 3877 507 3932 libidinum
538 3887 641 3933 est.
672 3878 1003 3957 Aiuntcnim
1036 3881 1233 3936 medici
1266 3923 1281 3947 ,
1338 3882 1430 3949 qui
1466 3883 1536 3938 de
1563 3884 1825 3939 bumanu-

220 3986 342 4025 rum
377 3987 673 4041 corporum
705 3973 972 4028 set-insere
1004 3975 1242 4039 naturis,
1296 3975 1569 4045 prmcipue
1592 3975 1824 4032 Calenus

218 4064 278 4120 in
310 4065 487 4128 libris,
515 4080 746 4122 aurum
778 4066 961 4119 titulus
982 4071 1102 4142 περὶ
1134 4068 1345 4140 ὑγιεινῶν
1371 4112 1384 4134 ,
1434 4084 1720 4136 puerorum
1769 4080 1825 4125 et

210 4158 479 4227 juvenum
505 4200 519 4219 ,
550 4173 612 4211 ac
662 4158 914 4226 perfecta:
944 4160 1120 4212 aetatis
1147 4161 1387 4214 virorum
1430 4162 1823 4232 mulierumque

214 4267 469 4320 corpora,
530 4253 691 4307 insito
741 4255 922 4307 calore
977 4254 1211 4315 fervere,
1266 4265 1320 4306 et
1371 4256 1564 4309 noxios
1592 4255 1677 4309 bis
1702 4271 1823 4311 esse

218 4344 472 4399 tutantibus
499 4345 651 4398 cibos
678 4344 770 4411 qui
797 4346 1035 4399 calorem
1063 4354 1264 4412 augent
1290 4363 1305 4400 :
1334 4346 1663 4413 sanitatique
1690 4362 1813 4407 con-

215 4437 447 4500 dorere,
468 4438 661 4507 frigida
687 4452 920 4507 quicque
952 4439 1005 4493 iu
1036 4439 1161 4495 cibo
1189 4448 1243 4493 et
1274 4450 1400 4507 potu
1425 4453 1664 4495 sumere.
1705 4441 1818 4496 Sic-

1938 3234 2191 3290 lalmrant
2222 3235 2487 3299 homines,
2522 3251 2617 3291 me
2644 3238 2792 3306 quasi
2824 3238 3187 3301 consumitur,
3211 3245 3265 3290 et
3288 3238 3528 3291 attritum

1933 3327 2208 3390 dentibus,
2255 3327 2437 3381 ventri
2494 3326 2725 3380 traditur
2772 3327 3168 3397 digerendum,
3221 3339 3275 3381 et
3322 3329 3529 3382 tamdiu

1934 3421 2121 3475 tribuit
2152 3420 2511 3489 voluptatem,
2541 3418 2798 3487 quamdiu
2827 3429 3044 3487 gutture
3076 3418 3369 3471 detinetur.
3393 3419 3528 3473 Cum

1930 3527 2064 3568 vero
2112 3514 2163 3565 iu
2197 3514 2379 3565 altum
2423 3510 2741 3573 transietit,
2792 3509 2996 3563 desiuit
3046 3510 3189 3565 inter
3220 3510 3372 3565 cibos
3410 3526 3530 3567 ese

1931 3602 2212 3657 distantia.

2001 3695 2110 3748 Nec
2138 3695 2240 3749 boc
2266 3694 2518 3758 dicimus,
2554 3692 2697 3760 quod
2734 3707 2990 3761 negemus
3021 3692 3232 3760 pisces;
3264 3691 3358 3746 sed
3392 3709 3526 3765 quo-

1930 3787 2094 3840 modo
2147 3786 2352 3856 nuptiis
2405 3786 2816 3855 virginitatem,
2878 3785 2949 3838 ita
3009 3785 3283 3840 saturitati
3326 3785 3531 3855 jejuuia

1930 3882 2285 3949 praeferimus.
2320 3880 2425 3934 Sed
2456 3895 2562 3932 non
2597 3880 2718 3935 ideo
2744 3889 2796 3934 te
2822 3894 3017 3934 carnes
3042 3881 3188 3933 vesci
3214 3896 3318 3933 non
3346 3891 3523 3948 putes,

1927 3972 1972 4024 si
2005 3987 2188 4037 suum,
2216 3973 2490 4041 leporum,
2524 3981 2687 4039 atque
2720 3986 3007 4026 cervorum
3038 3985 3085 4027 et
3118 3973 3525 4042 quadrupedum

1926 4065 2288 4117 animantium
2331 4065 2687 4117 esculentiam
2734 4064 3017 4131 reprobes.
3064 4063 3178 4117 Non
3221 4063 3368 4117 enim
3414 4063 3530 4117 bac

1929 4160 2123 4223 pedum
2150 4173 2405 4222 numero,
2431 4158 2525 4212 sed
2556 4158 2829 4211 suavitate
2858 4168 3045 4226 gu~tus
3076 4155 3527 4225 comprobantur.

1928 4256 2141 4313 Scimus
2190 4257 2257 4309 ab
2301 4255 2565 4324 Apostolo
2616 4256 2820 4308 dictum
2860 4272 2872 4306 :
2912 4252 3094 4306 0.22mi;
3139 4261 3381 4327 creatura
3433 4249 3528 4303 Ι)ιί

1927 4351 2090 4415 bona,
2122 4366 2238 4417 qua:
2268 4367 2382 4403 cum
2414 4350 2701 4423 gratiarum
2749 4351 2952 4401 actim:
2999 4347 3283 4417 percipitur
3314 4343 3358 4415 (l
3392 4342 3525 4396 Tim.

1926 4442 2022 4514 ιγ).
2068 4442 2172 4497 Sed
2228 4443 2368 4497 idem
2438 4443 2731 4511 loquitur:
2772 4440 2975 4495 Bonum
3030 4448 3107 4492 est
3162 4452 3367 4490 carnem
3423 4451 3457 4487 ιι
3496 4452 3527 4488 :t

214 4544 277 4585 ut
337 4534 657 4587 eeontrario
705 4535 928 4587 senibus
959 4572 973 4595 ,
1037 4532 1130 4603 qui
1200 4533 1388 4600 pituita
1465 4534 1717 4589 laborant
1766 4546 1815 4586 et
1849 4515 1903 4574 Ῑ)
1928 4535 2241 4586 manducare
2270 4534 2447 4603 (fiunt.
2482 4530 2621 4600 xm).
2652 4532 2952 4586 Cotnedant
2985 4544 3199 4592 carnes,
3231 4527 3321 4597 qui
3369 4527 3519 4579 carni

215 4624 439 4695 Irigorn,
485 4624 697 4679 calidos
734 4626 907 4685 cibos.
941 4635 995 4680 et
1024 4636 1206 4680 vetera
1241 4627 1359 4679 vina
1422 4627 1713 4697 prodesse.
1757 4627 1821 4682 Et

217 4718 378 4773 etiam
400 4717 682 4777 Comicus.
712 4717 864 4785 cujus
894 4717 1020 4773 finis
1047 4729 1131 4773 est
1160 4718 1424 4774 humanos
1452 4734 1629 4773 mores
1658 4736 1819 4774 nosse

217 4820 385 4881 atque
414 4810 752 4876 describere,
791 4809 928 4865 dixit
960 4853 974 4878 ,
1024 4809 1153 4866 Sine
1179 4809 1358 4865 Cerere
1377 4821 1424 4866 et
1449 4810 1635 4866 Libero
1662 4811 1817 4889 friget

229 4902 421 4958 Venus.

288 4996 431 5052 Nihil
459 4997 643 5068 itaque
662 4994 803 5050 scias
819 4993 1127 5051 conducere
1149 4991 1475 5049 Christianis
1494 4994 1817 5052 adolescen-

214 5088 357 5145 tibus
384 5100 444 5145 ut
465 5104 593 5144 esus
622 5088 854 5143 olerum.
877 5085 1010 5142 Nam
1055 5085 1221 5141 ardor
1245 5101 1537 5153 corporum
1571 5087 1817 5157 frigidio-

211 5182 363 5237 ribus
402 5180 584 5249 epulis
626 5177 1010 5251 temperandus
1048 5187 1153 5234 est.
1183 5177 1354 5234 Nobis
1378 5180 1525 5235 enim
1557 5197 1664 5235 non
1694 5196 1814 5237 co:-

212 5288 412 5344 porum
439 5273 641 5337 vultus,
672 5273 769 5328 sed
799 5272 997 5327 aniuue
1017 5270 1169 5341 vigor
1190 5272 1469 5343 qturritur,
1496 5289 1616 5343 qua:
1637 5278 1815 5330 carnis

210 5367 537 5425 infirmitate
563 5368 624 5423 fit
659 5368 876 5422 fortior.
906 5366 1035 5423 lude
1063 5377 1147 5423 est
1186 5367 1329 5438 quod
1366 5368 1612 5424 nonnulli
1644 5373 1809 5425 vitam

289 5537 313 5563 ⁸
343 5527 451 5584 Pro
507 5527 591 5581 bis
631 5542 750 5593 qum
806 5533 1103 5595 sequuntur
1162 5541 1329 5595 usque
1379 5525 1444 5579 ad
1475 5523 1665 5595 Igitur,
1700 5525 1801 5580 alia

209 5599 436 5655 Bubeus
494 5598 819 5662 substituit,
873 5607 973 5664 ut,
1031 5598 1230 5663 inquit,
1278 5598 1567 5650 verborum
1611 5612 1807 5651 Sensus

211 5673 355 5725 haud
406 5674 475 5722 ita
522 5682 755 5737 apertus
807 5669 977 5738 magis
1033 5677 1260 5737 pateret.
1293 5667 1400 5724 Nos
1430 5669 1480 5721 itt
1516 5668 1620 5720 line
1652 5670 1808 5722 tium-

209 5752 360 5798 taxa't
381 5743 606 5799 verbum
634 5742 862 5810 (annos,
905 5737 972 5798 ex
1001 5756 1101 5797 ιιιε.
1156 5740 1487 5797 suﬂociiuus.
1531 5737 1809 5797 Caeterum

1926 4628 2196 4680 serviunt.
2229 4627 2472 4693 Quorum
2520 4626 2703 4678 fervor
2733 4625 3022 4692 de-putnat
3054 4622 3107 4674 in
3140 4620 3344 4673 coitum
3372 4658 3387 4683 ,
3435 4636 3527 4672 eo-

1926 4737 2042 4775 rum
2071 4729 2126 4775 et
2158 4722 2411 4775 intestina
2444 4721 2702 4773 carnil-us
2733 4718 3068 4785 repleantur.

1998 4816 2075 4871 Tu
2102 4833 2230 4871 vero
2254 4817 2385 4868 nihil
2415 4816 2615 4869 ltttbeas
2646 4824 2751 4866 tam
2781 4827 2914 4864 nere
2948 4826 3025 4874 se,
3053 4824 3213 4877 quam
3240 4809 3291 4860 iu
3315 4806 3526 4877 jejunio

1925 4923 2300 4976 perseverare.
2358 4906 2539 4960 Pallor
2590 4916 2643 4958 et
2699 4903 2888 4956 sordes
2947 4913 3051 4954 tum
3104 4916 3334 4971 gemma:
3390 4903 3523 4957 sint.

1926 5001 2091 5071 igitur
2123 5014 2245 5051 eum
2298 4999 2428 5051 milii
2475 4998 2715 5059 dixeris,
2768 5011 2865 5047 cur
2913 5008 3107 5060 porcus
3139 5006 3360 5048 creatus
3408 4994 3531 5049 est?

1919 5092 2104 5147 statim
2135 5091 2227 5143 tibi
2260 5088 2598 5158 respondebo
2630 5102 2929 5153 puerorum
2962 5101 3113 5141 more
3149 5090 3475 5143 cettautintu
3503 5090 3525 5127 ’

1919 5186 2030 5239 Cur
2060 5186 2259 5253 vipera:
2290 5194 2339 5234 et
2392 5180 2631 5250 scorpii?
2663 5178 2775 5235 Nec
2805 5178 2974 5233 Deum
3007 5181 3408 5248 superfluarum
3438 5180 3527 5248 ju-

1920 5276 2123 5330 dicaius
2151 5274 2416 5332 artificem
2447 5289 2459 5324 :
2487 5286 2608 5325 cum
2643 5270 2887 5341 plurimm
2913 5279 2966 5325 et
2989 5272 3176 5326 bestue
3195 5281 3251 5325 et
3276 5271 3525 5323 volucres

1917 5371 2045 5435 sint,
2081 5380 2216 5437 quas
2239 5376 2341 5419 tu.c
2375 5364 2559 5418 fauces
2590 5360 2989 5416 rceusant.Scd
3018 5380 3082 5413 ne
3114 5364 3374 5415 eouteutie
3399 5374 3519 5413 sunt

1915 5542 2036 5595 pro,
2066 5532 2152 5578 at!
2184 5522 2354 5585 capiet
2380 5560 2397 5585 ,
2446 5520 2730 5585 legendum
2766 5516 2980 5568 \i‘it‘lltl‘
3016 5515 3275 5567 toutinuo
3321 5530 3397 5567 set
3423 5529 3520 5585 su,

1918 5592 2019 5650 non
2044 5609 2226 5659 sapore
2250 5592 2367 5661 ιιινὶ
2394 5633 2409 5655 ,
2450 5604 2494 5642 vt
2527 5596 2575 5642 in
2608 5598 2819 5661 ustttu‘a,
2856 5598 2962 5639 etc.

1987 5665 2015 5707 ι,
2039 5658 2252 5721 μανξυς
2282 5658 2497 5735 irrigua
2525 5663 2572 5714 In
2594 5676 2708 5715 mus
2740 5660 2916 5730 spinas
2946 5658 3220 5731 germinat,
3249 5667 3303 5715 et
3325 5675 3355 5711 ὀ

3130 5771 3189 5805 δια
