4012 6190
408 173 514 231 ΞΠ
1463 172 1521 229 5.
1565 169 1949 227 HIERONYMI
1986 167 2274 228 OPIRUM
2312 167 2683 229 MANTISSA.
3598 167 3708 225 διε

410 290 537 355 hoc,
570 297 627 346 et
656 304 721 346 ex
751 305 926 361 pugna
957 289 1128 359 magis
1150 287 1398 344 videatur
1418 301 1539 342 esse
1567 300 1729 356 quam
1758 299 1946 341 verum
1982 298 1995 334 :
2024 279 2081 344 Α
2102 280 2248 352 pium
2272 320 2288 346 ,
2320 289 2377 334 ut
2420 284 2474 336 in
2520 281 2690 350 prima
2738 287 2899 335 relate
2946 294 3057 335 non
3104 278 3573 345 circumcidimur,
3606 296 3709 338 nec

413 384 553 455 Audi
581 427 595 450 ,
635 384 844 441 ideirco
874 398 999 439 sues
1029 392 1084 437 et
1129 396 1291 451 apros
1334 389 1389 436 et
1417 379 1653 449 reliquas
1696 378 2004 433 animantes
2106 374 2394 444 repudium
2420 374 2555 431 dare
2578 375 2971 445 permittimur,
2999 389 3100 430 nec
3124 389 3318 433 carnes
3341 375 3705 431 comedimus.

413 491 652 546 creatos,
678 490 736 536 ut
763 478 981 542 milites,
1010 476 1482 542 athletamnantar,
1513 474 1786 537 rhetores,
1813 471 2007 525 mctal-
2110 469 2464 538 Hippocrates
2509 469 2561 522 in
2610 468 2952 537 Aphorismis
3000 469 3159 524 docet
3201 482 3387 523 crassa
3435 477 3493 525 et
3542 470 3708 524 obesa

418 573 704 641 lorutnque
744 569 985 623 fossores
1006 610 1020 631 ,
1054 576 1110 620 ct
1139 566 1327 623 caeteri
1358 567 1496 620 duro
1521 566 1670 634 operi
1715 560 2011 633 mancipati
2108 574 2364 629 corpora,
2395 574 2516 628 qua:
2539 561 2818 615 crescendi
2845 575 3157 616 mensuram
3184 560 3532 629 impleverint
3558 580 3571 615 :
3610 563 3713 617 nisi

418 665 679 718 haberent
713 662 866 717 cibos
899 680 910 714 :
941 660 1139 730 quibus
1182 660 1441 713 fortitudo
1487 673 1780 728 corporum
1821 672 2011 714 neces-

2156 660 2219 705 ,ιο
2245 649 2513 706 ablatione
2542 652 2817 721 sanguinis
2839 653 3167 717 minuantur,
3194 654 3484 724 paralysim
3508 665 3565 707 et
3597 669 3722 722 pes-

418 755 557 811 saria
600 764 683 809 est
714 771 729 808 :
762 754 853 823 qui
892 760 1115 823 portant
1156 768 1301 807 arma
1335 762 1390 806 et
1420 752 1623 810 cibaria
1656 770 1668 805 :
1699 750 1789 820 qni
1817 750 2012 821 pugnis
2114 748 2250 802 sima
2292 747 2603 803 morborum
2637 762 2831 816 genera
2875 762 3069 817 parere
3105 748 3213 820 [Αι.
3255 750 3599 822 erumpere].
3655 752 3721 805 Et

417 859 468 901 et
516 845 757 901 calcibus
805 861 901 901 sua
943 844 1174 900 invicem
1223 843 1468 899 membra
1523 843 1816 899 debilitant
1863 860 1876 895 :
1919 842 2012 912 qui

418 953 595 995 remos
634 939 855 993 tralmnt
887 956 899 992 :
929 953 1164 1012 quorum
1208 938 1377 993 latera
1425 938 1491 993 ad
1533 938 1876 994 clamandum
1927 938 2013 995 di-

422 1032 761 1100 cendumque
787 1040 917 1085 sunt
940 1030 1110 1088 valida
1147 1049 1161 1085 z
1193 1032 1282 1101 qui
1313 1032 1637 1087 subvertunt
1666 1041 1881 1086 montes
1901 1071 1916 1097 ,
1962 1041 2018 1085 et

422 1126 525 1181 sub
555 1126 679 1181 divo
711 1124 818 1198 [ΑΙ.
849 1123 1014 1197 sudo]
1043 1136 1097 1180 et
1129 1125 1396 1180 imbribus
1416 1124 1713 1179 dormiunt.

497 1216 602 1272 Sed
628 1216 755 1285 quid
781 1218 847 1271 ad
875 1231 994 1281 nos,
1021 1231 1252 1287 quorum
1278 1218 1626 1271 conversatio
1647 1216 1698 1269 in
1721 1214 1877 1273 caelis
1901 1216 2021 1270 est?

426 1310 693 1365 Cmterum
728 1321 915 1365 noSIra
951 1309 1142 1378 religio
1188 1323 1293 1361 non
1322 1309 1611 1373 athletam,
1647 1323 1752 1365 non
1786 1319 1977 1363 nautas
2003 1351 2018 1375 ,

428 1418 535 1457 non
566 1403 792 1470 milites,
830 1417 934 1456 non
970 1402 1240 1465 fossores,
1274 1402 1369 1456 sed
1401 1401 1683 1471 sapientiae
1713 1402 1894 1457 erudit
1938 1416 2024 1457 se-

428 1506 720 1561 ctatorem,
768 1496 856 1564 qui
899 1510 959 1549 se
1009 1496 1103 1553 Dei
1150 1496 1318 1551 cultui
1367 1495 1661 1558 dedicavit,
1701 1507 1756 1551 et
1784 1497 1889 1551 scit
1929 1512 2028 1550 cur

435 1597 653 1643 creatus
680 1588 776 1657 sit,
807 1604 908 1642 cur
934 1598 1183 1642 versetur
1216 1589 1267 1640 in
1299 1589 1521 1655 mundo,
1550 1604 1658 1657 quo
1685 1589 1842 1643 abire
1875 1587 2028 1643 festi-

2116 838 2318 894 idcirco
2348 854 2469 894 esse
2494 840 2857 895 necessariam
2882 840 3271 909 demptionem,
3296 854 3354 895 ut
3383 858 3597 895 rursum
3625 842 3719 896 ba-

2120 933 2283 987 buant
2311 934 2364 986 in
2396 947 2518 1000 quae
2544 933 2751 1002 possint
2788 946 3058 988 crescere.
3089 931 3204 987 Non
3234 935 3380 989 enim
3410 948 3636 989 manere
3664 935 3720 989 in

2122 1041 2227 1076 uno
2257 1035 2399 1079 statu
2427 1035 2670 1081 naturam
2715 1039 3027 1093 corporum,
3062 1024 3155 1079 sed
3187 1035 3281 1079 aut
3310 1040 3563 1081 crescere
3584 1068 3598 1090 ,
3628 1035 3725 1080 aut

2122 1120 2439 1175 decrescere
2460 1160 2475 1179 .
2510 1134 2612 1174 nec
2651 1134 2813 1189 posse
2840 1120 3018 1174 vivere
3047 1119 3247 1173 animal
3290 1119 3394 1174 nisi
3439 1120 3725 1176 crescendi

2125 1228 2294 1278 capax
2322 1212 2413 1267 sit.
2443 1211 2596 1269 Unde
2627 1222 2681 1266 et
2718 1211 2955 1275 Galenus
3000 1212 3089 1265 ille
3129 1211 3475 1267 doctissimus
3520 1213 3729 1282 Hippo-

2126 1310 2289 1364 cratis
2311 1310 2598 1378 interpres.
2630 1306 2882 1372 athletas,
2913 1321 3145 1378 quorum
3178 1308 3285 1362 vita
3322 1318 3376 1361 et
3412 1322 3503 1363 ars
3531 1308 3729 1377 sagina

2126 1414 2227 1468 esr,
2256 1401 2385 1455 dicit
2413 1401 2466 1456 in
2496 1400 2882 1455 exhortatione
2904 1400 3209 1465 medicinae,
3240 1416 3341 1456 nec
3360 1401 3541 1456 vivere
3564 1414 3732 1471 posse

2129 1494 2253 1560 diu,
2304 1508 2405 1547 nec
2448 1506 2609 1547 sanos
2651 1507 2772 1547 esse
2800 1508 2814 1547 :
2847 1494 3165 1561 animasque
3209 1508 3396 1547 eorum
3443 1493 3514 1547 ita
3563 1494 3735 1549 nimio

2132 1586 2393 1653 sanguine
2416 1593 2471 1639 et
2490 1584 2737 1653 adipibus
2756 1584 2910 1654 quasi
2935 1586 3046 1639 luto
3073 1585 3363 1647 irwrilntas,
3390 1585 3518 1639 nihil
3542 1598 3735 1651 tenue,

441 1688 553 1745 net.
590 1680 745 1737 Unde
786 1692 837 1734 et
868 1680 1162 1751 Apostolus
1200 1681 1435 1749 loquitur
1465 1700 1478 1735 :
1513 1682 1733 1749 Quando
1764 1682 2023 1750 inﬁrmor,
2055 1662 2107 1723 Β
2136 1679 2265 1732 nihil
2312 1678 2573 1737 caeleste;
2606 1678 2700 1733 sed
2746 1692 2965 1747 semper
2993 1678 3062 1732 de
3105 1680 3361 1733 carnibus
3397 1691 3451 1733 et
3484 1691 3641 1735 ructu
3681 1693 3740 1734 et

431 1782 559 1826 tunc
604 1783 785 1845 potens
829 1789 943 1825 sum
978 1772 1031 1838 (1
1061 1771 1181 1826 Cor.
1215 1772 1331 1842 xu).
1364 1773 1450 1837 Et,
1496 1773 1559 1828 Si
1602 1774 1826 1826 exterior
1858 1784 2030 1827 noster

437 1868 589 1931 homo
635 1864 1006 1934 corrumpitur,
1048 1864 1139 1919 sed
1185 1864 1401 1917 interior
1440 1876 1714 1919 renovatur
1740 1866 1804 1918 de
1848 1865 1933 1918 die
1976 1866 2031 1918 in

438 1963 574 2016 diem
604 1962 686 2031 (ll
728 1962 848 2017 Cor.
891 1957 971 2026 tv)
1007 1976 1020 2012 :
1066 1959 1154 2024 Et,
1198 1959 1368 2027 Cupio
1406 1958 1615 2013 dissolvi
1664 1967 1711 2012 et
1756 1974 1866 2013 esse
1912 1973 2034 2010 cum

443 2053 648 2107 Christo
689 2052 928 2125 (Philip.
963 2051 1066 2123 tn).
1112 2054 1214 2117 Et,
1260 2050 1445 2105 Carnis
1486 2068 1666 2106 curam
1697 2068 1760 2105 ne
1809 2051 2034 2122 feceritis

438 2145 618 2215 (Rom.
670 2143 809 2216 sui).
854 2146 1116 2216 Quodque
1160 2147 1278 2200 sine
1314 2154 1547 2216 quatuor
1572 2144 1825 2201 sensibus
1853 2144 2035 2199 vivere

444 2254 738 2308 possumus
771 2258 785 2292 :
816 2239 867 2293 id
903 2248 986 2294 est
1010 2283 1023 2306 ,
1058 2241 1177 2295 sine
1223 2251 1447 2309 aspectu
1477 2281 1491 2305 ,
1525 2238 1710 2293 auditu
1735 2279 1750 2301 ,
1780 2238 2035 2303 odoratu,

441 2344 603 2402 atque
632 2333 944 2402 complexu.
980 2334 1200 2404 Absque
1235 2344 1391 2402 gustu
1432 2343 1616 2388 autem
1657 2342 1709 2386 et
1742 2332 1880 2388 cibis
1932 2332 2037 2387 im-

444 2428 704 2498 possibile
734 2437 818 2484 est
848 2429 1140 2483 humanum
1172 2442 1371 2497 corpus
1396 2426 1716 2480 subsistere.

516 2521 731 2577 Adesse
768 2537 896 2590 ergo
926 2520 1090 2575 debet
1119 2519 1285 2584 ratio,
1317 2528 1372 2572 ut
1403 2518 1537 2572 tales
1565 2526 1620 2570 et
1651 2526 1827 2571 tantas
1853 2530 2040 2570 suma-

447 2628 567 2669 mus
598 2627 778 2677 escas,
802 2612 1003 2682 quibus
1031 2628 1137 2665 non
1166 2616 1429 2664 oneretur
1449 2624 1671 2676 corpus,
1699 2623 1799 2665 nec
1820 2609 2045 2662 libertas

451 2706 651 2759 animae
699 2714 1091 2773 prmgravetur.
1119 2702 1255 2769 Quia
1298 2710 1353 2755 et
1390 2699 1787 2755 comedendum
1838 2709 1958 2765 est,
1988 2708 2047 2756 et

449 2794 932 2861 deambulandum,
958 2801 1013 2845 et
1041 2792 1455 2857 dormiendum,
1488 2802 1543 2846 et
1582 2791 1957 2861 digerendum,
1989 2802 2047 2847 et

454 2897 641 2957 postea
671 2885 868 2939 inﬂatis
901 2885 1053 2940 venis
1079 2884 1349 2940 incentiva
1376 2884 1619 2940 libidinis
1658 2893 2046 2940 sustentantur

452 2966 562 3052 [AL
597 2975 962 3049 sustinenda].
997 2976 1134 3034 Sunt
1164 2977 1378 3048 quidem
1405 2992 1601 3031 sensus
1627 2979 1796 3032 nostri
1829 2988 2003 3046 porta:
2029 3021 2042 3045 ,

454 3048 550 3141 per
579 3086 715 3141 quas
752 3070 820 3125 ad
866 3048 1104 3125 animam
1153 3081 1393 3125 nostram
1437 3070 1621 3125 saeculi
1673 3070 2046 3126 blandimenta
2074 3048 2122 3113 (ἶ

452 3163 813 3230 descendunt,
858 3173 917 3217 et
966 3178 1063 3233 per
1090 3178 1226 3233 quas
1274 3178 1467 3217 sensus
1512 3161 1695 3217 carnis
1742 3162 2043 3218 introeunt.

458 3255 565 3311 Per
591 3270 728 3327 quas
752 3254 862 3310 nisi
888 3255 995 3309 lata
1022 3267 1204 3325 strage
1234 3255 1371 3310 facta
1394 3256 1534 3310 viam
1563 3254 1851 3310 virtutibus
1872 3256 2050 3325 potius

453 3365 618 3419 quam
674 3350 955 3420 impietate
1006 3349 1340 3414 fecerimus,
1393 3365 1689 3420 numquam
1745 3350 1811 3405 ad
1868 3365 2050 3420 regem

459 3442 677 3512 pietatis
708 3444 995 3512 pervenire
1026 3444 1344 3514 poterimus.

533 3536 687 3591 Dicat
709 3536 855 3591 enim
882 3538 1251 3607 unusquisque
1274 3553 1380 3605 quo
1406 3536 1553 3593 dolet
1576 3536 1683 3609 [ΑΙ.
1709 3535 1853 3606 quod
1880 3534 2010 3607 vult]
2035 3551 2050 3591 :

460 3644 562 3699 ego
593 3629 788 3698 loquor
813 3629 1200 3685 conscientiam
1226 3646 1423 3684 meam.
1454 3630 1582 3684 Seio
1612 3628 1745 3683 milii
1778 3629 2056 3683 abstinen-

465 3722 593 3775 tiam
616 3760 632 3784 ,
663 3730 718 3775 et
750 3720 1004 3775 nocuisse
1035 3722 1402 3776 intermissam
1427 3764 1442 3788 ,
1472 3728 1526 3774 ct
1555 3721 1825 3790 profuisse
1854 3721 2059 3790 repeti-

466 3824 597 3869 tam.
628 3813 741 3869 Nec
770 3814 903 3868 tales
926 3830 1057 3884 ergo
1082 3815 1405 3883 recipiamus
1431 3815 1605 3880 cibos,
1636 3832 1773 3885 quos
1793 3827 1887 3869 aut
1913 3814 2060 3871 (lilii-

467 3907 668 3961 cultate
694 3906 966 3976 digerere,
991 3917 1083 3960 aut
1111 3916 1384 3962 contestos
1414 3924 1609 3976 magno
1635 3917 1819 3978 partos
1848 3917 1904 3963 et
1933 3924 2057 3977 per—

470 3999 615 4054 ditos
645 3998 835 4053 labore
877 3998 1185 4054 doleamus.
1228 3999 1451 4056 Olerum
1485 4011 1541 4055 et
1569 4015 1851 4068 pomorum
1889 4017 1954 4055 ac
1984 4002 2063 4056 le-

470 4093 777 4162 guminum,
810 4102 864 4146 et
897 4091 1108 4147 facilior
1139 4103 1434 4162 apparatus
1472 4102 1578 4161 est,
1610 4102 1664 4147 et
1711 4104 1829 4147 arte
1859 4094 2063 4162 impen-

473 4185 688 4253 diisque
717 4200 1013 4256 coquorum
1039 4200 1147 4239 non
1177 4186 1437 4255 indigent,
1465 4197 1520 4239 et
1549 4187 1666 4240 sine
1690 4200 1820 4239 cura
1849 4196 2065 4239 susten-

474 4288 589 4333 tant
621 4281 913 4333 bumanum
945 4292 1147 4349 genus,
1177 4279 1567 4349 moderateque
1609 4288 1859 4348 sumptus
1894 4297 1908 4333 :
1940 4280 2065 4347 quia

476 4389 575 4427 nec
610 4373 767 4427 avide
799 4373 1113 4428 devoratur.
1160 4374 1315 4439 Quod
1348 4373 1743 4427 irritamentum
1785 4373 1923 4442 gula:
1957 4389 2065 4428 non

2134 1773 2340 1828 ventris
2365 1773 2599 1843 ingluvie
2628 1774 2889 1841 cogitare.
2920 1774 3188 1841 Diogenes
3219 1786 3481 1845 tyrannos
3500 1784 3560 1828 et
3601 1775 3738 1827 sub.

2136 1866 2413 1921 versiones
2441 1866 2653 1920 urbium
2682 1866 2933 1936 bellaque
2958 1866 3172 1921 hostilia
3188 1869 3271 1921 vel
3301 1866 3479 1921 civilia
3508 1884 3615 1922 non
3642 1884 3742 1936 pro

2135 1959 2367 2027 simplici
2394 1959 2537 2013 victu
2563 1960 2767 2015 olerum
2794 1974 3210 2031 pomorumque,
3238 1961 3332 2014 sed
3360 1975 3458 2028 pro
3482 1962 3744 2015 carnibus

2139 2051 2530 2121 epularnmque
2558 2052 2769 2106 deliciis
2816 2051 3009 2107 asserit
3050 2052 3301 2108 excitari.
3330 2052 3595 2123 Quodque
3638 2053 3749 2107 mi-

2142 2144 2364 2198 randum
2396 2147 2482 2212 sit,
2534 2146 2802 2214 Epicurus
2832 2147 3125 2215 voluptatis
3152 2158 3413 2207 assertor,
3446 2162 3642 2201 omnes
3676 2148 3747 2201 li-

2140 2238 2269 2293 bros
2299 2252 2428 2293 suos
2455 2237 2687 2306 replevit
2711 2238 2952 2292 oleribus
2982 2247 3036 2292 et
3066 2239 3241 2307 pomis
3269 2249 3324 2293 et
3354 2238 3554 2294 vilibus
3581 2241 3745 2307 cibis,

2141 2329 2331 2384 dicens
2355 2330 2422 2382 ita
2455 2343 2576 2383 esse
2599 2329 2884 2384 vivendmn
2916 2344 2933 2383 :
2965 2338 2989 2367 ι
3020 2330 3143 2399 quia
3169 2345 3365 2385 carnes
3384 2342 3437 2386 et
3460 2332 3751 2399 exquisita

2143 2422 2318 2491 epulae
2342 2422 2543 2492 ingenti
2562 2437 2689 2477 cura
2714 2438 2776 2478 ac
2795 2423 3011 2477 miseria
3037 2434 3433 2493 przrptrantur,
3450 2423 3750 2493 majorem-

2146 2532 2250 2586 que
2281 2531 2491 2584 prunam
2521 2516 2755 2571 habeant
2786 2517 2837 2571 in
2868 2516 3185 2586 quazrendo,
3219 2534 3383 2585 quam
3409 2519 3749 2586 Voluptatem

2148 2612 2200 2665 in
2247 2610 2538 2666 abutendo.
2589 2610 2784 2665 Bibere
2828 2621 2883 2665 et
2932 2615 3221 2666 comedere
3263 2628 3371 2664 non
3426 2611 3749 2666 deliciarum

2148 2703 2400 2757 ardorem
2444 2702 2607 2758 debet
2645 2702 2890 2758 excitare
2922 2721 2938 2759 :
2970 2702 3069 2758 sed
3099 2704 3245 2757 sitim
3299 2704 3606 2774 famemque
3658 2718 3751 2759 re-

2150 2796 2445 2866 stinguere.
2489 2796 2589 2861 Qui
2635 2798 2894 2852 carnibus
2923 2807 3254 2863 vescuntur,
3290 2798 3534 2869 indigent
3583 2800 3751 2853 etiam

2152 2886 2235 2942 bis
2279 2902 2401 2957 quae
2446 2897 2573 2943 sunt
2603 2889 2712 2960 [AL
2746 2904 2851 2944 non
2900 2891 3048 2962 sunt]
3097 2893 3361 2945 carnium.
3415 2892 3514 2957 Qui
3565 2902 3753 2947 autem

2154 2982 2383 3051 simplici
2417 2981 2559 3036 victu
2592 2991 2846 3047 utuntur,
2876 2998 2972 3037 cos
3004 2998 3199 3037 carnes
3233 2998 3337 3038 non
3371 2984 3679 3054 requirere.

2221 3073 2512 3143 Sapientiae
2551 3090 2683 3145 ergo
2731 3090 2950 3143 cperam
3001 3074 3134 3132 dare
3178 3092 3285 3130 non
3335 3090 3646 3153 possumus,
3706 3077 3757 3133 si

2153 3181 2354 3221 mensa:
2390 3166 2778 3222 abundantiam
2824 3170 3159 3238 cogitemus,
3190 3185 3309 3240 qua:
3349 3169 3538 3226 labore
3580 3169 3755 3225 nimio

2153 3269 2208 3314 et
2252 3274 2379 3317 cura
2427 3259 2691 3330 indigent.
2724 3258 2844 3314 Cito
2888 3260 3141 3328 expletur
3168 3271 3377 3315 nat‘urte
3408 3262 3756 3319 necessitas:

2156 3350 2327 3421 frigus
2351 3359 2407 3406 et
2442 3351 2612 3406 fames
2634 3392 2650 3416 ,
2679 3352 2913 3422 simplici
2944 3353 3143 3408 vestitu
3187 3363 3243 3407 et
3274 3353 3399 3408 cibo
3428 3352 3629 3421 expelli
3661 3368 3764 3423 po-

2160 3454 2285 3502 test.
2341 3445 2559 3501 Delicias
2600 3456 2654 3501 et
2700 3448 2981 3517 epularum
3037 3449 3273 3501 varietas
3346 3446 3587 3501 fomenta
3632 3453 3768 3501 sunt

2158 3540 2422 3594 avaritiae.
2471 3538 2630 3606 Quod
2661 3540 2707 3593 si
2749 3539 2872 3609 quis
2917 3539 3191 3594 existimat
3233 3554 3293 3594 se
3322 3538 3653 3593 abundantia
3684 3539 3765 3593 ci-

2158 3633 2349 3688 borum
2381 3634 2769 3703 potionnmqne
2796 3632 3023 3702 perfrui,
3056 3643 3110 3686 et
3136 3648 3328 3687 vacare
3350 3646 3514 3701 posse
3541 3633 3767 3702 sapien-

2162 3726 2273 3792 tiae,
2304 3726 2403 3780 hoc
2423 3738 2507 3781 est
2524 3726 2733 3780 versari
2758 3726 2898 3780 inter
2920 3725 3166 3789 delicias,
3191 3735 3246 3781 et
3270 3726 3589 3781 deliciarum
3616 3727 3766 3782 vitiis

2163 3834 2271 3873 non
2322 3818 2524 3885 teneri,
2577 3819 2816 3886 seipsum
2860 3818 3080 3887 decipit.
3134 3819 3341 3874 Sensus
3394 3829 3583 3873 noster
3633 3818 3765 3873 illud

2158 3911 2385 3989 cogitat,
2406 3910 2551 3980 quod
2571 3911 2738 3978 videt,
2762 3910 2931 3975 audit,
2956 3910 3238 3975 celeratur,
3258 3919 3459 3980 gustat,
3484 3920 3767 3977 attrectat,

2165 4016 2215 4054 et
2244 4006 2312 4055 ad
2330 4002 2448 4071 ejus
2467 4003 2699 4058 trahitur
2716 4002 3032 4072 appetitum,
3052 4003 3208 4071 cujus
3228 4002 3440 4073 capitur
3460 4003 3767 4072 voluptate.

2167 4094 2414 4157 Difficile,
2433 4096 2603 4150 immo
2631 4095 2964 4165 impossibile
2981 4105 3084 4158 est,
3105 4094 3312 4149 divitiis
3331 4107 3382 4151 et
3400 4095 3772 4162 voluptati-bus

2167 4190 2454 4246 afﬂuentes
2483 4206 2593 4245 non
2626 4206 2687 4246 ea
2719 4191 2960 4260 cogitare
2997 4205 3116 4259 quae
3142 4190 3404 4259 gerimus.
3436 4190 3772 4258 Frustraqoe

2168 4284 2387 4353 quidam
2431 4286 2689 4339 simulant
2717 4284 2864 4338 salva
2909 4283 3016 4338 fide
3043 4294 3099 4338 et
3137 4282 3392 4353 pudicitia
3435 4282 3522 4353 [At
3550 4291 3686 4335 tacet
3714 4292 3775 4337 et

2175 4378 2454 4451 pudicitia]
2481 4391 2535 4433 et
2558 4379 2870 4448 integritate
2888 4380 3088 4432 mentis
3108 4393 3170 4433 se
3193 4377 3341 4432 abuti
3363 4377 3734 4446 voluptatibus
3758 4395 3772 4430 :

476 4465 639 4521 habet
662 4508 676 4533 ,
731 4466 922 4521 leviori
968 4465 1268 4536 digestione
1317 4464 1660 4535 decoquitur.
1709 4464 1882 4522 Nemo
1922 4466 2067 4521 enim
2094 4443 2151 4506 Ῑ)
2177 4490 2298 4527 cuin
2327 4483 2513 4528 contra
2544 4485 2790 4527 naturam
2820 4473 2911 4537 sit,
2940 4472 3115 4541 cepiis
3142 4471 3495 4540 voluptatum,
3527 4469 3651 4525 sine
3680 4484 3779 4524 vo-

476 4578 583 4617 uno
616 4570 672 4617 et
700 4561 914 4616 duobus
953 4562 1111 4627 cibis,
1146 4560 1341 4632 bisque
1368 4560 1565 4615 vilibus
1596 4574 1768 4629 usque
1810 4560 1877 4615 ad
1914 4559 2071 4614 infla-

484 4657 683 4711 tionem
716 4656 923 4710 ventris
970 4664 1264 4721 oneratur,
1295 4671 1419 4726 quar.
1466 4655 1781 4710 diversitate
1823 4655 2071 4710 carnium

480 4759 535 4804 et
558 4750 772 4818 saporis
811 4748 1175 4804 delectatione
1202 4749 1534 4818 concipitur,
1561 4762 1685 4801 cum
1714 4747 1879 4800 variis
1910 4746 2070 4801 nido-

480 4843 631 4898 ribus
660 4843 871 4897 fumant
898 4844 1115 4913 patinat,
1139 4854 1192 4899 et
1222 4844 1288 4896 ad
1314 4857 1468 4898 esum
1500 4841 1606 4903 sui,
1632 4842 1843 4911 expleta
1866 4842 2071 4909 esurio,

482 4933 636 5004 quasi
665 4933 910 5001 captivus
940 4936 1183 4989 tralmnt.
1219 4934 1372 4991 Unde
1400 4944 1456 4990 et
1486 4934 1661 4990 morbi
1690 4950 1756 4990 ex
1786 4935 2073 4993 saturitate

485 5026 651 5078 nimia
686 5028 1046 5081 concitantur.
1083 5027 1345 5098 Multique
1390 5028 1783 5097 impatientiam
1813 5030 1954 5099 gula:
1982 5046 2077 5086 vo-

1081 5138 1095 5174 :
1144 5131 1200 5175 et
1246 5120 1390 5191 quod
1435 5122 1664 5191 turpiter
1708 5122 2076 5193 ingesserunt,

484 5118 617 5173 rnitu
667 5119 1039 5175 remediantur

485 5215 698 5284 turpius
726 5223 969 5283 egerunt.

552 5308 850 5375 Postquam
884 5306 1026 5360 enim
1064 5308 1210 5363 venit
1237 5308 1486 5364 Christus
1526 5309 1581 5364 in
1608 5311 1714 5365 fine
1746 5321 2078 5380 temporum,

485 5409 540 5454 et
572 5399 805 5455 revolvit
835 5413 1030 5469 omega
1059 5406 1124 5451 ad
1153 5399 1340 5469 alpha,
1371 5401 1421 5455 id
1450 5413 1554 5469 εει,
1593 5403 1756 5458 linem
1789 5403 1855 5458 ad
1883 5402 2083 5473 princi-

2180 4568 2385 4635 luptate
2426 4564 2652 4634 perfrui.
2689 4566 2893 4621 Sensus
2922 4579 3214 4633 corporum
3262 4562 3414 4634 quasi
3460 4568 3585 4633 equi
3626 4572 3778 4629 sunt,

2179 4661 2295 4713 sine
2316 4660 2523 4715 ratione
2543 4668 2849 4714 currentes.
2877 4658 3068 4712 Anima
3096 4672 3224 4711 vero
3247 4656 3300 4711 in
3328 4655 3532 4726 auriga:
3554 4653 3778 4709 modum

2182 4753 2376 4808 retinet
2407 4754 2556 4808 frena
2591 4750 2945 4807 currentium.

2252 4846 2484 4901 Grandis
2504 4846 2793 4900 exsultatio
2817 4845 3010 4898 animze
3033 4852 3136 4911 est,
3152 4858 3273 4898 enm
3300 4856 3462 4912 parvo
3487 4849 3786 4896 contentus

2182 4938 2370 5001 fueris,
2399 4940 2656 4993 mundum
2686 4941 2887 4996 habere
2908 4938 3009 4992 sub
3034 4938 3266 5007 pedibus
3298 4954 3311 4989 :
3339 4946 3391 4989 et
3417 4949 3635 4989 omnem
3659 4933 3783 5003 ejus

2187 5032 2502 5101 potentiam,
2551 5033 2777 5099 epulas,
2832 5030 3108 5091 libidines,
3161 5038 3379 5097 propter
3407 5043 3526 5094 qum
3572 5025 3784 5079 divitia

2186 5135 2590 5193 comparantur,
2611 5125 2804 5177 vilibus
2819 5134 3029 5177 mutare
3046 5121 3203 5185 cibis,
3230 5130 3286 5175 et
3305 5120 3574 5175 crassiore
3592 5118 3786 5174 tunica

2186 5231 2563 5283 compensare.
2595 5216 2748 5269 Tolle
2774 5215 3055 5285 epularum
3094 5223 3149 5267 et
3178 5212 3417 5266 libidinis
3462 5210 3738 5263 luxuriam
3772 5226 3787 5263 :

2189 5325 2348 5363 nemo
2372 5316 2585 5374 quzeret
2622 5308 2859 5368 divitias,
2890 5322 3115 5376 quorum
3158 5319 3286 5358 usus
3308 5344 3321 5364 ,
3354 5314 3447 5355 aut
3478 5305 3529 5354 in
3566 5312 3789 5367 ventre,

2190 5419 2279 5461 aut
2320 5402 2423 5458 sub
2445 5411 2631 5456 ventre
2663 5411 2763 5455 cst.
2797 5401 2899 5468 Qui
2945 5407 3204 5472 aegrotat,
3249 5410 3355 5451 non
3398 5395 3559 5448 aliter
3592 5395 3794 5464 recipit

565 5590 591 5617 ι
630 5579 855 5662 Rubeus
896 5581 1016 5638 hanc
1064 5596 1163 5653 per
1193 5581 1457 5642 incuriam
1488 5587 1656 5644 verba
1707 5590 2076 5662 praetermisit,
2107 5591 2234 5662 quia
2255 5603 2438 5644 carnes
2469 5595 2515 5640 et
2545 5583 2819 5657 exquisita:
2858 5581 3026 5653 epuli:
3063 5580 3255 5653 ingenti
3300 5595 3425 5633 cura
3466 5595 3529 5633 ac
3582 5579 3798 5637 miseria

502 5660 883 5720 pra’parantnr.
