4012 6190
516 146 613 161 νυν-ἰ

240 169 349 231 510

807 166 1088 230 REGULA
1128 165 1612 228 SIONACHORUM
1646 167 1745 235 EX
1781 166 2093 237 SCMPTIS
2133 169 2524 233 lill-IRONYMI
2564 173 2947 235 COLLECTA.

3435 184 3545 249 5ῑο

242 284 558 355 sanitatem,
587 285 693 340 nisi
734 285 881 343 tenui
906 285 1031 342 cibo
1054 293 1111 362 et
1135 284 1401 355 castigato
1427 284 1593 340 victu.
1621 282 1831 353 Quibus
1854 285 1913 348 Α
1936 298 2235 358 noverant,
2269 305 2456 346 verum
2483 302 2538 348 et
2568 292 2744 364 ipsum
2778 310 2965 365 parum
2995 304 3222 369 propter
3267 312 3537 358 nauseam

243 391 371 449 ergo
409 378 551 434 cibis
589 378 850 449 recipitur
879 378 1117 441 sanitas.
1162 377 1245 439 his
1275 386 1331 441 et
1359 376 1566 437 servari
1615 386 1837 445 potest:

244 485 311 527 ne
338 471 458 538 quis
488 482 643 541 putet
684 471 909 526 morbos
947 470 1188 527 oleribus
1236 470 1519 525 concitari.
1558 468 1615 525 Si
1658 480 1839 527 autem

242 564 387 620 vires
414 565 561 620 olera
586 579 693 620 non
719 564 1051 627 ministrant,
1076 579 1196 633 qnte
1228 573 1528 618 nascuntur
1550 573 1599 619 et
1626 563 1839 620 aluntur

241 656 529 723 carnibus,
577 656 706 727 quid
738 666 763 693 ἰ
798 667 976 712 tamen
1011 670 1236 710 necesse
1264 665 1351 711 est
1382 655 1611 723 sapienti
1644 655 1759 710 viro
1785 663 1840 711 et

242 750 565 822 philosopho
595 750 799 808 Christi
823 762 1028 807 tantam
1059 751 1261 809 habere
1288 750 1691 821 fortitudinem,
1719 764 1839 822 quin

238 844 457 901 athletis
484 854 542 903 et
587 844 852 901 militibus
898 842 1207 899 ttccessztria
1234 857 1315 899 εει
1338 884 1355 907 ,
1400 859 1562 915 quam
1592 859 1715 897 cum
1745 844 1838 899 ha-

237 936 415 994 buerit
466 936 533 991 ad
567 938 700 992 vitia
754 938 1121 1008 provocetur?
1160 938 1239 993 Illi
1282 936 1618 993 arbitrentur
1645 949 1836 991 carnes

236 1032 453 1088 sanitati
491 1048 787 1103 congruas,
834 1034 927 1103 qui
953 1034 1142 1087 volunt
1182 1032 1331 1089 abuti
1370 1032 1623 1093 libidine,
1677 1041 1731 1084 et
1778 1028 1832 1085 iu

234 1139 449 1181 casuum
479 1127 715 1181 demersi
748 1126 1086 1196 Voluptatum
1112 1169 1130 1194 ,
1163 1124 1228 1178 ad
1258 1124 1463 1177 coitum
1492 1137 1708 1192 semper
1736 1137 1849 1176 δερ·

232 1226 487 1271 mstuant.
533 1217 842 1271 Chiistiano
884 1219 1089 1271 sanitas
1129 1216 1335 1285 absque
1364 1214 1573 1273 viribus
1616 1213 1831 1270 eximiis

235 1308 343 1380 [ΑΙ.
377 1308 561 1379 nimis]
594 1310 902 1367 necessaria
930 1321 1034 1366 est.

302 1400 410 1457 Nec
435 1402 650 1458 turbare
676 1418 776 1458 nos
802 1404 987 1469 debet,
1016 1404 1059 1457 si
1089 1402 1194 1457 rari
1219 1412 1347 1457 sunt
1372 1402 1538 1470 hujus
1561 1400 1826 1472 propositi

230 1506 559 1565 sectatores,
593 1498 717 1566 quia
740 1498 850 1552 rari
891 1506 1038 1562 sunt,
1068 1506 1124 1553 et
1149 1496 1308 1552 amici
1352 1497 1479 1550 boni
1525 1496 1747 1564 fideles,
1771 1506 1827 1553 et

231 1586 441 1656 pudici.
485 1597 539 1642 et
569 1589 942 1655 continentes,
991 1603 1318 1659 setttperqtte
1342 1590 1512 1645 virttis
1554 1604 1675 1645 rara
1715 1597 1822 1646 est.

1942 389 1997 437 et
2024 384 2377 450 asperitatem
2404 389 2637 457 gutturis
2662 388 2998 447 leniendam.

2013 477 2153 545 Quid
2211 478 2424 550 loquar.
2481 481 2693 549 inquit,
2747 482 2816 538 de
2862 483 3216 550 volatilibus,
3263 501 3385 542 cum
3432 501 3533 543 ova

1941 584 2159 641 quoque
2186 586 2283 639 pro
2306 573 2565 628 carnibus
2586 572 2879 630 vitaveriut
2901 585 2958 630 et
2987 576 3107 632 lac?
3129 594 3358 645 quorum
3392 580 3535 634 alte-

1943 676 2063 716 rum
2090 677 2282 719 catttes
2314 664 2554 735 liquidas
2576 706 2590 730 ,
2623 664 2854 721 alterum
2882 668 3203 737 sanguinem
3243 686 3366 725 esse
3388 672 3535 728 dices

1944 752 2077 807 haut
2101 754 2288 810 colore
2336 766 2569 813 mutato.
2594 757 2783 813 Cubile
2823 760 2904 814 eis
2930 759 2999 815 de
3044 759 3194 815 foliis
3238 762 3531 831 palmarum

1940 853 2254 900 contextum
2286 858 2422 902 erat.
2458 848 2767 904 Scabelltim
2798 851 3004 905 acclit'e
3035 868 3099 906 ex
3136 869 3237 907 una
3264 866 3412 923 parte
3439 857 3535 909 ob-

1942 936 2144 1008 liquum
2171 941 2221 993 in
2252 949 2396 996 terra
2426 958 2525 1010 pro
2556 943 2778 1011 pulvillo
2810 944 2971 1012 capiti
3001 946 3420 1015 suppooebant:
3453 950 3535 1003 bi-

1938 1029 2027 1083 dui
2061 1030 2334 1102 triduique
2364 1033 2600 1088 inediam
2630 1036 2964 1091 sustinentes
2986 1079 3002 1102 ,
3034 1048 3089 1092 et
3117 1039 3377 1094 humores
3413 1055 3537 1095 cor-

1937 1121 2082 1188 poris
2107 1163 2123 1189 ,
2157 1123 2248 1193 qui
2298 1133 2599 1179 nascuntur
2626 1142 2693 1183 ex
2724 1128 2856 1191 otio,
2885 1136 2943 1183 et
2971 1145 3035 1184 ex
3069 1131 3352 1185 mansione
3379 1134 3534 1188 unius

1934 1212 2038 1266 loci
2064 1255 2079 1279 ,
2110 1212 2274 1269 nimia
2301 1214 2473 1268 victus
2496 1217 2854 1286 castigatione
2882 1218 3181 1275 sicca-bant.
3215 1220 3347 1276 Item
3376 1221 3533 1279 Juse-

1932 1305 2094 1376 phus,
2128 1306 2178 1360 in
2209 1308 2460 1363 secunda-
2485 1307 2725 1363 Jndaica:
2749 1310 3085 1381 captivitatis
3110 1313 3365 1377 historia,
3398 1326 3452 1370 et
3482 1316 3533 1371 in

1932 1397 2143 1457 decimo
2186 1409 2378 1454 octavo
2427 1398 2827 1470 Antiquitatttm
2877 1402 3063 1471 libro,
3114 1405 3217 1459 tria
3270 1408 3536 1463 describit

1930 1490 2178 1561 dogmata
2211 1491 2522 1546 Judmorum
2549 1534 2565 1559 ,
2592 1495 2923 1561 pharisa‘os,
2954 1494 3297 1562 saddﬁczeos,
3329 1514 3533 1555 essa-os

1931 1587 2037 1657 [ΑΙ.
2068 1585 2327 1656 essenosj
2365 1604 2377 1641 :
2407 1602 2639 1658 quorum
2668 1588 2998 1643 novissimos
3030 1590 3187 1645 miris
3214 1592 3372 1647 effert
3410 1594 3528 1648 lau-

230 1678 484 1749 chimus
511 1680 775 1748 quosdam
810 1681 1002 1735 morbo
1046 1681 1325 1736 articulari
1351 1689 1407 1734 et
1438 1680 1694 1752 podagra:
1725 1682 1824 1735 Ιιυτ
1854 1674 1902 1737 Β
1928 1679 2107 1747 dibus,
2139 1679 2283 1748 quod
2322 1690 2379 1734 et
2406 1682 2666 1736 uxoribus
2692 1726 2705 1747 ,
2756 1682 2880 1737 vitio
2908 1692 2963 1738 et
3007 1684 3267 1739 carnibus
3309 1701 3528 1757 semper

228 1773 475 1827 moribus
506 1772 837 1842 laborantes,
863 1772 1271 1844 proscriptione
1295 1777 1559 1828 bonorum
1588 1773 1657 1827 ad
1687 1773 1822 1829 sint-

227 1865 427 1937 plicent
459 1882 704 1921 mensam
730 1876 787 1922 et
811 1867 881 1923 ad
914 1882 1181 1937 pauperes
1210 1868 1366 1922 cibos
1397 1866 1667 1932 redactos,
1694 1883 1826 1921 coit?

223 1958 489 2015 valuisse.
520 1958 820 2033 Caruerant
845 1959 990 2015 enim
1034 1958 1406 2014 sollicitudine
1443 1958 1824 2029 dispensanda:

226 2050 445 2115 domus,
480 2061 538 2106 et
578 2051 864 2123 epularutn
888 2051 1170 2123 largitate,
1212 2066 1332 2121 qua
1363 2059 1418 2105 et
1446 2064 1646 2120 corpus
1672 2048 1822 2105 frau-

225 2151 354 2214 gunt
371 2186 386 2209 ,
421 2152 476 2197 et
494 2143 760 2199 animam.

294 2235 489 2293 lrridet
515 2237 772 2295 Horatius
792 2238 1093 2308 appetitum
1106 2237 1379 2305 ciborum,
1398 2236 1491 2306 qui
1511 2235 1820 2304 consumpti

228 2331 543 2401 relinquunt
571 2331 973 2400 pmniteutiam.
993 2332 1099 2386 Sed
1125 2332 1287 2387 etiam
1305 2347 1369 2385 ex
1386 2330 1663 2387 vilissimis
1683 2330 1820 2385 cibis

229 2423 447 2479 vitanda
475 2424 717 2479 satietas.
756 2423 905 2487 Nihil
936 2427 1080 2479 enim
1127 2426 1200 2479 ita
1231 2425 1317 2478 obi
1336 2425 1413 2479 uit
1445 2424 1685 2478 animum
1709 2465 1728 2490 ,
1763 2432 1821 2481 ut

227 2514 418 2585 plenus
448 2525 639 2571 venter
666 2526 721 2571 et
748 2528 1004 2579 testuaus,
1028 2526 1082 2571 et
1114 2518 1217 2571 huc
1248 2516 1374 2571 illuc
1400 2531 1460 2571 se
1490 2526 1733 2582 vertens,
1763 2527 1820 2573 et

226 2608 278 2662 in
306 2618 496 2664 ructus
516 2648 532 2675 ,
583 2620 641 2665 et
668 2610 722 2664 in
746 2610 991 2677 crepitus
1018 2620 1299 2664 ventorum
1336 2608 1616 2665 eiflatione
1642 2610 1815 2680 respi-

229 2715 375 2756 rans.
400 2701 571 2767 Quale
592 2711 773 2758 autem
797 2702 931 2758 illud
950 2702 1241 2771 jejunium,
1270 2713 1359 2755 aut
1387 2701 1565 2771 qualis
1589 2701 1816 2758 refectio

225 2803 345 2863 post
369 2792 663 2862 jejunium,
696 2810 818 2849 cum
854 2794 1118 2863 pridiauis
1145 2793 1323 2863 epulis
1351 2792 1736 2857 distendimur,
1761 2804 1819 2848 ct

223 2895 406 2953 guttur
434 2896 678 2940 nostrum
731 2886 1134 2942 meditatoriutn
1184 2886 1421 2941 efficitur
1450 2887 1815 2943 latrinarum?

201 2976 465 3048 'Dumque
485 2978 740 3032 volumus
766 2978 1074 3047 prolixioris
1099 2977 1292 3032 inedia:
1315 2978 1513 3033 famem
1541 2994 1807 3049 quaerere,

1928 1771 2318 1840 abstinuerint,
2350 1773 2727 1842 quotidianum
2765 1774 3038 1845 jejunium
3067 1777 3331 1833 verterint
3353 1778 3405 1833 in
3431 1794 3527 1832 na-

1932 1873 2128 1918 turam.
2162 1863 2338 1932 Super
2365 1880 2596 1933 quorum
2629 1866 2738 1919 vita
2772 1878 2825 1920 et
2871 1867 2997 1922 cibo
3040 1867 3150 1941 [Αι.
3180 1878 3309 1923 tacet
3338 1869 3522 1940 cibo},

1930 1958 2086 2013 Philo
2119 1960 2202 2012 vir
2228 1958 2577 2013 doctissimus
2608 1960 2884 2028 propriuut
2918 1960 3175 2015 Voluntcn
3203 1962 3396 2016 edidit.

2001 2052 2267 2108 Eubulius
2311 2060 2495 2109 narrat
2548 2050 2690 2120 apud
2734 2052 2928 2107 Persas
2970 2054 3070 2106 tria
3098 2068 3304 2122 genera
3347 2054 3527 2126 Mago-

1926 2162 2046 2202 rum
2071 2186 2085 2212 ,
2140 2161 2369 2216 quorum
2417 2144 2654 2215 primos,
2690 2146 2781 2216 qui
2819 2146 2931 2200 sint
2976 2146 3273 2201 doctissimi
3320 2159 3375 2202 et
3411 2150 3527 2204 elo-

1927 2239 2267 2309 quentissimi
2287 2281 2301 2303 ,
2338 2251 2562 2307 excepta
2602 2237 2775 2293 farina
2803 2250 2856 2293 et
2883 2239 3064 2301 olere,
3096 2240 3172 2294 nil
3203 2241 3440 2310 amplius
3469 2243 3520 2295 itt

1925 2333 2047 2388 cibo
2073 2348 2318 2388 sumere.
2351 2331 2602 2403 Orpbeus
2640 2347 2855 2402 quoque
2892 2332 2944 2387 in
2976 2334 3219 2388 carmine
3240 2350 3341 2388 suo
3371 2350 3523 2390 esum

1924 2425 2168 2481 carnium
2219 2426 2436 2494 penitus
2478 2425 2799 2481 deleatatur.
2835 2425 3154 2497 Pythagorae
3186 2427 3385 2489 etiam.
3416 2427 3521 2483 So-

1922 2518 2116 2583 cratis,
2155 2517 2496 2573 Autistbenis
2518 2560 2534 2585 ,
2582 2527 2639 2572 et
2669 2518 3007 2588 reliquorum
3036 2519 3401 2588 frugalitatem
3430 2536 3518 2575 reo

1920 2609 2120 2666 ferrem
2149 2610 2205 2665 in
2234 2608 2615 2665 confusionem
2644 2618 2922 2677 nostram,
2954 2612 3055 2665 nisi
3088 2622 3143 2668 et
3175 2612 3395 2681 longum
3427 2628 3521 2668 es-

1920 2711 2035 2771 set,
2063 2713 2118 2761 et
2146 2702 2351 2773 pmprii
2382 2703 2565 2771 operis
2591 2702 2861 2772 indigeret
2893 2720 2906 2755 :
2940 2713 2997 2757 ut
3022 2704 3111 2772 qui
3138 2712 3517 2774 paupertatem

1920 2797 2304 2867 Apostolorum
2347 2806 2403 2850 et
2441 2795 2623 2850 crucis
2651 2796 2930 2860 duritiem,
2976 2804 3068 2850 aut
3097 2799 3378 2861 nesciunt,
3421 2805 3518 2853 aut

1920 2898 2307 2955 contemnunt,
2352 2888 2631 2944 imitentur
2659 2889 2851 2943 saltem
2881 2888 3162 2957 gentiliutu
3196 2890 3513 2959 parcitatem

1920 2981 2029 3055 [ΑΙ.
2060 2981 2477 3053 paupertatem].

221 3077 432 3125 tantum
464 3083 744 3136 voramus,
776 3077 1036 3138 quantum
1070 3069 1154 3123 vix
1186 3069 1413 3124 alterius
1441 3068 1548 3125 diei
1579 3086 1685 3126 nox
1731 3070 1814 3125 di-
1840 3063 1889 3133 (Ξ
1988 3074 2070 3129 Ad
2098 3091 2159 3129 ea
2190 3075 2365 3141 venio,
2389 3090 2511 3146 qua:
2534 3074 2711 3130 Asella
2746 3083 2867 3145 post
2891 3073 3278 3129 duodecimum
3313 3090 3513 3130 annum

222 3174 392 3234 gerat.
434 3163 621 3234 Itaque
660 3179 767 3218 non
816 3171 926 3219 tattt
975 3162 1241 3233 jejunium
1283 3162 1665 3235 appellandum
1705 3174 1813 3233 est,

222 3272 377 3326 quant
404 3256 666 3328 crapula,
699 3271 763 3312 ac
793 3255 969 3312 fetens
994 3267 1049 3311 et
1087 3255 1317 3312 molesta
1341 3253 1600 3326 digestio.

808 3389 1042 3448 CAPUT
1083 3390 1197 3446 Xll.

222 3507 291 3562 De
324 3507 657 3583 Abstineittia
696 3504 1161 3579 Piri/asaphorum,
1190 3509 1527 3575 antiquorum
1551 3506 1811 3562 Sacerdo-

572 3612 679 3654 tum
700 3644 712 3663 ,
743 3601 1067 3672 aliorumque
1099 3600 1431 3656 Sanct’orum.

280 3714 632 3771 Dicatarcltus
656 3714 709 3771 iit
735 3715 888 3770 libris
920 3715 1319 3785 Antiqttilatutn
1346 3726 1400 3771 et
1426 3715 1809 3784 Descriptioue

212 3805 467 3871 ϐαρεῖαι,
523 3807 692 3863 refert
728 3808 833 3863 sub
870 3808 1147 3875 Saturno,
1196 3826 1318 3863 cunt
1374 3809 1557 3865 omnia
1609 3809 1807 3866 ltumus

211 3897 491 3963 funderet,
536 3899 746 3954 nullum
780 3900 1086 3956 comedisse
1112 3915 1305 3955 carnes
1328 3942 1343 3965 ,
1386 3901 1480 3956 sed
1524 3902 1807 3958 universos

212 3991 410 4047 vixisse
440 3993 684 4063 frugibus
714 4004 769 4048 et
814 3995 989 4064 pomis
1011 4039 1025 4061 ,
1059 4011 1179 4064 quae
1218 4005 1414 4063 sponte
1443 4007 1586 4051 terra
1617 3998 1807 4066 gigne-

208 4085 313 4144 δεδι.
346 4086 678 4147 ΕΙηϊειηυιι
717 4106 934 4160 quoque
981 4090 1237 4153 Stoicus.
1290 4091 1377 4144 vir
1426 4091 1807 4160 eloquentissi-

206 4198 342 4250 mus,
377 4194 572 4239 narrat
596 4183 664 4239 de
689 4184 795 4238 vita
823 4184 1168 4253 antiquorum
1183 4184 1403 4256 Egypti
1434 4184 1801 4254 sacerdotum,

205 4277 341 4343 quod
380 4276 644 4331 omnibus
676 4277 863 4331 mundi
906 4277 1136 4347 negotiis
1166 4278 1426 4347 curisque
1456 4277 1803 4347 postpositis,

205 4382 426 4439 semper
454 4369 511 4425 in
560 4370 762 4441 templo
810 4369 1043 4439 fuerint,
1093 4380 1148 4426 et
1177 4388 1358 4426 rerum
1392 4380 1648 4437 naturas,
1678 4387 1805 4425 cau-

1918 3166 2115 3222 sudore
2147 3168 2370 3237 proprio
2400 3167 2583 3238 elegit,
2635 3166 2906 3233 arripuit,
2941 3166 3150 3231 tenuit,
3185 3166 3380 3235 cepit,
3416 3168 3520 3221 itit-

1919 3261 2101 3331 plevit.
2158 3260 2329 3318 Unius
2375 3261 2588 3316 cellulte
2632 3263 2819 3315 clausa
2869 3260 3175 3330 angustiis,
3230 3258 3517 3316 latitudine

1917 3356 2153 3424 paradisi
2197 3356 2497 3410 fruebatur.
2532 3354 2675 3409 Idem
2720 3364 2883 3410 teme
2932 3354 3140 3418 solum,
3172 3361 3228 3407 et
3252 3352 3515 3410 orationis

1914 3448 2066 3500 locus
2095 3446 2303 3501 exstitit
2344 3453 2399 3497 ct
2438 3444 2657 3513 quietis.
2701 3443 2975 3513 Jejttnium
3009 3442 3193 3496 habuit
3221 3459 3319 3512 pro
3348 3443 3476 3496 ludo
3498 3484 3512 3507 ,

1913 3538 2146 3594 inediam
2200 3553 2300 3606 pro
2346 3537 2663 3593 refectione.
2696 3536 2765 3590 Et
2792 3550 2913 3590 cum
2954 3550 3075 3591 eam
3124 3550 3229 3590 non
3260 3535 3513 3589 vescendi

1913 3632 2268 3697 desiderium,
2302 3631 2397 3687 sed
2431 3631 2663 3685 humana
2706 3629 2979 3685 confectio
3009 3628 3075 3683 ad
3108 3630 3289 3684 cibum
3332 3630 3512 3685 trahe-

1913 3737 2032 3791 ret,
2065 3742 2207 3795 pane
2249 3734 2305 3781 et
2343 3726 2457 3780 sale
2484 3734 2541 3779 et
2579 3740 2716 3790 aqua
2762 3723 2957 3792 frigida
3000 3724 3309 3780 concitabat
3340 3724 3512 3792 magis

1909 3821 2169 3886 esuriem,
2188 3834 2349 3889 quant
2378 3818 2783 3888 restinguebat:
2808 3827 2863 3872 et
2880 3816 3209 3887 operabatur
3232 3818 3505 3885 inanibus,

1909 3913 2089 3967 sciens
2116 3912 2375 3981 scriptum
2405 3926 2530 3966 esse
2564 3927 2577 3964 :
2614 3911 2719 3975 Qui
2747 3926 2847 3963 non
2887 3907 3123 3978 laborat,
3151 3927 3252 3965 non
3280 3911 3508 3964 mandu-

1909 4015 1984 4062 cet
2014 4006 2077 4078 (ll
2108 4004 2292 4060 Thess.
2323 4003 2425 4076 ut).
2457 4004 2525 4058 Et
2560 4004 2635 4059 ita
2661 4002 2729 4057 ad
2760 4003 3277 4073 quinquagenariam
3321 4018 3509 4071 perve-

1908 4100 1990 4153 nit
2017 4108 2235 4153 mtatem
2262 4140 2277 4163 ,
2329 4107 2390 4152 ut
2428 4111 2534 4152 non
2563 4096 2779 4151 doleret
2819 4096 3135 4149 stomachus
3155 4135 3169 4156 ,
3201 4108 3309 4148 non
3336 4094 3485 4151 visce

1908 4213 2026 4250 rum
2072 4195 2413 4251 cruciaretur
2457 4192 2693 4264 injuria,
2741 4207 2848 4246 non
2879 4192 3022 4246 sicca
3054 4187 3505 4254 bumusjacentia

1908 4289 2152 4343 membra
2190 4286 2596 4356 confringeret,
2642 4300 2746 4340 non
2776 4299 2938 4339 sacco
2967 4290 3216 4351 aspernta
3246 4278 3388 4334 cutis
3424 4278 3505 4334 fe-

1909 4392 2081 4437 torem
2107 4382 2341 4452 aliquem
2374 4381 2648 4450 situmque
2687 4379 3065 4438 contraberet.
3097 4376 3194 4432 sed
3228 4390 3355 4432 sana
3383 4389 3512 4430 cor-

203 4475 397 4531 sasqtte
446 4478 515 4519 ac
539 4465 780 4519 rationes
816 4464 1056 4519 siderum
1086 4467 1437 4536 contemplati
1471 4468 1577 4521 sint
1598 4507 1614 4530 ,
1647 4483 1801 4521 num-
1830 4453 1883 4514 Ι)
1912 4490 2045 4544 pom
2066 4515 2081 4537 ο
2113 4475 2291 4529 anima
2347 4474 2562 4534 sanior.
2597 4472 2947 4527 solitudinem
2980 4477 3195 4539 pupum
3223 4483 3345 4522 ερεο
3375 4466 3508 4521 σίου-

207 4567 358 4623 quam
390 4572 453 4611 se
489 4556 813 4612 mulieribus
858 4557 1213 4624 miscuerint,
1260 4574 1555 4627 numquam
1601 4574 1801 4629 cogna-

206 4653 284 4703 tos
312 4657 369 4705 et
402 4649 767 4719 propinquos,
796 4666 866 4704 ne
891 4651 1094 4705 liberos
1116 4651 1337 4720 quidem
1371 4651 1624 4714 viderint,
1657 4661 1710 4706 et
1730 4668 1796 4709 ex

205 4755 264 4796 eo
316 4754 567 4813 tempore
590 4760 719 4814 tque
743 4746 1043 4815 cepissent
1064 4744 1251 4801 divino
1280 4746 1446 4801 cultui
1477 4746 1793 4816 deseruire,

203 4838 454 4893 carnibus
484 4847 542 4893 et
566 4838 691 4892 vino
721 4853 938 4907 semper
965 4838 1330 4894 abstinuerint
1370 4850 1591 4910 propter
1621 4842 1799 4897 tenui-

204 4933 358 4985 tatem
382 4947 618 4997 sensus,
650 4929 679 4968 h
711 4942 766 4986 et
794 4931 1030 4987 maxime
1058 4943 1283 5003 propter
1311 4937 1584 5003 appetitus
1616 4936 1795 4992 libidi-

204 5020 308 5088 nis,
336 5039 462 5094 qua:
506 5039 574 5079 ex
607 5025 691 5079 his
721 5026 860 5081 cibis
906 5035 960 5081 et
991 5042 1059 5081 ex
1090 5029 1188 5081 hac
1220 5027 1443 5096 potione
1472 5041 1788 5088 nascuntur.

206 5108 343 5169 Pane
393 5131 529 5171 vero
574 5132 683 5171 non
719 5117 1111 5186 vescebantur,
1144 5136 1213 5174 ne
1259 5130 1551 5175 onerarent
1588 5131 1792 5179 stoma-

201 5204 382 5275 chum,
420 5218 480 5265 et
525 5210 573 5264 si
618 5210 836 5276 quando
878 5212 1279 5281 comedebant,
1320 5222 1538 5270 tunsum
1586 5218 1791 5287 pariter

201 5295 492 5372 hyssopum
522 5307 817 5361 sumebant
845 5305 898 5361 in
926 5306 1050 5362 cibo
1079 5326 1092 5361 :
1122 5316 1180 5362 ut
1216 5323 1397 5365 escam
1437 5312 1745 5381 graviorem
1771 5353 1789 5379 ,

200 5389 341 5452 illius
370 5398 561 5455 calore
591 5398 980 5469 decoquerent.
1012 5400 1202 5458 Oleum
1234 5412 1443 5461 tantum
1472 5405 1526 5461 in
1547 5404 1791 5463 oleribus

269 5620 293 5649 ι
324 5612 580 5679 Deerant,
604 5612 802 5680 quibus
830 5628 1025 5673 sensus
1051 5616 1283 5672 maxime
1306 5623 1552 5685 constat,
1586 5613 1777 5681 verba,

196 5685 359 5741 tamen
388 5703 592 5743 necesse
613 5694 710 5740 est.

1908 4570 2056 4635 cias,
2099 4576 2156 4623 et
2185 4568 2240 4623 in
2288 4570 2422 4624 urbe
2469 4567 2681 4623 turbida
2721 4566 2990 4621 inveniret
3025 4579 3268 4620 eremttm
3322 4578 3507 4619 mona-

1907 4659 2157 4714 cborum.

1976 4750 2144 4806 Paulo
2170 4766 2386 4821 quoque
2428 4750 2611 4805 cibum
2641 4757 2697 4805 et
2726 4749 3051 4806 vestimenta
3093 4748 3266 4817 palma
3297 4748 3505 4817 prabe-

1903 4841 2026 4904 bat;
2053 4850 2108 4895 et
2139 4856 2208 4895 ne
2235 4841 2325 4895 cui
2365 4840 2704 4909 impoSsibile
2734 4840 2999 4905 videatur,
3034 4840 3218 4895 Jesum
3253 4849 3426 4896 testor
3450 4848 3506 4896 et

1904 4932 2132 5002 angelos
2153 4932 2269 5000 ejus
2292 4972 2307 4997 ,
2338 4933 2484 5002 quod
2520 4934 2572 4988 in
2602 4932 2806 4995 eremi,
2837 4948 2957 5001 qua:
2980 4933 3131 5001 juxta
3161 4932 3375 5004 Syriam
3404 4933 3502 4990 Sa-

1866 5100 1869 5101 ,
1904 5028 2117 5082 racenis
2148 5026 2539 5095 conjtingitur,
2582 5026 2908 5080 monachum
2952 5026 3100 5093 vidi,
3150 5030 3240 5099 qui
3270 5045 3365 5098 per
3406 5028 3505 5082 tri-

1900 5122 2048 5192 ginta
2094 5134 2268 5174 aunos
2304 5116 2546 5173 inclusus
2570 5159 2587 5185 ,
2627 5117 2930 5173 hordeaceo
2958 5136 3101 5190 pane
3136 5131 3191 5175 et
3235 5121 3501 5175 lutulenta

1900 5231 2038 5289 aqua
2069 5213 2308 5270 vivebat.
2340 5211 2495 5265 Alter
2524 5213 2577 5265 itt
2624 5210 2860 5265 cisterna
2893 5214 3060 5269 veteri
3094 5231 3190 5284 per
3231 5215 3346 5268 dies
3377 5215 3497 5269 sin-

1897 5310 2053 5384 gulos
2096 5308 2335 5378 quinque
2364 5305 2578 5375 carycis
2618 5305 3047 5360 sustentabatur.
3090 5306 3246 5363 Unde
3286 5306 3331 5359 si
3366 5306 3499 5361 mihi

1900 5402 2165 5460 Dominus
2189 5397 2468 5470 optionem
2499 5396 2684 5465 daret,
2718 5395 2888 5452 multo
2918 5397 3091 5468 magis
3117 5396 3380 5468 eligerem
3413 5409 3497 5455 tu-

1960 5608 1987 5648 b
2015 5607 2179 5665 Addit
2210 5606 2428 5662 Rubeus
2452 5645 2466 5669 ,
2509 5615 2556 5660 et
2587 5605 2885 5679 vertiginem
2926 5604 3132 5677 rapitis.
3181 5604 3326 5661 Idem
3370 5616 3498 5661 mox

1890 5681 2082 5752 habet,
2113 5679 2261 5737 Pam
2290 5694 2410 5735 raro
2429 5679 2777 5748 vescebantur,
2808 5687 2918 5735 etc.
