4012 6190
1443 184 1501 241 S.
1544 180 1925 239 lilEBONYMl
1962 178 2251 241 OPBRUM
2288 180 2660 239 MANTISSA.

3607 185 3714 245 553

412 301 588 357 nicam
638 300 789 356 Pauli
836 315 959 359 cum
1006 298 1251 366 meritis,
1295 312 1454 363 quam
1506 312 1690 366 regum
1743 309 2006 363 purpuras
2032 297 2083 354 Α
2109 303 2429 350 αιτιρηιηιιιι
2462 295 2720 348 virtutum
2749 292 3156 348 fundamentum
3187 302 3293 360 est,
3325 302 3379 350 ct
3403 295 3713 351 sanctiﬁca-

413 408 536 450 cum
567 392 749 462 regnis
779 394 889 467 [AL
921 388 1115 460 pennis]
1141 388 1275 443 suis.
1304 389 1441 456 Quid
1467 397 1645 442 tamen
1670 401 1770 441 nos
1798 388 2006 441 ventris

416 486 694 547 animalia.
727 488 831 540 tale
858 497 1108 552 umquam
1137 481 1399 536 fecimus?
1423 496 1560 550 quos
1584 479 1631 535 si
1656 477 1742 533 vel
1770 477 2005 532 secunda

418 577 551 632 hora
595 579 838 648 legentes
889 575 1185 636 invenerit,
1225 573 1557 636 oscitamus,
1608 585 1770 626 manu
1813 568 2006 625 faciem

418 672 775 734 defricantes,
817 668 1159 722 continemus
1206 668 1577 729 stomachum,
1616 674 1668 719 et
1702 664 1855 733 quasi
1889 672 2010 734 post

419 767 644 821 multum
680 762 953 830 laborem,
1004 759 1369 818 mundialibus
1408 768 1604 815 rursus
1652 758 1885 830 negotiis
1913 772 2008 813 oc-

416 874 698 927 cupatnur.

490 950 849 1006 Pra'termitto
897 949 1121 1020 prandia
1146 992 1160 1015 ,
1197 948 1397 1019 quibus
1437 964 1593 1004 mens
1623 953 1844 1002 onerata
1891 960 2013 1015 prc-

416 1046 598 1102 mitur.
630 1044 796 1102 Pudet
830 1047 1016 1102 dicere
1047 1046 1411 1117 frequentiam
1450 1045 1758 1111 salutandi,
1790 1060 1893 1113 qua
1921 1052 2010 1097 aut

418 1142 517 1209 ipsi
546 1140 794 1211 quotidie
823 1142 889 1195 ad
921 1142 1063 1196 alios
1096 1143 1371 1212 pergimus
1395 1182 1411 1207 ,
1442 1150 1535 1196 aut
1561 1140 1626 1194 ad
1654 1154 1752 1193 nos
1781 1139 2013 1195 venien-

418 1242 499 1287 tes
544 1242 775 1287 crcteros
818 1247 1221 1302 exspectamus.
1272 1233 1537 1297 Deinceps
1574 1231 1680 1286 itur
1714 1231 1766 1285 in
1803 1228 1967 1285 verba
1997 1269 2012 1292 ,

418 1341 601 1379 sermo
659 1326 895 1391 teritur,
957 1325 1261 1380 lacerantur
1315 1325 1617 1389 absentes,
1674 1323 1780 1376 vita
1837 1322 2014 1376 aliena

416 1416 785 1481 describitur,
822 1425 877 1471 et
921 1419 1232 1472 mordentes
1265 1416 1495 1470 invicem
1527 1413 1901 1472 consumimur
1945 1414 2014 1468 ab

418 1510 676 1567 invicem.
708 1512 857 1567 Talis
904 1529 1001 1566 ιιος
1044 1512 1201 1568 cibus
1248 1522 1473 1580 occupat
1503 1521 1561 1566 et
1589 1509 1837 1564 dimittit.
1877 1507 2013 1563 Cum

419 1620 552 1659 vero
582 1603 741 1659 amici
774 1605 1118 1665 recesserint.
1146 1604 1426 1659 ratiocinia
1455 1612 1829 1672 supputamus.
1862 1600 2013 1656 Nunc

2113 387 2190 441 tio
2221 397 2385 454 atque
2408 384 2663 451 pudicitia
2696 402 2709 438 :
2741 394 2795 440 et
2824 386 2945 440 sine
2970 400 3074 454 qua
3105 401 3265 441 nemo
3290 386 3496 443 videbit
3517 388 3709 445 Deum.

2107 480 2240 534 Nam
2280 476 2533 534 Christus
2564 494 2665 549 pro
2706 478 2875 534 animi
2916 480 3195 534 voluntate
3232 478 3414 535 omnia
3455 484 3509 535 in
3558 498 3714 538 acce-

2109 582 2258 644 ptum
2305 573 2493 630 rcfert.
2550 574 2848 646 Displicent
2892 593 3124 643 namque
3154 578 3204 631 in
3238 580 3441 633 teneris
3478 581 3713 635 maxime

2111 667 2363 723 aetatibus
2414 669 2570 739 longa
2607 681 2659 723 et
2704 670 3056 725 immoderata
3087 670 3323 739 jejunia,
3364 672 3564 742 quibus
3589 674 3715 739 jun-

2110 770 2311 833 guntur
2334 762 2751 829 ‘hebdomades,
2794 774 2849 817 et
2888 765 3070 817 oleum
3108 764 3159 818 in
3190 763 3316 819 cibo
3345 778 3409 818 ac
3439 780 3599 835 poma
3622 782 3714 821 ve-

2113 862 2317 908 tantur.
2352 853 2739 923 Experimento
2762 853 2959 921 didici,
2984 854 3213 909 asellum
3247 855 3299 909 in
3330 856 3412 909 via
3441 870 3566 911 cum
3608 856 3715 912 las-

2112 961 2206 1001 sus
2235 944 2436 1012 fuerit,
2462 946 2779 1002 diverticula
2808 962 3081 1015 quaerere.
3116 947 3232 1002 lloc
3256 946 3403 1001 enim
3433 948 3486 1003 in
3524 965 3718 1019 perpe-

2116 1046 2209 1092 tuo
2249 1037 2459 1107 jejunio
2504 1052 2833 1111 prteceptum
2888 1052 3004 1106 εει,
3045 1051 3101 1094 ιιι
3135 1040 3298 1111 longo
3345 1042 3526 1098 itineri
3570 1044 3717 1100 vires

2115 1140 2366 1203 perpetes
2385 1142 2698 1203 suppetant,
2728 1147 2795 1189 ne
2818 1134 2874 1188 in
2899 1134 3068 1205 prima
3094 1135 3381 1192 mansione
3406 1146 3713 1206 currentes,

2115 1237 2433 1279 corruamus
2464 1226 2516 1279 in
2547 1224 2761 1281 mediis.

2176 1315 2459 1374 .Czeterum
2494 1319 2545 1372 in
2576 1317 3002 1389 Quadragesima
3047 1319 3399 1375 continentiae
3429 1319 3551 1375 vela
3582 1336 3717 1390 pan-

2116 1408 2290 1464 denda
2318 1420 2477 1475 sunt,
2508 1421 2563 1466 et
2592 1422 2701 1467 tota
2742 1412 2948 1482 auriga:
2974 1413 3273 1468 retinacula
3305 1416 3456 1481 equis
3480 1413 3717 1469 laxanda

2119 1506 2539 1573 pronerantibus
2573 1524 2586 1561 :
2622 1522 2950 1578 quamquam
2977 1508 3080 1561 alia
3122 1508 3193 1562 sit
3216 1507 3461 1563 conditio
3489 1508 3719 1564 saecula-

2119 1596 2294 1666 rium,
2324 1600 2432 1655 alia
2481 1602 2892 1656 multacltOrum.
2941 1602 3233 1658 Szecularis
3279 1601 3442 1657 homo
3479 1604 3533 1658 in
3575 1606 3723 1671 Qua-

423 1693 502 1751 ira
535 1710 820 1757 personam
858 1697 1016 1750 nobis
1044 1696 1281 1759 imlucit,
1315 1710 1456 1749 nunc
1487 1710 1614 1750 cura
1657 1694 1927 1764 superﬂua
1960 1692 2011 1746 iu
2044 1677 2095 1739 Β
2119 1689 2422 1761 dragesima
2454 1692 2664 1748 ventris
2692 1693 2985 1761 ingluviem
3011 1693 3307 1763 decoquit,
3338 1704 3392 1750 et
3421 1697 3473 1750 in
3499 1696 3722 1751 cohlea-

424 1802 599 1842 annos
631 1788 895 1856 plurimos
924 1788 1177 1842 duratura
1229 1787 1562 1856 pra'cogitat.
1610 1786 1717 1840 Nec
1759 1786 2012 1840 rcCorda-

429 1894 549 1932 mur
601 1879 876 1949 Evangelii
931 1879 1190 1943 dicentis,
1219 1880 1393 1934 Stulte
1434 1881 1534 1933 hac
1566 1888 1723 1933 nocte
1767 1878 2017 1933 auferent

424 1972 657 2025 animam
688 1987 717 2024 a
750 1984 829 2037 te,
865 1988 984 2041 que
1010 1980 1189 2026 autem
1224 1972 1539 2040 praeparasti
1573 1974 1725 2039 cujus
1749 1972 1949 2026 erunt?

495 2062 606 2118 Nec
645 2078 772 2118 vero
801 2064 902 2117 hoc
937 2064 1124 2118 dicens
1150 2070 1455 2119 condemno
1484 2063 1636 2119 cibos
1659 2106 1673 2130 ,
1706 2079 1844 2134 quos
1878 2065 2019 2118 lleus

422 2158 628 2210 creavit
653 2155 719 2209 ad
752 2156 1014 2210 utendum
1043 2172 1165 2211 cum
1194 2159 1492 2227 gratiarum
1525 2159 1740 2211 actione
1763 2199 1779 2224 ,
1812 2156 1905 2211 sed
1932 2156 2021 2226 ju-

423 2247 655 2302 venibus
681 2247 949 2302 incentiva
975 2264 1097 2303 esse
1120 2264 1308 2303 assero
1336 2250 1669 2319 voluptatum
1695 2248 1804 2321 [ΑΙ.
1831 2247 2020 2303 aufero

424 2339 761 2412 voluptatis].
794 2339 908 2394 Non
938 2340 1138 2395 zEtutei
1172 2346 1352 2410 ignes,
1385 2356 1493 2396 nou
1525 2341 1781 2395 Vulcania
1818 2341 1977 2395 tellus
2003 2381 2019 2407 ,

426 2445 535 2485 nun
568 2430 808 2486 Vesevus
834 2433 1209 2504 Olytnpusque
1235 2433 1399 2487 tantis
1432 2433 1720 2487 ardoribus
1749 2442 1981 2487 :estuant
2004 2473 2020 2497 ,

425 2535 483 2577 ιιι
522 2523 794 2594 juveniles
842 2526 1092 2580 medulla:
1121 2526 1247 2580 vino
1290 2527 1493 2596 plenae,
1534 2526 1766 2596 dapibus
1814 2528 2025 2582 inﬂatu-

427 2626 608 2672 ntatzr.
636 2617 877 2673 Avaritia
909 2619 1149 2673 calcatur
1180 2635 1207 2671 a
1244 2619 1545 2689 pleri-que,
1576 2631 1629 2675 et
1660 2638 1781 2676 cum
1816 2636 2027 2677 marsu-

428 2712 522 2783 pio
548 2712 858 2779 deponitur.
892 2722 919 2749 ι
951 2713 1267 2768 Maledicam
1297 2714 1531 2784 linguam
1566 2716 1826 2771 indictum
1858 2717 2028 2771 silen-

432 2813 565 2857 tium
596 2804 844 2856 emendat
874 2820 886 2856 :
917 2804 1096 2857 ciiltus
1134 2805 1379 2871 corporis
1401 2846 1415 2870 ,
1448 2814 1501 2859 et
1553 2806 1765 2860 habitus
1794 2808 2023 2863 vestium

429 2895 590 2948 nnins
634 2894 781 2947 hora:
814 2896 986 2963 spatio
1015 2905 1396 2950 commutatur.
1448 2898 1638 2952 Omnia
1670 2899 1773 2952 alia
1806 2909 2022 2967 peCcata

429 2988 770 3042 rxtiinss-cus
815 3000 973 3048 sunt,
1003 2997 1059 3043 et
1084 2991 1226 3059 quod
1270 2990 1401 3043 loris
1428 3000 1509 3045 est
1549 2990 1705 3045 facile
1745 2993 2019 3059 abjicitur.

2119 1798 2238 1837 rum
2270 1798 2479 1839 morem
2501 1827 2515 1848 ,
2544 1799 2711 1841 succo
2735 1786 2990 1842 victitans
3020 1801 3140 1854 suo,
3173 1786 3371 1843 futuris
3395 1788 3627 1857 dapibus
3658 1804 3724 1846 ac

2117 1875 2322 1943 sagina:
2361 1877 2729 1947 aqualiculum
2779 1888 2951 1947 parat.
2997 1878 3298 1934 Monachus
3326 1880 3377 1933 in
3407 1880 3725 1951 Quadrage-

2119 1967 2256 2022 sima
2283 1983 2411 2023 suos
2437 1968 2676 2025 dimittat
2698 1985 2877 2040 equos
2901 1987 2915 2024 :
2947 1978 3006 2024 ut
3032 1971 3133 2026 sibi
3166 1972 3476 2027 meminerit
3501 1988 3722 2044 semper

2120 2073 2242 2116 esse
2268 2061 2618 2116 currendum.
2651 2060 2861 2117 Finitus
2890 2061 3043 2117 labor
3083 2062 3279 2133 major,
3312 2063 3558 2119 inlinitus
3605 2081 3725 2121 mo-

2122 2151 2361 2207 deratior
2386 2163 2487 2208 est.
2523 2153 2596 2208 Ibi
2627 2155 2770 2209 enim
2804 2155 3138 2224 respiramus
3170 2172 3184 2208 :
3216 2155 3302 2208 hic
3333 2167 3598 2224 perpetuo
3639 2156 3725 2212 in-

2123 2245 2386 2301 cedimus.
2416 2247 2503 2302 Sic
2531 2255 2711 2302 tamen
2734 2249 3021 2318 comedas,
3052 2245 3081 2286 ι’
3111 2257 3169 2302 ιιι
3193 2247 3373 2303 statim
3399 2260 3522 2319 post
3540 2250 3726 2305 cibum

2124 2339 2303 2409 possis
2352 2339 2569 2407 legere,
2618 2355 2814 2404 orare,
2872 2349 2928 2395 et
2984 2338 3240 2409 psallere.
3291 2339 3418 2397 Ideo
3470 2342 3580 2397 sint
3631 2342 3727 2398 tibi

2124 2439 2304 2496 casta,
2360 2431 2666 2502 simplicia,
2722 2430 3039 2497 moderata,
3084 2441 3140 2487 et
3186 2446 3295 2488 non
3345 2432 3728 2504 superstitiosa

2123 2522 2345 2593 jejunia.

2199 2618 2306 2675 Sed
2354 2619 2481 2690 quid
2528 2619 2750 2689 prodest
2790 2621 2913 2676 oleo
2959 2637 3065 2676 non
3109 2621 3295 2687 vesci,
3347 2629 3403 2677 et
3447 2620 3734 2676 molestias

2128 2711 2390 2781 quasdam
2419 2712 2880 2782 difﬁcultatesque
2911 2715 3157 2770 ciborum
3180 2730 3449 2786 quaerere,
3480 2730 3729 2787 carycas,

2130 2804 2304 2874 piper,
2347 2819 2543 2868 nuces,
2579 2806 2880 2875 palmarum
2926 2807 3166 2874 fructus,
3197 2807 3462 2872 similam,
3496 2816 3552 2862 et
3582 2808 3736 2861 mel?

2128 2896 2264 2951 Tota
2294 2898 2577 2952 hortorum
2608 2899 2819 2955 Cultura
2846 2910 3100 2965 vexatur,
3131 2909 3189 2954 ut
3217 2901 3429 2955 cibario
3453 2916 3591 2969 pane
3623 2917 3729 2954 non

2130 3005 2417 3045 vescamur
2449 3009 2462 3046 :
2500 3000 2557 3046 et
2581 2993 2707 3045 dum
2736 2992 2963 3047 delicias
2994 3002 3292 3053 sectamur,
3318 3009 3345 3046 a
3375 3009 3543 3062 regno
3572 2994 3738 3048 (nmio-

434 3082 557 3135 Sola
614 3081 780 3135 libido
816 3082 986 3137 insita
1038 3094 1122 3137 est
1152 3126 1167 3151 ,
1206 3096 1259 3138 et
1302 3086 1533 3154 quadam
1578 3085 1695 3155 leg».
1737 3098 1940 3141 naturae
1972 3090 2021 3142 in
2053 3064 2105 3131 (ἶ
2137 3100 2250 3138 rum
2280 3084 2627 3139 retrabintur.
2656 3084 2765 3140 Nec.
2792 3086 2836 3140 si
2873 3084 3035 3140 biduo
3059 3096 3145 3141 aut
3172 3085 3352 3139 triduo
3375 3085 3732 3154 jejunaveris,

430 3173 629 3228 toitmn
676 3176 837 3241 gestit
885 3192 1193 3243 erumpere.
1227 3176 1458 3232 Grandis
1507 3177 1668 3242 igitur
1700 3178 1915 3232 virtutis
1945 3190 2029 3235 cst

433 3278 489 3320 et
518 3266 761 3320 so'lieitre
792 3266 1083 3333 diligentia:
1113 3283 1375 3336 snperare
1405 3269 1549 3339 quod
1581 3278 1739 3324 natus
1766 3270 1860 3337 sis,
1895 3281 1949 3325 et
1975 3273 2027 3326 in

429 3374 597 3415 carne
621 3376 728 3414 nou
758 3362 1050 3417 carnaliter
1078 3361 1280 3418 vivere.

1026 3496 1254 3554 CAPUT
1295 3498 1434 3553 Xlll.

893 3614 969 3668 De
1000 3614 1294 3684 temperatis
1320 3612 1572 3686 Jejuuiis.

507 3729 739 3783 Tantum
784 3729 873 3781 t?bi
912 3729 1241 3797 jejuniorum
1289 3744 1535 3794 as~ume,
1578 3740 1840 3801 quantum
1892 3732 2033 3787 ferre

439 3836 593 3889 potes
628 3839 640 3873 :
677 3824 923 3875 diversus
952 3832 1033 3875 e~t
1076 3821 1219 3875 cnim
1250 3823 1526 3876 hominum
1560 3826 1893 3879 stomachus.
1928 3827 2031 3879 Alii

436 3918 640 3971 amaris
668 3958 681 3980 ,
736 3916 825 3969 alii
858 3914 1141 3980 dulcibus,
1192 3916 1282 3968 alii
1316 3916 1743 3981 austerioribns,
1778 3919 1866 3971 alti
1902 3919 2036 3972 levi-

436 4011 536 4065 bus
588 4011 695 4083 [ΑΙ.
749 4007 984 4080 lenibus]
1025 4010 1368 4063 delectantur
1405 4010 1561 4063 cibis.
1617 4009 1742 4064 Iden
1790 4028 1895 4063 non
1942 4011 2033 4065 tibi

438 4102 792 4157 immoderata
843 4102 1175 4167 imperamus
1199 4100 1419 4171 jennnia
1444 4142 1456 4160 .
1497 4110 1550 4155 et
1583 4118 1857 4156 enormem
1889 4105 2036 4157 cibo-

437 4214 556 4250 rntn
606 4196 1020 4256 ιιὺοιιίιιιιηιίειιιι.
1060 4198 1256 4264 quibus
1296 4198 1477 4251 statim
1518 4214 1749 4265 corpora
1801 4199 2034 4253 delicata

435 4289 779 4358 franguntur.
832 4289 1286 4357 Philosophorum
1336 4306 1549 4358 quoque
1595 4291 1867 4344 sententia
1917 4301 2031 4357 est,

438 4382 749 4438 moderatas
778 4398 900 4436 esse
946 4383 1203 4446 virtutes,
1251 4383 1581 4437 excedo-rites
1622 4382 1841 4437 modum
1874 4395 2037 4453 atque

2134 3189 2287 3249 putes
2319 3188 2371 3236 te
2410 3180 2782 3249 jejunantibus
2824 3196 2952 3237 esse
2984 3182 3288 3237 meliorem.
3314 3181 3390 3235 Tu
3427 3180 3648 3250 jejunas
3680 3189 3735 3235 et

2132 3274 2385 3328 irasceris
2418 3291 2431 3327 :
2465 3274 2555 3327 ille
2584 3276 2853 3340 comedit,
2890 3284 2940 3329 et
2977 3275 3118 3328 forte
3142 3274 3250 3346 [ΑΙ.
3295 3271 3495 3345 fronte]
3525 3273 3739 3329 blandi-

2135 3376 2241 3421 tur.
2275 3366 2353 3420 Tu
2387 3368 2731 3421 vexationem
2766 3367 2967 3423 mentis
3005 3378 3060 3421 et
3090 3367 3301 3422 ventris
3330 3365 3565 3421 esuriem
3592 3365 3740 3436 jeju-

2135 3456 2315 3512 naudo
2346 3458 2453 3531 [ΑΙ.
2492 3456 2741 3529 rixando]
2768 3458 3005 3527 digeris,
3039 3459 3130 3514 ille
3174 3457 3512 3513 moderatius
3545 3458 3736 3521 alitur,

2135 3564 2189 3607 et
2210 3551 2410 3623 gratias
2431 3555 2543 3621 agit
2566 3553 2692 3606 lleo.
2718 3551 2871 3607 Unde
2892 3552 3138 3621 qumidie
3162 3553 3359 3606 clamat
3379 3552 3578 3606 Isaias:
3611 3551 3737 3607 Non

2137 3646 2240 3699 tale
2267 3645 2531 3717 jejunium
2575 3642 2706 3713 clrgi
2733 3689 2745 3709 ,
2800 3644 2924 3697 dicit
2956 3644 3230 3698 Dominus.
3282 3643 3348 3698 Et
3386 3645 3585 3698 iterum
3623 3660 3641 3697 :
3672 3644 3737 3696 In

2136 3739 2313 3792 diebus
2351 3738 2681 3811 jcjttniorum
2729 3748 3015 3791 rostrorum
3063 3737 3399 3791 inveniuntur
3448 3735 3741 3791 voluntatrs

2138 3841 2321 3882 vestra:
2344 3843 2362 3880 :
2390 3837 2436 3881 et
2468 3844 2645 3881 armies
2677 3830 2763 3896 qui
2784 3829 2877 3882 sub
2906 3838 3158 3899 potestate
3184 3841 3352 3882 castra
3379 3839 3521 3891 sunt,
3550 3829 3743 3882 stimi-

2139 3924 2282 3975 latis.
2316 3918 2380 3973 In
2404 3922 2625 3993 jttdiciis
2654 3932 2702 3974 et
2731 3921 2907 3973 litibus
2930 3920 3211 3990 jcjtmatis,
3254 3928 3301 3972 et
3346 3919 3615 3991 percutitis
3640 3935 3741 3988 prt-

2138 4013 2255 4083 gnis
2301 4010 2547 4065 humilem
2580 4028 2597 4065 :
2634 4020 2689 4064 ut
2727 4013 2853 4080 quid
2899 4012 3026 4064 mihi
3062 4012 3316 4085 Jejunatis
3360 4011 3519 4081 (lsoi.
3553 4012 3743 4079 Lvm)?

2139 4107 2310 4171 Quale
2340 4106 2466 4160 illud
2500 4116 2675 4173 potest
2707 4122 2828 4161 esse
2846 4105 3109 4173 jejunium
3131 4146 3145 4168 ,
3176 4107 3334 4173 cujus
3363 4105 3500 4158 iram
3527 4119 3633 4157 non
3658 4104 3743 4157 di-

2140 4215 2257 4254 cam
2286 4216 2388 4254 nox
2421 4210 2649 4269 occupat
2686 4218 2698 4254 :
2732 4199 2825 4262 sed
2860 4200 2982 4252 luna
3018 4198 3279 4268 integram
3307 4198 3671 4268 derelinqnit?

2214 4294 2473 4363 Teipsum
2499 4294 2855 4348 considerans
2895 4294 3004 4347 nuli
3056 4294 3106 4347 in
3138 4294 3365 4346 alterius
3410 4294 3596 4357 ruina,
3648 4291 3744 4346 sed

2146 4386 2197 4440 in
2229 4398 2320 4442 tuo
2346 4404 2509 4453 opere
2536 4387 2754 4455 gloriari
2784 4405 2796 4439 :
2833 4403 2931 4441 nec
2965 4386 3179 4440 illorum
3211 4384 3308 4438 tibi
3338 4385 3589 4449 exempla
3620 4398 3747 4450 pro-

442 4490 755 4529 meusuram
809 4480 950 4527 inter
1005 4474 1129 4528 γῑιὶι
1182 4474 1449 4541 deputari.
1490 4474 1643 4530 [bule
1695 4487 1749 4530 et
1796 4492 1933 4530 unus
1970 4479 2018 4527 «ι.
2066 4457 2347 4547 Βριιιιειε.
2400 4478 2489 4547 qui
2538 4480 2720 4532 carnis
2764 4494 2947 4531 curam
2991 4477 3285 4545 facientes,
3331 4475 3745 4544 possessionum

437 4581 647 4639 sep‘ein
680 4569 1015 4639 sapientibus
1044 4588 1058 4623 :
1098 4568 1179 4623 Ne
1208 4570 1355 4638 quid,
1382 4570 1475 4631 ait,
1522 4571 1695 4624 uirilis.
1736 4570 1867 4626 Novi
1893 4572 2039 4627 enim

440 4679 543 4733 ego
596 4664 646 4716 in
696 4674 922 4732 utroque
971 4677 1107 4717 sexu
1141 4676 1363 4732 propter
1394 4664 1612 4715 nimiam
1655 4664 2035 4719 abstinentiam

441 4756 650 4810 cerebri
684 4755 970 4809 sanitatem
1002 4756 1325 4824 quibusdam
1364 4756 1529 4807 fuisse
1567 4766 1848 4817 vexatam,
1903 4774 2039 4823 pra:-

442 4851 631 4903 sertim
659 4850 749 4917 qni
779 4851 830 4902 in
857 4848 1115 4913 humidis,
1134 4842 1199 4903 et
1227 4848 1435 4919 frigidis
1469 4850 1783 4905 habitavere
1802 4852 2037 4906 cellulis.

446 4941 517 4995 ita
561 4950 617 4994 ut
642 4940 914 4996 nescirent
941 4942 1069 5011 quid
1115 4950 1377 5011 agerent,
1409 4957 1584 5010 quave
1623 4958 1683 4997 se
1730 4955 2039 5014 verterent,

450 5031 579 5101 quid
609 5031 793 5100 loqui,
826 5032 953 5100 quid
988 5046 1167 5088 tacere
1198 5034 1489 5088 deberent.

528 5122 617 5177 Sic
673 5137 805 5192 ergo
848 5122 1017 5179 debes
1079 5124 1367 5193 jejunare,
1424 5140 1529 5177 non
1572 5136 1631 5179 ut
1687 5127 1944 5196 palpites,
1992 5140 2050 5185 et

450 5219 727 5285 reSpirare
751 5213 837 5269 vix
868 5216 1083 5284 possis:
1113 5217 1206 5285 sed
1232 5232 1282 5270 ιιι
1310 5220 1483 5271 tracto
1510 5221 1754 5285 corporis
1783 5223 2046 5291 appetitu,

454 5326 555 5365 nec
586 5312 639 5365 iu
671 5308 927 5375 lcetione,
964 5325 1061 5364 nec
1085 5309 1139 5365 in
1170 5312 1414 5376 psalmis,
1442 5326 1543 5365 nec
1574 5312 1624 5364 in
1655 5313 1855 5379 vigiliis
1882 5319 2049 5370 solito

449 5405 575 5475 quid
609 5406 785 5458 minus
815 5402 1005 5459 facias.
1029 5403 1303 5474 Jejnuiom
1332 5416 1437 5456 non
1468 5402 1703 5473 perfecta
1730 5406 1919 5472 virtus,
1950 5410 2045 5463 sed

530 5609 555 5635 ο
588 5600 717 5654 Haec
734 5612 889 5665 vero,
921 5597 1235 5654 Maledictum
1262 5598 1493 5666 linguam
1514 5597 1763 5654 indictum
1788 5601 2050 5659 silentium

498 5673 733 5737 vadat,
764 5668 987 5725 Ruben:
1012 5670 1239 5737 omittit,
1272 5680 1437 5742 atque
1457 5671 1562 5727 alio
1588 5673 1887 5731 transtulit.

2150 4571 2389 4623 redditus
2413 4580 2464 4623 et
2496 4570 2837 4639 quotidianus
2867 4569 3065 4623 domus
3113 4570 3392 4635 impensas
3423 4576 3746 4636 snpputant.

2149 4662 2260 4717 Nec
2284 4664 2427 4715 enim
2473 4661 2723 4715 undecim
2767 4661 2969 4715 Chriin
2998 4660 3230 4727 apostoli
3261 4658 3415 4712 Iudae
3438 4657 3753 4728 proditione

2148 4768 2274 4808 sunt
2304 4753 2503 4809 fracti:
2544 4770 2643 4808 nec
2694 4754 2907 4808 Phileto
2947 4760 3005 4807 et
3051 4750 3362 4806 Alexandro
3409 4749 3750 4819 naufragium

2148 4848 2409 4912 faciente,
2451 4850 2634 4903 cmteri
2678 4864 2708 4902 a
2749 4863 2910 4901 cursu
2956 4845 3078 4900 fidei
3124 4845 3486 4899 substiterunt
3545 4841 3612 4913 (ll
3657 4840 3753 4893 Ti-

2152 4946 2314 4997 motlr.
2351 4945 2433 5011 ιι).
2464 4940 2722 4995 Convivia
2754 4955 2968 5008 quoque
3020 4938 3115 4993 tibi
3147 4948 3275 4991 sunt
3316 4933 3529 4989 vitanda
3576 4948 3754 4987 saecu-

2155 5036 2344 5089 larium
2380 5050 2392 5085 :
2431 5036 2663 5088 maxime
2690 5048 2878 5087 eorum
2910 5031 2999 5100 qui
3032 5028 3331 5084 honoribus
3362 5035 3586 5083 tument.
3608 5023 3750 5080 Nam

2156 5130 2368 5199 pinguis
2400 5137 2588 5181 venter
2611 5144 2715 5180 non
2738 5126 2909 5194 gignit
2939 5136 3158 5177 sensum
3188 5130 3428 5177 tenuem.
3590 5172 3599 5179 .

2230 5224 2397 5276 [lt-cet
2423 5221 2611 5287 [Esopi
2646 5219 2823 5273 fabula
2846 5258 2860 5280 ,
2910 5216 3128 5284 plenum
3160 5216 3335 5269 muris
3380 5224 3625 5267 ventrem
3657 5227 3760 5280 per

2158 5322 2443 5382 angustum
2481 5315 2721 5365 foramen
2750 5309 2936 5378 egredi
2981 5323 3088 5361 nou
3136 5307 3339 5359 valere.
3372 5305 3783 5375 Quoscumque

2160 5419 2393 5475 namque
2424 5402 2725 5469 tortuosos,
2756 5400 3178 5466 calamistratos,
3212 5398 3367 5451 crine
3395 5398 3757 5466 compositos,

2230 5600 2258 5642 ι’
2289 5599 2508 5657 Addunt
2536 5598 2621 5656 alii
2657 5598 2811 5668 libri,
2839 5607 2891 5655 ut
2913 5613 3113 5671 semper
3135 5594 3390 5665 esuriam}
