4030 6334
266 299 369 361 553
839 298 1124 361 REGULA
1166 301 1642 361 MllNAClltiRllil
1686 302 1780 360 EX
1821 302 2129 361 SCRIPTls
2170 304 2551 362 IIIEROIVYMI
2591 301 2974 362 COLLECTA.
3445 302 3553 364 331

264 429 352 481 vel
386 427 569 481 buccis
602 424 917 481 rubentibus
950 426 1180 493 Yltlt‘t‘ls,
1211 424 1279 479 de
1299 434 1550 478 armento
1577 422 1853 478 Joviniani
1885 431 1929 486 Λ
1961 425 2206 490 satiatus,
2234 423 2301 477 de
2328 423 2656 479 bonicotds
2688 422 2944 478 thesauro
2966 424 3167 494 profert
3190 437 3253 479 ca
3275 439 3393 495 qua;
3416 422 3554 477 bona

265 529 392 574 sunt
419 540 431 574 :
461 530 485 558 ⁸
518 525 656 575 inter
685 535 820 589 quos
850 524 1142 588 grunniuut
1178 535 1322 573 sues.
1346 519 1422 573 De
1452 526 1639 572 uestio
1669 534 1852 587 grege,
1962 530 2105 573 sunt.

228 612 235 617 “
270 614 450 667 uisus
473 654 486 678 ,
524 613 701 681 paltnli
723 655 736 676 ,
764 614 966 667 sordidi
998 614 1106 685 [.otl.
1150 609 1463 683 sordidati],
1500 620 1555 665 ct
1580 609 1731 681 quasi
1764 626 1859 678 pe-
2036 611 2291 667 Crebrius
2313 610 2451 683 lege,
2479 621 2533 667 ct
2564 612 2715 669 disce
2742 611 3157 683 quamplurima,
3191 622 3243 667 et
3268 618 3485 667 tenente
3507 616 3560 666 te

267 706 471 772 rt-giini
504 704 665 774 hujus
688 704 874 759 smeali
894 745 908 768 ,
951 705 1078 759 licet
1105 719 1358 759 sermone
1398 713 1622 758 cateant
1646 702 1754 776 [ΑΙ.
1784 710 1866 755 ta-
1965 705 2232 767 codicem,
2262 720 2486 760 sunmus
2508 707 2751 774 obtepat,
2778 715 2833 760 et
2858 705 3139 759 cadentem
3168 704 3336 758 aciem
3369 705 3559 774 pagina

268 794 489 866 ceaut],
533 795 719 850 habitu
748 798 1041 867 loquuntur
1071 809 1122 851 et
1158 807 1313 865 gestu
1344 813 1360 849 :
1396 793 1513 847 lleu
1546 793 1672 847 milii
1694 794 1713 847 ,ν
1742 792 1865 863 quia
1968 809 2154 852 sancta
2183 798 2460 867 suscipiat.
2515 798 2583 855 Et
2624 812 2950 868 quamquam
2999 795 3295 865 Apostolus
3344 809 3562 862 semper

272 889 622 959 ptrcgrinatia
653 906 764 943 mea
792 890 1102 959 prolongata
1130 900 1223 942 est.
1253 887 1405 942 Unde
1434 903 1623 943 saccus
1649 899 1700 941 et
1726 887 1868 954 jejn-
1969 903 2129 943 orare
2152 905 2249 942 nos
2270 888 2476 958 jubeat,
2504 899 2557 944 ct
2584 890 2785 944 sanctis
2813 890 2977 945 etiam
3010 889 3125 957 ipse
3145 900 3372 942 sunmus
3391 888 3565 941 oratio

272 981 417 1034 nium
444 996 594 1035 arma
616 991 744 1036 sunt
770 981 1127 1047 timuitcntim,
1152 978 1178 1018 ιι
1206 990 1254 1033 et
1278 980 1473 1033 auxilia
1502 990 1867 1047 peccatorum.
1971 984 2065 1051 sit,
2098 990 2278 1038 tamen
2307 982 2506 1037 divisas
2527 982 2721 1038 orandi
2752 985 2910 1037 horas
2940 982 3203 1036 debemus
3234 979 3435 1034 habere
3462 996 3474 1032 :
3508 988 3566 1034 ut

278 1073 344 1127 lit
365 1077 407 1126 si
441 1090 471 1127 e
502 1073 713 1129 duobus
737 1074 1062 1128 necessariis
1095 1088 1257 1125 umtm
1286 1085 1365 1125 est
1398 1068 1828 1124 subtrahendum
1854 1084 1866 1119 ε
1971 1073 2018 1129 si
2047 1076 2227 1145 aliquo
2257 1077 2514 1129 fuerimus
2537 1091 2703 1145 Opere
2731 1075 2974 1142 detenti,
3010 1076 3185 1145 ipsum
3218 1089 3319 1129 nos
3345 1075 3411 1128 ad
3440 1074 3565 1127 olli-

277 1167 451 1237 magis
491 1168 689 1235 eligam
727 1166 993 1236 jejunium
1025 1166 1226 1233 absque
1257 1177 1437 1222 sacra.
1465 1178 1626 1228 quam
1653 1174 1866 1213 saccum
1972 1167 2113 1220 cium
2150 1176 2361 1234 tempus
2391 1167 2701 1223 admouent.
2726 1168 2835 1223 Nec
2860 1168 2964 1223 eihi
2986 1182 3117 1223 ante
3138 1178 3441 1233 sumantur,
3465 1166 3568 1221 nisi

280 1263 488 1329 absque
514 1260 743 1329 jejunio.
778 1260 845 1313 At
874 1273 1000 1311 vero
1032 1258 1080 1308 hi
1110 1258 1308 1323 quibus
1341 1252 1654 1322 pteuitentia
1681 1250 1873 1321 przrei-
1972 1257 2223 1311 oratione
2247 1260 2549 1326 prmtnissa.
2576 1258 2687 1313 Nec
2711 1260 2998 1314 recedatur
3031 1276 3060 1312 a
3092 1274 3311 1325 mensa,
3347 1258 3448 1312 nisi
3483 1272 3571 1313 re-

282 1354 450 1419 pitur,
494 1365 889 1419 consequenter
932 1347 996 1401 ad
1037 1345 1299 1415 jejunium
1342 1358 1560 1397 saccum
1592 1340 1868 1411 copulant.

281 1445 397 1500 Non
429 1444 647 1511 quidem
679 1450 834 1495 sanat
876 1442 1089 1496 oculum
1116 1481 1130 1504 ,
1173 1440 1316 1508 quod
1359 1441 1619 1493 calcanco
1647 1435 1874 1489 adhibe-

284 1547 386 1591 tur.
420 1534 638 1603 Jejunio
676 1535 955 1603 passiones
985 1531 1233 1602 corporis
1255 1571 1271 1595 ,
1304 1527 1549 1585 oratione
1576 1538 1754 1597 pestes
1785 1542 1871 1579 sa-

284 1630 477 1686 nandae
520 1642 647 1684 sunt
683 1629 900 1683 mentis.
934 1628 1101 1698 igitur
1138 1642 1236 1697 per
1271 1625 1536 1693 jejunium
1574 1621 1877 1677 ostenditur

284 1743 383 1781 tos
414 1727 492 1780 ire
524 1726 575 1778 in
609 1722 914 1793 paradisum
940 1765 955 1790 ,
999 1721 1143 1775 unde
1186 1734 1283 1789 per
1313 1717 1650 1773 saturitatem
1700 1717 1877 1770 fuera-

1974 1348 2217 1405 ferantnt-
2244 1350 2432 1417 gratia:
2463 1349 2731 1405 Creatori.
2771 1350 3125 1421 Egredientes
3159 1352 3450 1419 hoSpitium
3482 1365 3575 1403 ar-

1975 1456 2082 1498 met
2117 1444 2309 1507 oratio,
2336 1453 2389 1497 et
2420 1442 2845 1510 ingredientibus
2895 1453 3147 1498 occurrat
3196 1444 3377 1498 oratio
3417 1454 3574 1497 ante-

1976 1553 2135 1605 quam
2168 1542 2340 1590 sessio
2387 1551 2401 1587 :
2452 1551 2551 1591 nec
2585 1536 2734 1605 prius
2787 1537 3170 1605 corpusculum
3228 1536 3572 1607 requiescat,

1976 1644 2136 1696 quam
2161 1629 2339 1685 anima
2367 1642 2622 1696 pausetor
2648 1626 2757 1701 [ΑΙ.
2794 1627 3086 1701 pascatur].

2052 1722 2132 1777 Ad
2163 1736 2379 1778 omnem
2402 1734 2601 1790 aetum,
2628 1732 2681 1777 et
2711 1722 2778 1776 ad
2805 1738 3019 1777 omnem
3043 1724 3314 1777 incessum
3334 1762 3349 1784 ,
3382 1735 3575 1777 manus

284 1833 405 1874 mus
422 1816 601 1887 cit-eti.
626 1816 755 1871 Nam
776 1815 1039 1885 jt'jttnitlm
1058 1821 1217 1869 curat
1240 1813 1460 1867 rttluera
1486 1808 1871 1879 delinquentis,
1908 1815 1951 1877 ις
1983 1814 2168 1885 pingat
2194 1829 2433 1869 erucem.
2461 1810 2757 1870 Dominicis
2779 1816 2973 1871 diebus
2995 1815 3228 1870 orationi
3282 1812 3401 1886 [ΑΙ.
3446 1812 3572 1867 add.

282 1928 407 1969 cura
420 1922 609 1982 tosque
640 1909 958 1965 sanctificat.

894 1998 1123 2055 CAPUT
1162 1996 1304 2053 XIV.

426 2098 503 2154 De
541 2087 1013 2168 Contemplatione,
1056 2092 1343 2154 Orasione,
1385 2098 1433 2143 et
1472 2087 1735 2142 Lectione.

356 2190 413 2246 Si
434 2190 730 2246 monachus
751 2202 873 2243 esse
898 2185 979 2239 vis
1000 2226 1015 2251 ,
1047 2199 1154 2238 non
1184 2182 1395 2248 videri,
1430 2181 1625 2236 habeto
1655 2192 1841 2233 curam
1869 2216 1883 2242 ,

284 2300 391 2340 non
418 2284 492 2339 rei
524 2280 824 2344 familiaris,
851 2278 939 2334 cui
971 2274 1334 2332 renuntiando
1363 2272 1467 2326 hoc
1481 2286 1603 2326 esse
1633 2269 1847 2339 C(Bpisll
1871 2309 1885 2332 ,

285 2377 380 2431 sed
423 2376 619 2429 animm
661 2383 787 2427 tum.
829 2374 962 2426 Ama
1005 2368 1289 2423 scientiam
1332 2364 1737 2433 Seripturarutu
1772 2403 1788 2427 ,
1834 2371 1887 2414 et

285 2469 463 2523 carnis
501 2468 629 2521 vitia
662 2481 766 2520 non
798 2462 1027 2516 amabis.
1067 2459 1280 2528 Corpus
1324 2458 1525 2528 pariter
1566 2454 1888 2522 animusque

287 2563 578 2616 tendantur
605 2558 670 2611 ad
701 2556 1013 2611 Dominum.
1038 2553 1129 2608 Sic
1160 2552 1391 2621 teipsum
1418 2549 1472 2604 in
1501 2546 1700 2603 malum
1719 2586 1734 2610 ,
1772 2546 1889 2599 ani-

284 2670 374 2707 tno
393 2653 681 2721 gestiente,
710 2662 1013 2718 pra‘curras
1044 2644 1151 2718 [ΑΙ.
1184 2641 1465 2713 procures]
1485 2682 1499 2705 ,
1527 2647 1585 2693 ut
1608 2639 1732 2693 dum
1765 2652 1887 2691 coro

286 2762 417 2814 pore
450 2745 686 2798 moraris
714 2740 769 2795 in
796 2752 968 2800 terra.
1001 2740 1108 2807 jam
1138 2738 1203 2791 ad
1240 2734 1516 2790 Christum
1556 2741 1737 2787 mente
1769 2744 1889 2798 per-

284 2841 495 2894 venias.
528 2841 828 2893 Assueseas
875 2849 1089 2903 quoque
1147 2831 1216 2884 ad
1265 2832 1539 2883 orationes
1566 2837 1619 2881 et
1649 2825 1889 2896 psalmos

284 2943 446 2988 nocte
471 2945 838 2999 consorgere,
889 2942 1047 2981 tuane
1087 2928 1321 2996 hymnos
1371 2936 1570 2977 canere
1614 2935 1629 2973 :
1681 2918 1840 2973 tertia
1877 2957 1893 2981 ,

284 3033 444 3080 sexta
480 3065 497 3090 ,
551 3037 691 3076 nona
738 3020 867 3075 hora
930 3028 1074 3073 stare
1118 3019 1168 3071 in
1197 3017 1314 3070 acie
1372 3012 1524 3083 quasi
1572 3011 1892 3066 bellatorem

287 3114 522 3183 Christi,
546 3129 879 3182 accctnaqtte
916 3112 1132 3164 lucerna
1177 3108 1405 3162 reddere
1448 3102 1771 3159 sacrificium
1806 3116 1896 3154 ve-

1985 1904 2215 1976 tantium]
2236 1914 2292 1958 et
2321 1906 2541 1960 lectioni
2570 1916 2814 1961 vacetur.
2867 1906 3019 1972 Quod
3066 1904 3283 1976 quidem
3329 1911 3382 1960 in
3426 1905 3575 1959 omni

1986 2008 2232 2066 tempore
2277 1998 2564 2066 completis
2603 1999 2880 2067 opusculis
2933 1999 3152 2053 faciant.
3204 1999 3458 2064 Quotidie
3511 1998 3579 2053 de

1983 2090 2274 2158 Scriptntis
2306 2092 2507 2145 sanctis
2529 2090 2729 2160 aliquid
2754 2090 2994 2145 discatur
3021 2090 3129 2163 [AL
3157 2090 3411 2162 dicatur].
3445 2090 3575 2145 Pro-

1992 2182 2281 2236 ridendutn
2314 2186 2473 2234 et'am
2505 2192 2562 2235 ιιι
2592 2184 2733 2236 diem
2766 2181 3065 2235 solemnem
3092 2224 3106 2246 ,
3140 2198 3245 2235 ttott
3277 2192 3384 2235 tatu
3422 2184 3577 2236 cibo-

1989 2292 2109 2330 rum
2141 2277 2498 2336 abundantia.
2524 2290 2683 2344 quam
2715 2274 2936 2343 Spiritus
2954 2276 3317 2329 exsultatione
3340 2273 3588 2328 celi-bre-

1990 2382 2111 2421 ntus
2147 2385 2157 2418 :
2188 2368 2308 2437 quia
2343 2367 2499 2422 valde
2526 2367 2820 2422 absurdum
2843 2379 2921 2421 ρει
2946 2366 3105 2420 nimia
3136 2364 3421 2420 saturitate
3453 2368 3589 2421 vello

1992 2467 2285 2531 martyrem
2320 2459 2610 2529 honorare,
2644 2473 2806 2529 quem
2838 2473 2981 2515 scias
3010 2456 3121 2514 Deo
3152 2460 3420 2529 placuisse
3445 2459 3590 2528 jeju-

1992 2552 2117 2607 niis.

2066 2644 2390 2699 Saccrdo'cs
2432 2660 2649 2715 quoque
2721 2661 2821 2715 pro
2889 2646 3140 2700 omnibus
3187 2662 3345 2703 orare
3393 2646 3593 2701 (lt-brut

1996 2734 2126 2808 [AL
2180 2738 2355 2792 solent
2389 2736 2424 2805 ἶ,
2476 2754 2705 2807 quorum
2754 2740 3133 2810 elecnnsynas
3179 2740 3594 2811 oblationcsqne

2000 2831 2293 2898 recipiunt.
2328 2830 2483 2897 Smpe
2525 2832 2577 2884 in
2611 2814 2857 2885 inanibus
2900 2833 3003 2885 tuis
3036 2828 3211 2887 divina
3249 2834 3315 2887 sit
3353 2835 3512 2887 lectio
3538 2844 3594 2889 ει

2000 2926 2207 2977 crebrae
2259 2926 2557 2991 orationes,
2609 2936 2665 2978 ut
2698 2936 2899 2978 ‘tinines
2932 2927 3317 2995 cogitatonum
3353 2927 3591 2993 Sugitur,

1999 3019 2192 3087 quit-us
2224 3017 2591 3071 adolescentia
2627 3020 2832 3084 percuti
2866 3022 3027 3078 so'et.
3064 3020 3440 3087 hujuscemodi
3471 3020 3593 3090 cly-

2002 3124 2106 3177 peo
2159 3109 2508 3177 repellantur.
2562 3110 2831 3175 Quoniam
2863 3110 3107 3177 dilticile,
3144 3112 3309 3164 inuno
3342 3112 3597 3175 impossi-

288 3207 615 3280 spcrtinum.
652 3207 740 3259 Sic
766 3207 880 3258 dLes
912 3210 1185 3266 transeat,
1225 3199 1293 3255 sit
1334 3214 1441 3252 nox
1484 3195 1717 3250 inveniat
1750 3193 1897 3248 labo-

2012 3201 2111 3256 bile
2159 3211 2247 3256 est
2295 3202 2763 3272 perturbationum
2817 3200 2962 3255 Villis
3025 3217 3214 3255 carere
3261 3202 3592 3271 quempiam.

292 3313 502 3356 ratttetu
535 3318 550 3358 ;
587 3298 819 3353 orationi
851 3298 1013 3351 let-tto
1043 3337 1056 3359 ,
1112 3291 1332 3349 lectioni
1386 3289 1645 3345 succedat
1700 3288 1895 3342 oratio.

296 3395 576 3463 Ptil‘t‘lplﬂ!
607 3408 666 3446 ea
691 3407 811 3461 qute
843 3390 1018 3442 sant-ti
1054 3387 1277 3447 faciunt.
1309 3385 1359 3439 in
1384 3391 1681 3451 conspectu
1705 3380 1800 3434 Dei
1826 3380 1903 3434 la-

299 3487 473 3550 cinnt,
502 3498 554 3539 et
582 3485 880 3554 pleniorem
911 3482 1191 3537 scientiam
1227 3480 1319 3532 Dei
1352 3476 1626 3545 accipiunt
1662 3491 1675 3527 :
1704 3484 1759 3525 et
1791 3472 1901 3542 ple-

300 3580 418 3634 nius.
452 3576 645 3631 divinis
678 3575 867 3630 imbuti
891 3585 1013 3626 sunt
1042 3569 1364 3640 disciplinis.
1396 3568 1451 3623 Si
1485 3568 1629 3621 enim
1664 3577 1902 3636 tcgt‘otus

299 3682 351 3724 t-t
384 3679 619 3724 atstuans
649 3668 890 3723 febribus
923 3679 1117 3735 aquam
1152 3665 1397 3731 frigidam
1433 3661 1703 3731 postulet,
1738 3668 1794 3713 et
1822 3656 1905 3711 di-

297 3775 385 3817 cat
412 3762 478 3815 ad
508 3762 772 3817 medicum
806 3777 819 3812 :
897 3758 1016 3812 Vim
1049 3756 1244 3824 patior,
1296 3754 1509 3808 crucior
1544 3750 1673 3824 (Al.
1706 3748 1856 3821 uror)
1887 3791 1901 3816 ,

300 3857 613 3921 exanitnor,
636 3866 941 3922 ustptequo,
967 3848 1196 3915 medice,
1225 3846 1499 3915 clamabo,
1532 3853 1588 3899 et
1612 3859 1717 3899 non
1746 3857 1912 3898 exau-

301 3945 550 4001 dies?Et
578 3945 906 4014 respondeat
937 3943 1369 4010 sapientissimus
1417 3938 1662 3993 medicus
1715 3954 1727 3989 :
1786 3933 1910 3991 Scio

303 4059 413 4111 quo
448 4055 691 4107 tempore
709 4038 934 4092 debeam
965 4038 1105 4121 dare,
1128 4034 1268 4104 quod
1298 4034 1571 4103 postulas,
1609 4023 1729 4084 non'
1750 4030 1912 4083 mise-

282 4154 437 4192 ‘reor
462 4134 646 4199 modo,
680 4133 803 4197 quia
838 4128 1205 4184 misericordia
1240 4127 1340 4180 iSta
1364 4124 1660 4180 crudelitas
1688 4130 1772 4177 c~t
1795 4161 1809 4185 ,
1859 4130 1914 4176 et

307 4231 567 4281 voluntas
600 4232 688 4277 tua
707 4232 891 4277 Contra
917 4228 971 4273 te
989 4223 1138 4289 petit.
1172 4217 1246 4272 Ita
1265 4216 1723 4269 Dittttinttsnoster
1737 4212 1915 4267 Sciens

307 4316 620 4375 clementim
642 4312 1015 4381 Stttcpmtdera
1060 4319 1219 4379 atque
1265 4323 1549 4363 mensuras
1582 4349 1597 4375 ,
1645 4304 1915 4360 interdum

311 4430 425 4468 non
481 4408 699 4464 exaudit
744 4410 1068 4460 clamantem
1105 4424 1117 4458 :
1151 4415 1207 4458 ιιι
1243 4419 1366 4458 cum
1409 4401 1636 4471 probet,
1672 4411 1723 4454 et
1753 4401 1921 4470 magis

314 4511 578 4577 [tm-oret
606 4500 671 4554 ad
705 4497 1032 4568 regandtnn,
1068 4509 1116 4551 et
1150 4499 1300 4566 quasi
1335 4498 1454 4566 igne
1490 4501 1804 4558 excoctum,
1829 4493 1920 4562 ju—

316 4599 545 4653 stioretu
579 4605 631 4648 et
663 4591 937 4662 put-iorem
972 4589 1151 4643 furiat.

396 4690 473 4744 Ad
501 4688 800 4741 orationem
828 4696 982 4739 nocte
1001 4681 1344 4751 eottsnrgenti
1372 4698 1477 4733 non
1507 4679 1794 4751 indigestio
1816 4678 1920 4732 cibi

321 4796 533 4840 tttvtttiu
578 4781 769 4843 faciat.
806 4778 899 4832 sed
935 4776 1197 4830 inanitas.
1237 4776 1365 4828 Nam
1402 4773 1619 4841 quidam
1656 4775 1738 4825 vir
1783 4772 1925 4825 inter

329 4891 574 4949 [astures
604 4874 835 4931 eximius
864 4892 877 4927 :
910 4873 1057 4929 Sicut
1092 4871 1303 4935 t'utnus,
1338 4871 1548 4941 inquit,
1583 4868 1733 4940 fugat
1760 4882 1924 4939 apes,

330 4979 409 5030 sic
440 4974 700 5033 indigesta
721 4990 730 5020 ι
748 4970 951 5024 uctatin
968 4967 1167 5021 avertit
1186 4966 1419 5029 Spiritus
1441 4966 1611 5016 sancti
1633 4964 1927 5017 t'lal'lallla'

335 5081 409 5121 ta.
438 5070 643 5122 tinctus
668 5077 845 5117 autem
874 5061 1070 5116 dicitur
1097 5058 1314 5130 proprie
1339 5058 1566 5127 digestio
1580 5055 1707 5117 cibi.
1730 5067 1934 5111 ctcon-

336 5180 416 5214 cm
438 5172 611 5215 tarum
635 5173 877 5212 escarum
903 5155 956 5209 in
982 5164 1195 5209 ventum
1228 5151 1456 5206 eftlatio.
1491 5148 1773 5215 Quomodo
1803 5163 1931 5219 ergo

330 5255 479 5319 jux‘a
509 5251 822 5321 qualitatem
847 5247 1093 5301 ciborum
1137 5245 1204 5298 de
1234 5242 1518 5297 stomacho
1548 5253 1731 5295 ructus
1751 5256 1932 5295 erutu-

338 5346 435 5414 iit,
465 5354 520 5398 et
547 5343 633 5396 vel
667 5341 813 5402 boni,
847 5340 927 5393 rel
961 5339 1087 5392 tnali
1112 5338 1301 5389 odoris
1330 5335 1485 5388 flatus
1519 5333 1776 5388 indicium
1805 5344 1885 5388 est
1916 5350 1929 5385 :

342 5442 411 5487 ita
438 5434 712 5490 interioris
745 5432 979 5485 hominis
1013 5430 1372 5498 cogitationes
1411 5426 1574 5480 vctha
1609 5426 1889 5496 proferunt
1917 5440 1931 5477 :

342 5543 389 5582 et
424 5546 486 5582 ca:
510 5526 830 5580 abundantia
854 5523 1024 5576 cordis
1055 5539 1110 5575 os
1141 5520 1391 5591 loquitur.
1422 5519 1605 5574 Justus
1642 5517 1936 5571 comedens

346 5623 511 5693 ιςρὶυι
536 5619 767 5675 animant
802 5632 974 5672 suam.
1007 5613 1252 5684 Cumque
1283 5614 1459 5667 sacris
1483 5608 1748 5665 doctrinis
1780 5607 1939 5663 fuerit

418 5773 442 5801 εί
478 5758 722 5822 ltubeus,
753 5757 909 5828 intota
960 5754 1091 5828 inter
1140 5754 1252 5823 ejus
1298 5764 1414 5805 suos
1463 5746 1769 5828 grunniunt.
1820 5743 1943 5807 Mox

348 5836 529 5895 locum
558 5829 778 5913 psalliti,
818 5824 929 5885 llou
959 5824 1107 5897 mihi,
1139 5834 1272 5893 etc.,
1312 5824 1693 5899 pra-termittit.

2001 3293 2135 3349 Nam
2196 3295 2449 3365 frequens
2498 3295 2681 3362 let-tio,
2731 3296 3043 3362 quotidiana
3106 3295 3408 3357 meditatio.
3459 3297 3599 3351 solet

2005 3390 2177 3455 magis
2228 3390 2380 3441 labor
2428 3392 2625 3443 tuentis
2670 3402 2795 3443 esse
2842 3405 3003 3458 quam
3061 3386 3261 3441 carnis.
3314 3388 3599 3454 Quomodo

2004 3482 2149 3537 enim
2196 3497 2277 3550 (μιν
2306 3482 2335 3533 d
2369 3496 2528 3535 manu
2570 3490 2623 3533 et
2664 3496 2901 3550 carpere
2934 3483 3009 3545 tit,
3044 3495 3235 3534 manus
3265 3491 3320 3535 et
3350 3484 3601 3549 corporis

2008 3576 2196 3630 labore
2245 3574 2547 3641 completur
2583 3590 2597 3627 :
2641 3573 2710 3627 ita
2751 3573 2893 3644 quod
2924 3574 2989 3626 ad
3022 3576 3309 3629 lectiOuem
3340 3575 3598 3645 pcttiuet,

2010 3668 2181 3734 magis
2215 3666 2414 3719 tuentis
2445 3676 2529 3719 est
2553 3664 2724 3719 labor.
2756 3664 2981 3720 Litterae
3012 3680 3243 3734 namque
3267 3669 3601 3735 marsppium

2012 3775 2118 3813 non
2152 3766 2460 3828 sequuntur
2497 3776 2511 3812 :
2559 3761 2775 3812 sudoris
2817 3768 2996 3813 tamen
3029 3760 3261 3814 comites
3291 3772 3414 3815 sunt
3447 3769 3502 3816 et
3530 3761 3611 3814 la-

2013 3851 2184 3917 boris,
2215 3849 2379 3905 socia!
2421 3850 2778 3919 jejuniorum,
2815 3866 2921 3905 non
2954 3852 3254 3906 saturitatis
3281 3870 3295 3905 :
3319 3854 3609 3908 continen-

2012 3944 2124 4004 tiae,
2156 3958 2261 3996 non
2304 3942 2553 3995 lusuritn.
2584 3941 2737 3997 Unde
2767 3942 2986 4013 qttidatn
3018 3942 3275 4014 Origcnis
3307 3944 3612 4014 discipulus

2013 4035 2152 4092 dixit
2190 4052 2205 4090 :
2247 4051 2538 4107 numquam
2564 4052 2623 4091 se
2648 4036 2857 4103 cibum,
2882 4038 3117 4108 Origene
3158 4052 3449 4109 pra-septe.
3493 4041 3611 4097 sine

2017 4132 2249 4185 lectione
2276 4129 2572 4198 sotupsisse
2612 4148 2624 4183 :
2669 4146 2963 4201 numquam
2996 4132 3167 4189 inisse
3194 4131 3303 4204 [AL
3340 4134 3611 4208 ercuisse]

2018 4236 2291 4291 Somnum,
2326 4221 2425 4277 nisi
2453 4237 2593 4277 unus
2622 4239 2652 4277 e
2683 4222 2941 4279 fratribus
2971 4226 3140 4281 sacris
3175 4226 3394 4281 Litteris
3422 4241 3615 4297 perso-

2022 4325 2194 4369 πιπτει.

2097 4407 2339 4462 Edentes
2382 4416 2563 4462 autem
2601 4410 2827 4464 cucullis
2855 4409 3029 4476 capita
3060 4426 3152 4465 sui
3188 4410 3387 4472 velent,
3421 4425 3491 4465 ne
3537 4411 3615 4465 al-

2027 4508 2110 4553 ter
2136 4500 2369 4554 alterum
2400 4500 2624 4567 attpieiat
2653 4504 3074 4557 manducantem
3120 4522 3131 4556 :
3177 4518 3245 4556 ne
3276 4502 3420 4572 loqui
3455 4503 3615 4570 quid-

1952 4592 2001 4652 D
2029 4610 2188 4661 quam
2222 4596 2378 4650 liceat
2425 4596 2552 4649 dum
2591 4598 2939 4651 manducant.
2990 4597 3158 4666 lgitnr
3185 4598 3404 4663 quando
3435 4613 3619 4653 eome-

1977 4708 1983 4713 ·
2026 4688 2211 4748 deris,
2272 4689 2445 4758 cogita
2493 4689 2636 4759 quod
2690 4691 2873 4743 station
2921 4688 3012 4742 tibi
3045 4689 3310 4745 orandum
3364 4690 3531 4760 illico,
3567 4702 3620 4749 et

2026 4778 2312 4848 lcgt'udttut
2339 4781 2429 4834 sit.

2107 4871 2180 4924 De
2224 4871 2526 4938 Scripturis
2554 4857 2757 4928 sanctis
2800 4873 2999 4927 habeto
3028 4872 3189 4926 fixum
3222 4889 3474 4929 versuum
3523 4891 3624 4931 nn-

2032 4977 2264 5015 merntu.
2303 4963 2444 5017 Istud
2479 4960 2704 5031 pensum
2758 4966 2986 5019 Domino
3021 4976 3112 5019 ttto
3143 4966 3327 5024 redde.
3364 4969 3470 5025 Nec
3496 4981 3624 5027 ante

2037 5053 2277 5108 membra
2308 5053 2470 5123 quieti
2501 5057 2794 5119 concedas,
2826 5072 2984 5127 quam
3014 5058 3283 5114 calathum
3314 5062 3422 5134 [.41.
3455 5064 3626 5134 palla-

2036 5144 2209 5215 dium]
2243 5149 2446 5213 pectori
2483 5150 2554 5201 tni
2586 5148 2689 5205 IIJC
2720 5152 3063 5220 subtegmine
3089 5154 3467 5225 compleveris.
3501 5156 3630 5212 Post

2034 5253 2257 5291 sanctas
2309 5238 2659 5309 Scripturas,
2712 5243 2996 5296 ductorum
3045 5243 3328 5301 hominum
3368 5258 3629 5304 tractatus

2041 5331 2178 5393 lese,
2214 5347 2400 5385 eorum
2431 5331 2716 5387 ἀιιιιιιιικειι
2753 5349 2983 5403 quorum
3016 5334 3150 5393 fides
3179 5350 3303 5392 nuta
3335 5350 3421 5393 est
3446 5356 3459 5391 :
3485 5339 3632 5407 Quo-

2039 5422 2185 5474 niam
2210 5423 2447 5476 eruditio
2472 5423 2715 5477 timorem
2739 5438 2910 5492 crcat,
2928 5427 3197 5497 imperitia
3223 5430 3627 5487 confidentiam.

2041 5515 2150 5569 Sed
2181 5526 2309 5569 tunc
2337 5516 2618 5587 Scriptura
2645 5519 2883 5588 proderit
2914 5519 3114 5591 legenti
3137 5538 3151 5578 :
3174 5522 3217 5579 si
3242 5524 3381 5593 quod
3410 5522 3629 5599 legeris,

2042 5626 2212 5682 Opere
2241 5612 2600 5683 compleatur.

2123 5745 2151 5792 ι’
2179 5747 2469 5833 Pcrperttm
2499 5751 2864 5835 Martianzcus,
2896 5764 2945 5818 et
2972 5755 3078 5821 alia
3104 5768 3453 5843 peccatorum.
