4012 6190
492 258 602 322 358

1535 260 1593 319 s.
1636 254 2015 317 lllERONYMI
2053 248 2338 316 OPERUM
2376 242 2746 315 MANTISSA.

3689 251 3791 313 356

566 379 791 436 Illorum
824 378 985 449 igitur
1027 374 1377 441 tractatibus,
1426 373 1640 429 illorum
1680 373 1974 429 delecteris
2006 374 2086 427 in-
2120 375 2170 436 Α
2199 371 2397 444 pientis
2426 387 2439 428 :
2475 371 2728 440 injuriam
2760 368 2981 437 fecisse,
3013 368 3456 427 virtutismliena
3489 368 3796 439 possidere,

496 473 677 542 geniis
724 483 776 527 et
824 471 1000 531 libris.
1034 484 1266 537 quorum
1315 469 1490 537 pietas
1541 466 1663 521 fidei
1716 481 1823 521 non
1855 465 2090 520 vacillat.

498 563 745 619 Castores
790 564 868 618 sie
917 562 1055 630 lege.
1086 568 1147 613 tit
1190 561 1361 629 magis
1391 559 1603 629 judices
1629 573 1790 627 quem
1824 556 2088 627 sequaris.

499 657 707 709 t‘aveas
753 654 931 706 omnia
980 651 1415 723 apocryphatct
1438 651 1482 705 si
1516 649 1737 719 quando
1767 664 1829 703 ea
1875 664 1981 702 non
2025 649 2090 702 ad

499 747 812 816 dogtnatum
844 744 1129 798 veritatem
1173 745 1352 812 legere
1391 740 1653 808 volueris,
1684 742 1826 797 scias
1853 755 1961 795 non
1993 754 2091 795 eo-

501 852 620 892 rum
650 851 774 892 esse
804 849 1035 906 quorum
1070 836 1241 890 titulis
1285 843 1662 905 prmuotanlttr
1689 852 1699 888 :
1731 834 2010 903 mttltaqne
2036 833 2091 886 in

496 928 580 983 his
608 926 851 982 admixta
881 928 1097 981 vitiosa.
1135 926 1199 980 Et
1225 927 1448 997 grandis
1472 927 1774 996 prudentiae
1793 937 1875 979 ρει
1902 939 2091 979 aurum

494 1019 545 1073 iu
580 1020 690 1072 luto
720 1017 1147 1088 quarrere.Qnid
1177 1018 1318 1072 enim
1350 1017 1628 1074 facit'cum
1651 1017 2099 1073 Ps;tlteriollora-

500 1111 645 1166 tius?
670 1125 797 1165 cum
826 1110 1144 1179 Evangeliis
1167 1109 1349 1164 Maro?
1379 1123 1501 1164 cum
1551 1110 1817 1179 Apostolo
1859 1108 2097 1164 Cicero?

496 1203 630 1270 Quae
672 1201 906 1256 societas
938 1201 1076 1256 lucis
1113 1201 1179 1256 ad
1211 1202 1504 1258 tenebras?
1534 1200 1611 1257 Ne
1642 1216 1775 1273 ergo
1804 1202 1951 1271 legas
1982 1201 2099 1271 plri-

496 1293 757 1363 Iosopbos
779 1330 796 1360 ,
845 1302 1097 1349 oratores
1118 1331 1134 1358 ,
1182 1304 1371 1363 poetas
1392 1332 1407 1360 ,
1458 1307 1527 1349 ne
1558 1294 1611 1349 in
1638 1308 1826 1349 eorum
1861 1295 2097 1349 lectione

498 1388 813 1458 requiescas
849 1407 862 1440 :
896 1401 996 1443 nec
1028 1389 1189 1443 nobis
1219 1388 1583 1452 blandiamur,
1618 1390 1661 1444 si
1697 1389 1780 1444 his
1809 1403 1933 1459 quae
1963 1390 2101 1444 scri-

496 1488 587 1550 pta
631 1486 763 1536 sunt
815 1495 921 1535 non
966 1480 1265 1543 credimus,
1310 1495 1436 1535 cum
1478 1482 1712 1535 aliorum
1764 1481 2099 1537 conscientia

502 1575 819 1628 vulneretur
857 1590 872 1627 :
913 1584 969 1629 et
996 1584 1248 1644 putemur
1278 1574 1512 1643 probare
1535 1588 1657 1644 qua:
1686 1574 1813 1628 dum
1846 1575 2095 1645 legimus,

500 1682 608 1722 non
660 1668 1043 1736 reprobamus.
1090 1667 1247 1722 Absit
1295 1683 1428 1737 ergo
1464 1678 1521 1723 ut
1550 1669 1618 1722 de
1665 1684 1760 1723 ore
1796 1669 2100 1723 christiano

2202 464 2459 538 potentia:
2502 482 2517 518 :
2566 464 2916 520 innocentem
2951 464 3379 529 circumvenire,
3414 467 3632 540 astutize
3662 483 3676 521 :
3703 464 3799 520 hu-

2200 557 2381 611 milem
2415 557 2754 629 despexisse,
2795 557 3112 612 nobilitatis.
3164 555 3254 613 Sic
3307 558 3593 612 erroribus
3643 556 3798 627 plena

2198 659 2326 704 sunt
2371 651 2553 705 omnia
2598 666 2612 705 :
2657 660 2713 705 et
2760 650 2825 704 ad
2859 651 2963 704 hoe
3009 665 3178 721 usque
3211 653 3417 706 veritas
3448 652 3797 717 obscuratur,

2200 750 2257 795 ut
2283 742 2335 795 in
2368 742 2565 796 mortis
2595 744 2805 813 gremio
2831 741 3068 812 jncuisse
3097 742 3374 797 beatitudo
3404 742 3643 797 dicatur.

2272 834 2441 888 Nobis
2482 840 2618 889 vero
2666 834 2737 889 nil
2781 836 2982 903 placet,
3028 835 3131 889 nisi
3176 835 3321 906 quod
3352 834 3797 891 Ecclesiastieum

2200 936 2304 993 eSt,
2339 936 2393 982 et
2437 927 2581 998 quod
2636 927 2851 996 publice
2899 928 2951 983 in
2983 927 3230 983 Ecclesia
3280 927 3389 1000 [AL
3423 928 3552 984 add.
3594 928 3800 1001 dicere]

2201 1034 2309 1073 non
2366 1019 2640 1073 timemus.
2695 1018 2752 1072 In
2806 1018 2889 1073 his
2941 1025 3120 1073 tamen
3184 1019 3252 1072 ita
3306 1020 3487 1074 facere
3537 1020 3798 1075 solemus.

2201 1110 2431 1179 Quando
2468 1111 2611 1165 enim
2661 1109 3018 1180 philosolibos
3052 1110 3304 1181 legimus,
3336 1111 3557 1180 quando
3590 1112 3643 1167 in
3690 1127 3802 1167 ma-

2201 1217 2303 1257 nus
2350 1209 2565 1255 nostras
2617 1201 2739 1256 libri
2790 1201 3018 1256 veniunt
3066 1203 3347 1272 sapientia
3400 1203 3702 1271 surcularis,
3758 1205 3800 1257 si

2203 1293 2329 1365 quid
2375 1292 2430 1347 in
2479 1293 2559 1347 eis
2610 1294 2746 1349 utile
2794 1294 3137 1361 reperimus,
3192 1292 3258 1348 ad
3306 1304 3551 1350 nostrum
3604 1296 3802 1367 dogma

2202 1385 2594 1441 convertimus.
2642 1386 2700 1442 Si
2733 1387 2859 1458 quid
2896 1402 3025 1443 vero
3072 1387 3443 1457 superﬂuum.
3491 1386 3563 1444 de
3614 1389 3799 1461 idolis,

2204 1480 2272 1535 de
2300 1496 2511 1548 amore,
2542 1481 2609 1536 de
2637 1496 2762 1536 cura
2788 1482 3131 1536 stecularinm
3161 1494 3371 1549 rerum,
3395 1483 3505 1537 hmc
3534 1483 3801 1552 radimus,

2206 1575 2287 1629 bis
2319 1574 2601 1630 calvitium
2636 1574 2965 1643 inducimus,
3014 1574 3131 1631 haec
3180 1577 3232 1631 in
3284 1575 3543 1647 unguium
3593 1592 3801 1632 morem

2204 1668 2355 1724 ferro
2384 1668 2702 1723 acutiSsimo
2733 1668 3071 1724 desecamns.

498 1758 886 1829 IouetJupiter
907 1760 2097 1833 omnipotens,ctMehercule,etMecastor,
2132 1766 2178 1825 Β
2279 1758 2533 1815 Referam
2584 1760 2677 1814 tibi
2729 1772 2868 1814 metu
2919 1759 3254 1815 infelicitatis
3304 1760 3610 1817 historiam.
3669 1760 3803 1818 Cum

501 1861 558 1907 et
586 1860 788 1907 ctetera
816 1852 987 1922 magis
1011 1863 1256 1922 portenta
1286 1867 1445 1923 quam
1480 1852 1728 1907 numina.

575 1949 645 1998 Αι
674 1957 819 1998 nunc
844 1946 1007 1998 etiam
1038 1943 1357 1999 sacerdotes
1384 1943 1501 2009 Dei,
1533 1946 1751 2000 omissis
1793 1945 2101 2017 Evangeliis

498 2045 555 2093 et
588 2035 900 2105 Prophetis,
930 2034 1180 2090 videmus
1225 2036 1528 2092 comoedias
1561 2038 1742 2105 legere
1779 2053 1792 2091 :
1835 2038 2096 2093 amatoria

502 2129 886 2184 Bucolicorum
920 2144 1172 2183 versuum
1222 2129 1389 2184 verba
1438 2141 1661 2185 cantare
1704 2131 1807 2202 [AL
1844 2132 2097 2203 tentare]:

507 2233 694 2276 tenere
725 2220 1011 2291 Virgilium
1039 2239 1052 2273 :
1085 2232 1141 2275 et
1168 2222 1217 2274 id
1248 2222 1391 2292 quod
1441 2222 1495 2276 in
1540 2224 1723 2292 pueris
1756 2225 2101 2278 necessitatis

498 2323 601 2376 est,
632 2310 843 2366 crimen
888 2311 941 2365 in
983 2326 1043 2366 se
1077 2309 1255 2367 facere
1288 2312 1607 2366 voluntatis.
1655 2312 1892 2366 Seientia
1921 2321 2098 2367 autem

500 2407 716 2475 pietatis
738 2415 840 2466 est.
871 2416 1079 2476 nosse;I
1111 2405 1292 2476 legere
1318 2406 1651 2477 Scripturas,
1688 2406 1986 2476 Prophetas
2018 2408 2102 2461 in-

502 2500 769 2569 telligere,
790 2498 1086 2567 Evangelio
1108 2503 1358 2563 credere,
1386 2500 1671 2568 Aposmlos
1696 2515 1800 2552 non
1827 2501 2094 2567 ignorare.

503 2590 616 2646 Nec
663 2601 913 2660 putemus
964 2593 1016 2645 in
1050 2591 1235 2645 verbis
1281 2592 1680 2661 Scriptorarum
1708 2606 1828 2645 esse
1858 2592 2101 2661 Evange-

500 2682 653 2743 Iium,
693 2684 787 2736 sed
834 2685 884 2736 in
926 2698 1091 2737 sensu
1133 2702 1147 2736 :
1192 2700 1298 2737 non
1344 2684 1395 2737 in
1429 2684 1739 2750 superficie,
1772 2684 1865 2738 sed
1900 2684 1954 2738 in
1987 2702 2099 2740 me-

500 2776 647 2831 dulla
691 2791 706 2829 :
752 2777 944 2832 nonin
975 2793 1286 2833 sermonum
1338 2777 1508 2845 foliis,
1549 2778 1646 2833 sed
1695 2778 1747 2832 in
1789 2779 1967 2834 radice
2012 2794 2101 2833 ra-

505 2869 689 2923 tionis.
1652 2910 1657 2931 ι

576 2962 632 3014 Si
657 2960 783 3031 qttid
813 2970 991 3015 autem
1026 2961 1262 3032 ignoras,
1291 2961 1337 3015 si
1364 2961 1490 3032 quid
1522 2961 1587 3017 de
1619 2962 1914 3032 Seripturis
1943 2964 2096 3021 dubio

504 3060 608 3117 tas,
653 3054 927 3121 interroga
971 3068 1092 3108 euut
1137 3070 1297 3123 quem
1345 3057 1451 3106 vita
1476 3055 1838 3121 commendat,
1876 3066 2097 3111 excusat

2205 1863 2332 1908 ante
2376 1868 2546 1907 annos
2600 1853 2865 1923 plurimos
2916 1855 3101 1921 domo,
3137 1853 3473 1925 parentibus,
3521 1858 3805 1912 sororibus

2207 1946 2313 2019 [AL
2366 1946 2604 2020 sorore],
2658 1949 2925 2018 cognatis,
2976 1950 3201 2018 etquod
3251 1950 3335 2004 his
3368 1950 3645 2005 difficilius
3698 1963 3803 2018 est,

2205 2040 2605 2094 cnnsnetudine
2652 2041 2898 2096 lautioris
2944 2041 3072 2099 cibi.
3129 2053 3352 2112 prepter
3400 2044 3669 2100 caalorum
3719 2062 3805 2102 me

2205 2146 2374 2202 regna
2406 2144 2755 2195 castrassem.
2791 2142 2845 2188 et
2874 2131 3270 2206 Jcrosolymam
3312 2136 3641 2191 militaturus
3684 2153 3808 2208 per-

2206 2240 2388 2295 gerem
2439 2242 2453 2280 :
2506 2225 2877 2293 bibliotheca,
2933 2242 3090 2296 quam
3151 2226 3284 2283 mihi
3342 2227 3529 2283 Itonne
3585 2242 3807 2284 summo

2206 2318 2387 2373 studio
2439 2318 2826 2382 confeceram.
2877 2335 3066 2375 carere
3127 2337 3232 2376 non
3286 2332 3555 2392 poteram.
3617 2323 3809 2394 Itaque

2203 2411 2372 2465 miser
2419 2426 2551 2482 ergo
2602 2412 2840 2468 lecturus
2884 2411 3114 2467 Tullium
3162 2412 3499 2483 jejunaliam.
3543 2418 3672 2471 Post
3704 2434 3807 2469 titi-

2209 2501 2377 2556 ctinm
2410 2502 2631 2558 crebras
2662 2503 2893 2574 vigilias,
2928 2514 3048 2575 post
3088 2506 3379 2578 lacrytnas,
3412 2522 3533 2579 qua:
3565 2518 3808 2575 praeter-

2205 2594 2408 2651 itorum
2460 2595 2837 2653 recordatione
2888 2596 3013 2670 [AL
3060 2599 3402 2671 recordnt’o]
3450 2614 3807 2670 peccatorum

2201 2705 2268 2745 cx
2306 2687 2511 2743 intimis
2551 2690 2854 2746 visceribus
2892 2690 3131 2747 ﬂuebant
3173 2692 3290 2765 [AL
3322 2694 3609 2767 eruebat],
3645 2695 3811 2751 Plan-

2200 2791 2285 2837 tns
2341 2782 2654 2838 sumebatur
2707 2785 2758 2838 in
2810 2799 3022 2839 manus.
3080 2785 3139 2842 Si
3189 2788 3409 2858 quando
3466 2790 3518 2843 in
3576 2803 3813 2845 memet-

2202 2876 2376 2946 ipsum
2420 2891 2672 2933 reversus
2716 2878 3039 2950 Prophetam
3080 2881 3260 2952 legere
3300 2883 3625 2953 ctepissem,
3680 2902 3811 2941 ser-

2201 2983 2290 3023 tuo
2339 2967 2599 3025 horrebat
2637 2970 2895 3025 incultus.
2949 2970 3018 3027 Et
3060 2976 3184 3043 quia
3229 2974 3407 3029 lumen
3453 2974 3617 3031 Carcis
3666 2992 3808 3033 oen-

2203 3061 2267 3115 lis
2314 3077 2420 3116 non
2469 3062 2739 3129 videbam,
2784 3081 2888 3119 non
2943 3067 3224 3121 oculorum
3272 3069 3531 3136 putabam
3586 3073 3808 3140 culpam

503 3158 660 3211 tetas,
690 3146 829 3200 fama
862 3162 968 3201 non
1011 3150 1287 3217 reprobat.
1317 3147 1423 3202 Ant
1448 3148 1492 3201 si
1532 3163 1637 3201 non
1681 3158 1765 3203 est
1799 3152 1887 3219 qui
1926 3153 2096 3221 possit
2120 3146 2166 3208 C
2200 3169 2344 3222 esse,
2379 3155 2472 3210 sed
2497 3157 2646 3211 solis.
2680 3156 2817 3212 Dum
2850 3160 2917 3213 ita
2950 3176 3034 3215 me
3066 3162 3318 3233 antiquus
3350 3178 3576 3232 serpens
3609 3162 3811 3221 illude-

499 3256 777 3310 eXponere
813 3259 824 3294 :
867 3240 1063 3294 melius
1102 3249 1186 3294 est
1220 3240 1422 3311 aliquid
1469 3243 1707 3307 nescire,
1752 3257 1944 3297 secure
1984 3242 2091 3313 [AL

501 3342 601 3386 tae.
642 3332 879 3404 secure],
914 3347 1073 3403 quam
1104 3348 1226 3387 cum
1263 3334 1509 3403 periculo
1550 3333 1785 3389 discere.
1826 3335 2095 3390 Memento

501 3424 624 3494 quia
651 3425 705 3478 in
739 3426 919 3480 medio
952 3429 1267 3491 laqueorum
1298 3426 1566 3480 ambulas.
1610 3425 1748 3481 Malo
1782 3427 1924 3479 enim
1953 3426 2093 3496 apud

504 3529 555 3569 te
584 3518 911 3571 verecundia
945 3500 1236 3586 parumper
1262 3532 1422 3587 quam
1452 3532 1612 3573 causa
1645 3517 1963 3587 periclitari.
1992 3518 2092 3585 Qui

505 3618 688 3661 tamen
734 3610 878 3677 quod
914 3612 1063 3662 novit
1108 3610 1431 3679 interrogat,
1464 3625 1568 3663 nou
1596 3620 1724 3663 voto
1771 3608 1880 3681 [AL
1913 3609 2095 3681 modo]

504 3702 778 3766 discendi,
805 3703 898 3755 sed
933 3702 1114 3755 studio
1138 3702 1517 3771 cognoscendi,
1546 3716 1611 3754 an
1645 3705 1855 3755 noverit
1889 3702 1977 3756 ille
2004 3703 2096 3773 qui

506 3808 874 3863 l'tSPOIISIII‘IIS
925 3804 1046 3859 est,
1097 3796 1149 3845 in
1200 3793 1609 3847 similitudinem
1660 3793 2091 3863 pharisreortun,

503 3904 613 3943 non
659 3888 812 3957 quasi
859 3886 1187 3954 discipulus,
1237 3887 1331 3942 sed
1372 3889 1522 3956 quasi
1575 3896 1811 3942 tentator
1861 3887 2093 3942 accedit.

500 3980 757 4050 Plerique
780 3981 943 4035 etiam
969 3980 1359 4040 detracturum.
1384 3981 1509 4033 dttm
1539 3981 1700 4035 verba
1729 3981 1866 4036 sacri
1896 3981 2096 4049 eloquii

500 4075 624 4144 plus
668 4088 831 4144 quam
875 4073 1076 4129 debent
1121 4074 1437 4139 discutiunt,
1476 4076 1528 4128 iu
1559 4077 1832 4130 carnalem
1877 4075 2093 4129 intelle-

498 4182 645 4225 ctum
670 4169 891 4223 cadunt.

570 4264 627 4316 lu
674 4261 875 4316 divinis
914 4271 1095 4316 autem
1125 4261 1425 4332 Scriplnris
1466 4274 1521 4317 et
1558 4262 1711 4317 libris
1751 4263 1943 4318 melius
1988 4273 2091 4325 est.

498 4356 730 4411 obscura
777 4354 1087 4425 relinquere
1137 4366 1193 4407 nt
1237 4366 1394 4419 sunt,
1435 4370 1598 4426 quam
1643 4355 1846 4427 aliquid
1892 4367 2095 4411 temere

498 4451 585 4506 vel
626 4464 793 4520 prave
834 4450 1058 4513 imitari,
1096 4449 1238 4519 quod
1274 4450 1505 4503 nescias.
1551 4449 1687 4504 Sunt
1717 4464 1933 4519 quoque
1962 4465 2096 4504 non-

2199 3256 2281 3302 ret
2316 3266 2328 3301 :
2362 3248 2414 3303 in
2449 3250 2624 3305 media
2659 3250 2831 3307 ferme
2878 3254 3301 3324 Quadragesima
3338 3256 3591 3311 medullis
3626 3258 3808 3314 infusa

2200 3340 2389 3404 febris.
2424 3359 2624 3413 corpus
2671 3345 2868 3400 invasit
2918 3348 3267 3413 exhaustum,
3303 3361 3351 3404 et
3384 3352 3500 3406 siue
3556 3350 3661 3405 tilla
3714 3369 3810 3407 re-

2199 3436 2344 3505 quie.
2379 3437 2525 3507 quod
2556 3435 2703 3492 dictu
2735 3456 2951 3509 quoque
2986 3442 3301 3497 incredibile
3334 3445 3423 3505 sit,
3461 3445 3540 3498 sic
3566 3443 3807 3501 infelicia

2199 3530 2436 3583 membra
2464 3530 2685 3600 depasta
2711 3544 2790 3586 est
2826 3541 2878 3586 nt
2906 3536 3120 3589 ossibus
3149 3537 3234 3592 vix
3267 3535 3299 3591 It
3321 3554 3555 3592 ererem.
3576 3537 3807 3595 Interim

2200 3632 2459 3691 parantur
2512 3618 2805 3693 exsequim,
2866 3637 2920 3681 et
2951 3626 3131 3682 vitalis
3196 3631 3393 3684 animm
3456 3630 3627 3698 calor,
3690 3644 3809 3688 toto

2196 3712 2305 3781 jam
2356 3728 2587 3780 Ctit'rOI‘c
2636 3718 2985 3785 lrigescenle,
3040 3719 3089 3773 in
3150 3723 3271 3775 solo
3327 3733 3530 3779 tantum
3584 3734 3809 3793 tepente

2202 3808 2513 3875 pectusculo
2544 3809 2833 3877 palpitabat
2869 3828 2883 3868 2
2918 3828 3039 3866 cum
3072 3813 3250 3869 subito
3280 3825 3464 3885 raptus
3506 3816 3559 3871 in
3604 3818 3804 3887 spiritu

2200 3900 2265 3953 ad
2310 3901 2544 3955 tribunal
2586 3902 2787 3958 Christi
2823 3907 3102 3973 pertrahor
3146 3925 3157 3961 ε
3203 3907 3290 3961 ubi
3323 3918 3529 3964 tantum
3580 3909 3808 3965 luminis

2201 3998 2339 4055 erat,
2374 4003 2424 4048 el
2457 4002 2666 4047 tantum
2709 4010 2775 4050 cx
2827 3998 3298 4052 circutttstantium
3329 4000 3579 4055 claritate
3621 4001 3807 4072 fulgo-

2200 4083 2296 4149 ris,
2329 4092 2387 4138 ut
2414 4085 2689 4156 projectns
2721 4086 2773 4142 in
2805 4100 3003 4143 terram
3039 4104 3252 4144 sursum
3288 4090 3534 4159 aSpicere
3567 4108 3675 4147 non
3705 4109 3807 4147 auc-

2200 4176 2409 4232 derem.
2443 4178 2818 4251 Interrogatus
2846 4183 2914 4237 de
2940 4185 3273 4254 conditione,
3317 4186 3683 4241 Christianum
3715 4204 3804 4245 tuo

2200 4286 2321 4326 esse
2346 4274 2625 4343 respondi.
2667 4273 2734 4328 Et
2764 4275 2854 4330 ille
2875 4277 2963 4348 qui
2998 4276 3327 4348 prmsidcbat
3360 4296 3372 4332 :
3407 4279 3669 4347 Mentiris,
3698 4281 3797 4336 ait.

2200 4363 2590 4421 Cicerooianus
2623 4382 2703 4432 es,
2739 4384 2845 4421 non
2877 4367 3239 4426 Christianus.
3271 4369 3368 4424 lilii
3397 4374 3544 4426 enim
3570 4383 3653 4427 est
3684 4375 3806 4429 the-

2202 4472 2393 4514 saurus
2443 4468 2585 4526 tuus,
2624 4461 2693 4516 ibi
2737 4472 2791 4517 et
2819 4479 2915 4517 cor
2942 4474 3089 4518 tuum
3128 4464 3345 4538 (Matth.
3380 4467 3478 4531 vi).
3513 4464 3663 4523 Illico
3702 4468 3807 4525 ob-

501 4544 654 4606 nulli,
682 4542 795 4612 qni,
822 4552 1009 4612 rugata
1048 4543 1248 4606 fronte,
1281 4544 1521 4597 demisso
1550 4556 1736 4612 superi
1754 4541 1868 4607 ilio,
1889 4545 2097 4597 verbis-
2124 4544 2176 4604 D
2202 4552 2397 4619 mutui,
2423 4561 2477 4607 et
2510 4554 2653 4608 inlcr
2682 4556 2927 4623 verbera,
2954 4574 3074 4611 nam
3108 4559 3242 4613 cmdi
3268 4575 3355 4615 me
3380 4560 3640 4630 jnsserat,
3666 4579 3804 4618 ροη-

498 4652 603 4705 que
626 4636 927 4699 trutinatis,
958 4636 1336 4691 auctoritatem
1356 4635 1641 4690 doctorum
1667 4635 1767 4689 sibi
1784 4636 2094 4693 vendieant.

498 4729 615 4784 Non
657 4729 801 4800 quod
834 4730 935 4799 ipsi
966 4728 1185 4799 dignum
1216 4729 1420 4799 aliquid
1455 4733 1763 4799 arrogantia
1812 4734 2092 4785 noverint:

495 4823 591 4879 sed
640 4823 786 4892 quod
834 4824 1113 4892 simplices
1160 4823 1365 4877 fratres
1415 4823 1663 4893 quredam
1710 4822 1965 4879 videntur
2010 4826 2093 4880 sui

496 4914 913 4982 comparatione
963 4915 1194 4970 nescire.
1242 4914 1437 4970 Evenit
1484 4914 1646 4969 etiam
1696 4912 1993 4988 interdum,
2035 4926 2093 4972 ttt

496 5022 620 5062 cum
664 5008 939 5061 modicum
986 5008 1231 5062 scientiae
1262 5009 1383 5079 quis
1413 5006 1682 5075 habuerit,
1715 5009 1889 5063 elatus
1919 5008 1971 5063 in
2001 5024 2092 5063 sn-

498 5100 740 5171 pcrbiam
790 5096 1006 5153 discere
1050 5099 1285 5154 desistat
1329 5099 1451 5171 [AL
1504 5100 1628 5154 add.
1682 5108 1736 5155 et
1785 5100 2095 5173 legere]:et

496 5195 751 5264 paulatim
796 5207 863 5247 eo
909 5192 1049 5259 quod
1118 5192 1251 5247 nihil
1323 5192 1563 5257 additur,
1614 5192 1967 5258 subtrahitur,
2035 5203 2096 5249 ut

494 5283 522 5326 δ
554 5299 763 5341 vacuus
793 5282 1098 5352 disciplinis
1140 5285 1357 5354 penitus
1396 5294 1682 5341 remaneat
1720 5304 1733 5339 :
1784 5288 2097 5357 ferrumque

494 5377 637 5448 quod
662 5385 883 5433 acutum
915 5386 1051 5438 erat,
1079 5375 1382 5431 hebetetur.
1412 5377 1519 5433 Sed
1546 5386 1603 5433 et
1628 5379 1738 5447 jam
1765 5379 2091 5448 Prophetam

496 5473 746 5543 horrere,
776 5471 1089 5540 eloquentis
1123 5481 1379 5528 estznon
1426 5469 1703 5528 Christum
1757 5488 1953 5546 sapere
2003 5489 2095 5529 sa-

493 5656 614 5807 σας.
628 5647 787 5776 Aiaci
815 5644 1103 5723 Rubeum,
1150 5662 1298 5707 nostr
1322 5645 1535 5725 Legem,
1570 5645 1860 5727 Prophetas
1887 5650 2087 5713 intelli-

620 5756 637 5791 .
758 5754 774 5775 .

2203 4646 2446 4700 scientia:
2519 4651 2690 4719 magis
2751 4648 2875 4719 igne
2939 4652 3297 4721 torquebar:
3361 4654 3508 4709 illum
3583 4672 3800 4712 mecum

2202 4741 2532 4794 versiculum
2568 4752 2822 4811 repetens
2852 4762 2863 4796 :
2899 4741 2964 4798 In
2996 4748 3199 4811 inferno
3236 4756 3405 4799 (intem
3445 4748 3558 4819 quis
3587 4749 3805 4819 conﬁte-

2202 4835 2338 4888 bitur
2370 4832 2462 4888 tibi
2494 4833 2716 4905 (Partim.
2754 4834 2871 4907 vi)?
2900 4836 3148 4893 Clamare
3181 4848 3357 4892 tamen
3389 4841 3550 4909 coepi,
3582 4850 3637 4895 et
3682 4842 3804 4912 eju-

2197 4925 2315 4980 Iaus
2345 4927 2527 4981 dicere
2558 4945 2569 4981 :
2600 4928 2861 4984 Miserere
2911 4931 3039 4995 mei,
3065 4930 3310 4995 nomine,
3355 4932 3618 4988 miserere
3651 4936 3796 4991 mei!

2201 5017 2327 5072 Ilmc
2354 5034 2458 5073 vox
2484 5018 2625 5075 inter
2654 5018 2865 5091 ﬂagella
2891 5021 3201 5078 resonabat.
3229 5022 3470 5079 Tandem
3504 5024 3568 5078 ad
3600 5028 3799 5095 prmsi-

2196 5107 2374 5163 dentis
2427 5126 2599 5178 genua
2634 5112 2900 5182 provoluti
2933 5115 3025 5184 qui
3072 5114 3377 5181 astiterant,
3427 5115 3800 5185 precabantur

2198 5208 2257 5255 ut
2286 5201 2498 5256 veniam
2532 5204 2793 5260 tribueret
2830 5204 3236 5272 adolescentiae,
3280 5218 3330 5260 et
3386 5208 3559 5264 errori
3610 5208 3797 5269 locum

2200 5292 2537 5360 poenitentiae
2599 5295 2755 5349 daret
2803 5294 2920 5370 [AL
2987 5295 3437 5371 commodaret],
3500 5310 3799 5360 exacturus

2199 5382 2397 5439 deinde
2427 5388 2756 5453 cruciatum,
2788 5391 2829 5443 si
2862 5390 3142 5461 gentilium
3167 5390 3458 5458 aliquando
3484 5390 3797 5453 litterarum

2201 5478 2371 5536 libros
2402 5479 2675 5548 legissem.
2724 5482 2839 5558 Ego
2881 5484 2975 5559 qui
3018 5485 3071 5542 in
3106 5495 3255 5542 tanto
3286 5488 3618 5545 constrictus
3662 5493 3800 5548 arti-

2267 5650 2294 5695 δ
2326 5653 2471 5718 idem
2500 5665 2548 5718 ot
2576 5673 2793 5719 vacuum
2821 5660 3112 5739 disciplinis
3136 5670 3311 5738 pectus
3334 5679 3445 5725 rem
3470 5664 3653 5745 ducat,
3685 5679 3797 5740 Ole.
