4048 6360
265 324 367 387 357

266 445 424 508 culo,
474 441 669 500 vellem
711 440 878 497 etiam
919 441 1125 511 majora
1175 441 1491 511 promittere
1541 458 1554 493 :

270 538 438 607 ctepi,
474 546 529 592 et
575 550 771 591 nomen
801 536 920 604 ejus
965 535 1245 589 obtestans
1270 534 1455 590 dicere
1489 553 1502 588 :
1536 534 1788 599 Domine,
1820 536 1863 587 si

273 648 525 701 nmquam
561 608 801 683 habuero
844 628 1067 683 codices
1102 631 1418 693 smculares,
1460 638 1551 682 aut
1582 629 1627 682 si
1662 629 1864 696 legero,

271 734 325 779 te
351 724 562 792 negavi.
609 722 665 776 lu
691 723 807 777 luce
828 721 1161 777 sacramenti
1183 721 1346 776 verba
1374 720 1659 789 dimissus,
1692 736 1874 775 rever-

274 832 360 878 tor
384 822 450 875 ad
483 835 741 890 superos,
769 829 824 876 et
876 820 1201 875 mirantibus
1240 822 1476 889 cunctis,
1508 821 1701 876 oculos
1742 835 1873 887 ape-

273 916 380 980 rui,
418 923 570 967 tanto
598 914 961 984 lacrymarum
1015 913 1187 969 imbre
1218 912 1489 982 perfusos,
1522 925 1579 967 ut
1608 912 1769 968 etiam
1796 914 1876 965 in-

277 1006 519 1062 credulis
552 1006 713 1060 tidem
761 1006 998 1061 facerem
1038 1021 1105 1059 ex
1135 1005 1351 1060 dolore.
1393 1004 1502 1059 Nec
1539 1020 1673 1059 vero
1714 1018 1880 1072 sopor

276 1099 369 1154 ille
405 1098 605 1161 fuerat,
648 1107 736 1152 aut
786 1113 920 1152 vana
960 1098 1197 1161 somnia,
1240 1096 1437 1167 quibus
1482 1110 1628 1165 smpe
1667 1094 1881 1150 deludi-

276 1206 422 1244 mur.
474 1188 655 1245 Testis
706 1200 790 1244 est
840 1189 1079 1245 tribunal
1125 1188 1282 1252 illud,
1340 1197 1469 1242 ante
1518 1187 1659 1256 quod
1708 1186 1874 1253 jacni,

276 1282 437 1336 testis
478 1280 739 1349 judicium
788 1280 965 1347 triste,
1010 1279 1155 1349 quod
1191 1280 1369 1333 timui.
1417 1278 1489 1332 ιω
1547 1277 1675 1333 mihi
1722 1292 1878 1331 num-

277 1362 440 1442 quam
475 1374 638 1426 talem
680 1372 951 1440 contingat
987 1370 1226 1425 incidere
1262 1368 1642 1438 qtttestionein.
1688 1376 1715 1405 ι
1744 1367 1876 1422 Nam

276 1466 453 1519 fateor
479 1464 792 1518 vulneribus
828 1462 1086 1516 habuisse
1127 1462 1317 1530 plenas
1362 1461 1618 1529 scapulas
1651 1479 1664 1514 :
1696 1462 1881 1530 plagas

277 1554 519 1611 sensisse
548 1562 675 1624 post
698 1568 973 1619 somnum,
1005 1564 1059 1607 et
1083 1563 1238 1607 tanto
1259 1552 1462 1608 dehinc
1486 1553 1666 1608 studio
1696 1552 1880 1608 divina

280 1645 500 1716 legisse,
532 1655 737 1716 quanto
763 1646 1019 1701 mortalia
1046 1655 1170 1701 ante
1207 1661 1313 1699 non
1347 1646 1604 1716 legerem.

348 1740 615 1809 Quodque
642 1748 838 1809 [ll‘tl‘iel'
870 1741 1203 1809 psalmorum
1242 1740 1584 1795 etoratiouis
1607 1738 1880 1806 ordinem,

847 321 1127 386 REGULA
1167 319 1655 384 MONACHORUM
1695 322 1790 382 EX
1828 320 2138 385 SCRIPTIS
2179 322 2565 388 lllERONYMl
2604 324 2987 388 COLLECTA.

3459 328 3569 389 358

1617 440 1863 510 dejvrarc
1892 489 1901 502 ι

2010 440 2246 512 :rdagogi
2276 446 2358 497 sui
2387 461 2496 499 non
2530 446 2771 513 potuisse
2797 458 2984 500 carere
3008 443 3175 513 vitiis,
3230 445 3434 517 quibus
3475 448 3571 501 ad—

1971 532 2075 588 huc
2100 538 2354 603 parvulus
2386 538 2563 594 fuerat
2594 522 2846 595 infectus.

2045 625 2359 681 Daunomim
2408 630 2591 701 itaque
2634 633 2787 686 cibus
2829 642 2911 687 est
2951 632 3193 687 carmina
3252 644 3564 706 poetarum,

1972 721 2253 775 satcularis
2277 722 2570 792 sapientia,
2596 725 2997 779 rhetoricorum
3030 738 3222 793 pompa
3256 728 3569 783 verborum.

1976 811 2107 866 Hzec
2149 830 2244 867 sua
2274 829 2467 869 omnes
2509 817 2779 870 suavitate
2808 817 3109 879 delectant,
3145 828 3195 871 et
3245 819 3369 872 dum
3402 821 3575 873 versi-

1980 909 2081 962 bus
2112 923 2272 963 aures
2317 908 2465 963 dulci
2518 910 2893 965 modulatione
2931 914 3276 965 currentibus
3331 915 3572 981 capiunt,

1979 1000 2214 1055 animam
2264 1017 2481 1071 quoque
2515 1011 2818 1071 penetrant,
2870 1012 2925 1058 et
2956 1005 3191 1071 pectoris
3221 1004 3435 1060 interna
3482 1005 3579 1060 de-

1978 1092 2228 1147 vinciunt
2279 1092 2388 1164 [ΑΙ.
2420 1095 2761 1168 devincunt].
2818 1095 3019 1150 Verum
3072 1098 3160 1150 ubi
3203 1112 3326 1151 cum
3370 1082 3585 1151 summo

1979 1183 2165 1238 studio
2209 1184 2415 1240 fuerint
2453 1199 2516 1241 ac
2562 1187 2749 1242 labore
2796 1187 3062 1257 perfecta,
3097 1189 3233 1243 nihil
3288 1188 3435 1244 aliud
3478 1189 3579 1244 nisi

1978 1274 2195 1329 inanem
2225 1290 2422 1330 sonum
2451 1287 2507 1331 et
2546 1292 2860 1333 sermonum
2893 1281 3181 1349 strepitum
3211 1283 3326 1336 suis
3358 1282 3582 1337 leCIori-

1979 1365 2079 1419 bus
2110 1366 2381 1421 tribuunt.
2413 1368 2571 1422 Nulla
2602 1370 2675 1422 ibi
2702 1372 3029 1440 saturitatis,
3064 1373 3211 1427 nulla
3240 1374 3464 1441 justitia-
3497 1380 3581 1427 re-

1979 1458 2148 1515 fectio
2168 1461 2464 1529 reperitur.
2496 1461 2741 1518 Studiosi
2769 1474 2956 1518 earum
2989 1458 3041 1517 in
3078 1464 3223 1519 fame
3248 1466 3369 1519 veri
3394 1477 3443 1520 et
3476 1465 3588 1520 vir-

1983 1560 2158 1607 tutum
2190 1555 2416 1623 penuria
2448 1565 2824 1623 perseverant.
2874 1556 3001 1610 Mihi
3046 1565 3226 1612 autem
3258 1566 3426 1623 eurus,
3476 1572 3583 1611 non

1982 1647 2118 1718 quid
2158 1647 2510 1712 Aristoteles,
2571 1648 2667 1701 sed
2713 1649 2843 1719 quid
2890 1647 3095 1703 Paulus
3153 1648 3366 1704 doceat.
3418 1649 3591 1704 Ornat

1983 1743 2129 1797 enim
2180 1742 2484 1797 doctrinam
2540 1743 2657 1809 Dei,
2692 1743 2781 1812 qui
2820 1758 2882 1797 ea
2942 1757 3066 1812 quce
3112 1742 3416 1798 conditioni
3475 1757 3587 1797 sum

280 1834 422 1905 quod
474 1833 571 1888 tibi
612 1836 741 1887 hora
782 1835 963 1909 tertia,
1015 1844 1187 1897 sexta,
1240 1848 1406 1898 nona,
1452 1833 1520 1887 ad
1566 1849 1885 1903 vesperum,
1912 1841 1960 1900 Β
1987 1844 2110 1905 apta
2141 1843 2268 1889 sunt
2310 1835 2432 1889 facit
2468 1852 2482 1889 :
2517 1845 2573 1890 et.
2612 1850 2643 1889 e
2674 1851 2943 1890 converso
2971 1835 3257 1890 confundit
3289 1836 3462 1901 illam,
3498 1837 3583 1890 cui

282 1928 458 1983 media
488 1939 647 1982 nocte
678 1937 731 1981 et
754 1944 909 1983 mane
931 1943 1147 1997 semper
1169 1926 1537 1981 exercendum
1558 1935 1645 1981 est
1674 1945 1686 1980 :
1711 1936 1888 1980 statue

283 2031 417 2092 quot
467 2022 615 2074 horis
669 2020 1005 2090 Scripturam
1072 2034 1317 2075 sanctam
1371 2020 1617 2075 ediscere
1663 2019 1887 2083 debeas,

285 2125 491 2182 quanto
523 2124 769 2184 tempore
801 2114 1005 2182 lugere,
1040 2128 1146 2165 non
1180 2111 1246 2166 ad
1280 2111 1549 2177 laborem,
1579 2111 1672 2165 sed
1699 2112 1768 2164 ad
1798 2112 1891 2165 de-

288 2208 637 2263 lectationem
685 2216 739 2260 et
770 2206 1183 2260 itiStrumioneut
1215 2204 1436 2259 animat.
1483 2204 1728 2273 Cumque
1774 2203 1891 2257 lucc

290 2299 499 2354 finieris
526 2299 722 2369 spatia,
765 2309 819 2352 et
848 2297 1157 2364 frequenter
1185 2296 1251 2349 ad
1297 2296 1505 2366 figenda
1535 2310 1711 2365 genua
1741 2294 1892 2349 solli-

290 2392 478 2447 citudo
521 2392 690 2444 animi
742 2392 1108 2454 suscitaverit,
1146 2399 1240 2443 aut
1307 2389 1536 2444 texenda
1598 2404 1889 2459 compone,

292 2491 387 2538 aut
413 2499 533 2553 qua:
561 2493 687 2538 sunt
718 2494 862 2538 texta
894 2485 1132 2552 respice,
1164 2498 1287 2553 qua:
1321 2493 1501 2537 errata
1532 2482 1892 2551 reprehendo,

292 2593 413 2645 qua:
439 2585 573 2630 sunt
608 2575 878 2637 facienda.
905 2576 1198 2631 constitue.
1229 2576 1286 2631 Si
1328 2576 1495 2629 tantis
1537 2590 1763 2644 operum
1798 2591 1891 2627 va-

294 2667 584 2722 rietatibus
643 2668 808 2722 fueris
862 2678 1200 2733 occupatus,
1272 2682 1566 2736 numquam
1634 2667 1729 2720 tibi
1778 2666 1895 2721 dies

300 2763 442 2832 longi
470 2771 655 2817 erunt.
682 2763 787 2818 Sed
817 2763 1067 2833 quamvis
1088 2746 1293 2817 institis
1334 2761 1626 2816 tendantur
1665 2762 1892 2829 solibus,

300 2854 493 2911 breves
525 2855 879 2919 videbuntur,
941 2855 1142 2921 quibus
1197 2855 1399 2925 aliquid
1441 2857 1627 2924 operis
1670 2866 1899 2924 praeter-

303 2951 529 3002 missum
559 2960 644 3003 est
676 2947 785 3019 [AL
822 2963 930 3002 non
970 2946 1095 3018 est].
1154 2947 1283 3002 lltec
1322 2948 1641 3015 observans,
1667 2949 1898 3018 teipsnm

301 3041 541 3096 salvabis
579 3051 633 3098 et
676 3043 817 3097 alios
862 3053 915 3097 et
957 3042 1095 3101 eris
1128 3042 1386 3111 magister
1424 3055 1627 3096 sancta:
1672 3057 1904 3096 conver—

303 3134 571 3200 sationis,
636 3134 1040 3203 moltorumque
1108 3138 1417 3188 castitatem
1478 3134 1689 3189 lucrum
1750 3144 1899 3187 tuum

305 3224 501 3280 facies.

381 3318 542 3373 Diras
569 3317 840 3387 psalmum
880 3319 931 3373 in
980 3320 1176 3377 ordine
1216 3331 1327 3387 tuo,
1378 3322 1432 3376 in
1471 3337 1579 3391 quo
1627 3336 1732 3377 non
1786 3321 1906 3377 dul-

308 3409 447 3463 cedo
489 3410 667 3472 vocis,
712 3411 807 3464 sed
856 3412 1056 3466 mentis
1077 3412 1307 3467 allectus
1339 3412 1447 3485 [Αι.
1486 3425 1626 3469 tacet
1656 3413 1743 3467 all‘.
1760 3412 1904 3485 etus]

311 3510 609 3570 qnzeratur,
634 3501 909 3556 srribcnte
933 3502 1196 3570 Aposmlo
1223 3522 1234 3557 :
1264 3503 1502 3558 Psallam
1528 3505 1735 3575 spiritu,
1767 3490 1908 3573 mal;

310 3595 416 3648 lam
475 3606 520 3648 et
570 3604 736 3649 mente
794 3595 835 3666 (Ι
882 3596 1004 3651 Cor.
1066 3596 1223 3667 XIV).
1286 3596 1514 3665 Legerat
1561 3598 1703 3653 enim
1767 3613 1906 3667 prm—

312 3698 562 3755 ceptutu,
613 3689 817 3756 psallite
860 3692 1113 3760 sapienter
1149 3689 1377 3757 (l’salm.
1424 3689 1566 3760 ιιν).
1621 3690 1756 3743 Nam
1797 3689 1905 3742 cla-

315 3796 434 3835 mor
478 3782 531 3834 in
574 3780 871 3850 Scripturis
920 3798 1026 3835 non
1073 3793 1157 3837 est
1187 3784 1360 3847 vocis,
1414 3783 1508 3836 sed
1558 3782 1761 3837 cordis.
1806 3781 1909 3837 Sed

313 3874 577 3943 numquid
614 3876 901 3928 verborum
930 3876 1274 3929 multitudine
1303 3877 1443 3929 llecti
1473 3876 1634 3941 Deus,
1668 3888 1725 3928 nt
1752 3876 1914 3930 homo

315 3967 543 4035 potest?
593 3965 709 4020 Non
758 3968 901 4021 enim
948 3969 1150 4033 verbis,
1204 3968 1299 4022 sed
1341 3968 1509 4023 corde
1558 3970 1803 4022 orandus
1833 3979 1916 4022 est

319 4059 480 4114 Deus.
525 4058 714 4113 Melior
765 4070 848 4114 est
894 4069 1099 4128 septem
1145 4059 1233 4130 [At
1271 4057 1531 4131 quinque]
1585 4061 1914 4128 psalmorum

316 4150 631 4205 decantatio
661 4164 780 4204 cum
813 4152 994 4205 cordis
1025 4151 1255 4218 puritate
1292 4161 1347 4205 et
1378 4153 1694 4217 serenitate,
1727 4160 1783 4207 et
1811 4152 1921 4222 spi-

318 4244 463 4298 ritali
492 4244 785 4309 hilaritate,
817 4259 976 4312 quam
1012 4243 1176 4298 totius
1200 4231 1439 4311 psalterii
1472 4243 1770 4298 modulatio
1797 4260 1916 4298 cum

320 4337 602 4392 anxietate
633 4336 811 4390 cordis
837 4349 892 4391 et
920 4338 1162 4392 tristitia.
1194 4340 1397 4393 Cantor
1431 4354 1647 4409 quoque
1692 4341 1921 4400 pellatur

323 4441 378 4482 ut
406 4426 625 4492 noxius,
680 4426 931 4481 tibicinas
975 4438 1028 4483 et
1078 4429 1332 4497 psaltrias
1364 4441 1419 4483 et
1456 4431 1759 4485 ialillSllltldi
1811 4432 1918 4505 [ΑΙ.

323 4521 453 4576 ald.
508 4518 738 4573 chorum
790 4518 1016 4592 diaboli]
1066 4522 1218 4588 quasi
1270 4523 1547 4579 mortifera
1606 4525 1920 4581 Sisenarnm

326 4615 572 4670 carmina
609 4616 869 4684 proturba
902 4631 967 4671 ex
1000 4617 1226 4671 ιρόιὺιις.

327 4721 341 4774 ι
402 4708 495 4764 Sic
516 4717 698 4762 autem
741 4708 1041 4764 erudienda
1076 4718 1160 4764 est
1195 4710 1396 4778 anima,
1428 4727 1550 4782 qua:
1578 4714 1816 4767 futurum
1845 4723 1930 4768 est

332 4801 595 4871 templum
640 4802 728 4856 Dei
778 4803 924 4871 quod
954 4802 1088 4857 nihil
1133 4804 1277 4859 aliud
1326 4806 1492 4859 discat
1539 4805 1748 4871 audire,
1792 4806 1927 4860 nihil

334 4895 503 4964 loqui,
546 4894 649 4948 nisi
680 4895 824 4963 quod
866 4896 932 4948 ad
980 4895 1232 4950 timorem
1290 4897 1384 4951 Dei
1437 4898 1692 4966 pertinet.
1731 4897 1929 4968 Turpia

1992 1926 2233 1981 Conditio
2263 1941 2357 1979 sua
2400 1926 2671 1995 displicet.
2703 1926 3004 1980 Monachus
3033 1939 3212 1982 autem
3256 1942 3360 1980 non
3394 1926 3589 1981 docto-

1994 2019 2095 2079 ris,
2128 2017 2225 2073 sed
2270 2018 2579 2088 plangentis
2616 2017 2776 2072 habet
2821 2018 3087 2083 cilicium,
3137 2022 3226 2089 qui
3276 2018 3360 2073 vel
3394 2032 3453 2073 se
3502 2020 3591 2073 vel

1993 2112 2257 2166 mundum
2283 2113 2485 2181 lugeat,
2514 2118 2572 2166 et
2622 2112 2830 2165 Domini
2853 2110 3084 2181 pavidus
3112 2113 3471 2182 praestolatur
3493 2112 3593 2166 ad-

1996 2217 2255 2270 ventum;
2290 2206 2381 2276 qtti
2407 2208 2587 2261 sciens
2611 2205 3039 2260 imbecillitatem
3066 2218 3246 2269 suam,
3274 2214 3331 2259 et
3360 2220 3457 2259 vas
3487 2204 3595 2259 fra-

1994 2298 2106 2369 gile
2145 2300 2290 2368 quod
2323 2308 2528 2368 portat,
2567 2298 2719 2353 timet
2765 2297 3081 2360 otl‘endere,
3133 2314 3199 2352 ne
3249 2297 3513 2367 impingat
3542 2310 3597 2352 i-t

1995 2400 2216 2445 corruat
2260 2400 2316 2445 et
2349 2392 2632 2460 frangatur
2669 2406 2681 2441 :
2729 2402 2897 2459 seque
2926 2392 3252 2444 monachum
3310 2400 3435 2444 esse
3486 2404 3594 2443 non

1996 2482 2273 2554 loquendo
2318 2491 2375 2537 et
2406 2480 2788 2543 discursando.
2838 2481 2933 2538 sed
2987 2482 3217 2537 tacendo
3261 2494 3314 2537 et
3354 2476 3600 2537 sedendo

1998 2576 2231 2630 noverit.
2256 2575 2339 2631 Sit
2368 2564 2589 2647 quoque
2636 2576 2730 2631 tibi
2773 2590 2957 2632 sermo
2998 2576 3191 2643 silens,
3223 2582 3278 2632 et
3322 2574 3597 2632 silentium

1998 2671 2247 2741 loquens,
2281 2685 2381 2725 nec
2410 2673 2572 2736 citus,
2608 2686 2705 2725 nec
2738 2671 2925 2724 tardus
2950 2669 3217 2725 incessus.

2069 2768 2147 2823 Ac
2172 2767 2541 2838 ttnu-qniSqne
2573 2767 2788 2836 quando
2833 2765 2898 2820 ad
2930 2766 3375 2821 communionem
3422 2764 3602 2835 ingre-

1999 2861 2155 2915 ditur
2179 2876 2300 2915 cum
2333 2859 2541 2915 cnculla
2569 2872 2775 2915 tantum
2825 2860 3068 2915 accedat.
3110 2859 3351 2915 [labeant
3383 2858 3473 2929 qui
3503 2873 3601 2911 vo-

2002 2954 2118 3008 Iunt
2147 2968 2272 3006 suas
2294 2968 2448 3022 opes,
2481 2968 2610 3009 vase
2634 2962 2907 3024 gemmato
2927 2950 3141 3017 bibant,
3167 2951 3343 3007 serico
3370 2956 3602 3017 niteant,

2003 3050 2198 3118 planSu
2230 3049 2412 3119 populi
2439 3048 2782 3104 delet-tentur
2817 3064 2830 3101 :
2875 3056 2929 3101 et
2961 3058 3059 3116 per
3089 3048 3266 3100 varias
3294 3046 3605 3113 voluptates

2005 3142 2226 3197 divitias
2258 3144 2479 3196 vincere
2528 3149 2822 3209 nequeant.
2871 3139 3087 3195 Nostra:
3129 3139 3330 3192 divitite
3366 3145 3494 3191 sunt
3551 3137 3604 3190 in

1929 3202 1974 3263 Β
2010 3235 2127 3305 lege
2152 3235 2241 3289 Dei
2270 3234 2518 3288 meditari
2550 3233 2640 3289 die
2670 3249 2731 3287 ac
2757 3241 2938 3299 nocte,
2965 3232 3186 3300 jannam
3214 3230 3463 3298 pulsare,
3492 3224 3520 3265 δ
3553 3237 3609 3281 et

2006 3329 2267 3383 smculttm
2295 3336 2604 3398 pra‘enutes
2633 3327 2868 3381 calcare.
2898 3324 3279 3393 Prmparetntts
3307 3321 3473 3391 igitur
3502 3334 3603 3373 no-

2009 3423 2092 3480 bis
2130 3423 2531 3487 fortitudinem,
2577 3432 2918 3475 assumamus
2960 3417 3117 3471 nobis
3169 3415 3468 3485 perlectum
3524 3427 3613 3467 ro-

2013 3519 2116 3573 bur
2146 3535 2159 3572 :
2194 3529 2245 3570 ut
2279 3518 2416 3570 inter
2454 3524 2703 3570 e’rrorum
2744 3514 3000 3567 tenebras
3030 3521 3086 3566 et
3123 3509 3520 3575 confusionem,
3556 3509 3608 3562 in

2012 3611 2188 3665 noctis
2239 3608 2463 3662 scientia
2528 3604 2732 3661 Christi
2786 3606 2965 3659 lumen
3027 3610 3304 3672 appareat.
3380 3601 3614 3671 Diesque

2016 3708 2202 3757 hoster
2231 3703 2425 3755 nubetu
2471 3699 2666 3755 habeat
2693 3706 3065 3769 protegentem
3102 3712 3113 3749 :
3155 3706 3213 3749 ut
3255 3694 3337 3749 his
3384 3694 3613 3748 ducibus

2017 3794 2080 3848 ad
2111 3805 2307 3847 terram
2338 3799 2580 3845 sanctam
2631 3790 2914 3860 pervenire
2948 3789 3245 3843 valeamus.
3283 3787 3422 3854 Quid
3470 3789 3612 3840 enim

2019 3885 2327 3941 eruditione
2354 3884 2585 3938 melius?
2610 3884 2736 3954 quid
2762 3884 2978 3937 suavius
3001 3882 3321 3951 disciplina?
3343 3882 3465 3949 quid
3501 3882 3619 3936 dul-

2020 3978 2134 4032 cius
2167 3976 2437 4030 Domino?
2465 3976 2540 4031 Szt
2570 3988 2748 4031 autem
2787 3976 3091 4029 convivium
3128 3972 3374 4029 Christus
3408 3990 3421 4028 :
3457 3971 3619 4027 lectio

2022 4070 2315 4124 Christus:
2345 4069 2497 4138 quies
2524 4069 2773 4121 Christus
2816 4066 2921 4137 [AL
2960 4077 3087 4119 tacet
3119 4066 3273 4135 quies
3299 4063 3568 4135 Christus]
3601 4082 3612 4117 :

2024 4164 2286 4234 Cogitatio
2310 4161 2577 4217 Christus.
2620 4161 2753 4227 Qum
2783 4159 2925 4215 enim
2977 4169 3150 4228 potest
3193 4172 3316 4211 esse
3349 4156 3452 4209 vita
3502 4157 3621 4209 sine

2024 4256 2247 4311 scientia
2274 4254 2674 4323 Scripturarum
2700 4268 2712 4306 :
2737 4267 2838 4321 per
2862 4266 3021 4321 quam
3047 4249 3208 4304 etiam
3236 4248 3351 4316 ipse
3369 4245 3622 4300 Christus

2025 4347 2375 4419 agnoscitur?
2401 4347 2500 4413 Qui
2520 4345 2649 4414 cibi,
2674 4360 2795 4415 qum
2818 4344 2975 4399 mella
2999 4353 3123 4396 sunt
3148 4339 3420 4405 dulciora,
3460 4354 3619 4408 quam

2028 4440 2121 4494 Dei
2170 4441 2311 4494 scire
2358 4437 2738 4509 prudentiam?
2782 4436 3021 4505 Sapiens
3074 4440 3293 4503 quoque
3331 4440 3623 4498 numquam

2029 4536 2175 4588 solus
2205 4545 2286 4587 est
2320 4547 2334 4585 :
2369 4532 2529 4586 habet
2558 4546 2743 4585 secum
2766 4544 2956 4584 omnes
2987 4526 3078 4597 qui
3111 4524 3233 4579 boni
3268 4532 3393 4577 sunt
3423 4526 3477 4575 et
3503 4522 3623 4576 fue-

1950 4594 2001 4654 D
2032 4634 2158 4679 rnnt
2185 4642 2198 4679 :
2226 4623 2531 4680 etauimum
2553 4624 2779 4677 liberum
2803 4632 3146 4691 quocumque
3168 4616 3284 4671 vult
3307 4616 3588 4669 transferri
3614 4633 3625 4668 :

2030 4717 2173 4785 quod
2203 4731 2431 4785 corpore
2473 4731 2577 4768 non
2624 4722 2823 4781 potest,
2858 4709 3191 4778 cogitatione
3219 4704 3622 4775 complectitur.

2035 4808 2101 4861 Et
2130 4808 2175 4862 si
2209 4808 2487 4861 hominum
2524 4806 2704 4874 inopia
2730 4804 2911 4867 fuerit,
2938 4801 3179 4870 loquitur
3198 4811 3320 4852 cum
3348 4796 3463 4852 Deo
3490 4813 3505 4850 :
3530 4813 3631 4853 nec

2035 4917 2288 4970 umquam
2337 4910 2417 4955 est
2468 4901 2646 4952 minus
2687 4897 2861 4963 solus,
2903 4908 3063 4962 quam
3110 4905 3232 4946 cum
3266 4892 3413 4946 solus
3447 4890 3632 4946 fuerit.

336 4987 443 5060 [AL
479 4989 607 5042 add.
637 4988 826 5059 verba]
861 5004 967 5043 non
994 4991 1262 5060 intelligat
1290 5008 1303 5043 :
1334 4993 1544 5045 cantica
1575 4992 1758 5045 mundi
1784 4991 1935 5062 igno—
2038 4991 2216 5046 Prima
2252 5005 2483 5060 namque
2514 4990 2778 5054 sapientia
2809 4998 2915 5050 est,
2950 4986 3193 5039 caruisse
3219 4983 3451 5037 stultitia
3484 4999 3498 5036 :
3536 4984 3635 5039 sed

336 5091 436 5135 ret.
480 5081 598 5135 Non
631 5087 757 5134 sunt
796 5080 1189 5135 contemnenda
1222 5082 1375 5151 quasi
1417 5092 1580 5149 parva
1616 5084 1769 5148 sint,
1811 5082 1931 5138 sine

336 5173 532 5239 quibus
561 5171 765 5240 majora
788 5184 1038 5228 conSIare
1085 5189 1193 5229 non
1223 5183 1472 5242 possunt.
1505 5174 1693 5229 Graaca
1740 5186 1926 5231 narrat

341 5264 565 5320 historia
592 5264 963 5320 Alexandrum
997 5266 1433 5335 potentissimum
1467 5281 1647 5337 regem
1678 5266 1933 5339 orbisque

341 5357 688 5423 domitorem,
732 5357 867 5412 etin
901 5358 1165 5425 moribus,
1214 5370 1269 5413 et
1317 5358 1370 5414 iu
1417 5358 1638 5414 incessu
1680 5357 1934 5416 Leonidis

412 5550 435 5577 κ
471 5539 661 5593 Verius
684 5537 735 5591 in
761 5538 884 5593 aliis
915 5537 1104 5594 libris:
1128 5536 1359 5593 Liventes
1393 5538 1561 5610 fateor
1590 5535 1831 5592 [rubuisse
1856 5552 1935 5590 me

343 5612 602 5676 scapulas,
634 5618 739 5665 etc.

416 5652 919 5740 lilibens.
948 5680 1169 5753 aliique,
1194 5698 1298 5737 non
1327 5690 1606 5752 patentem,
1634 5694 1794 5752 partes
1822 5652 1939 5734 Tri-

347 5752 519 5885 ait’atis
550 5752 809 5829 accipere,
854 5761 901 5808 et
930 5754 1107 5813 seculi
1132 5754 1347 5824 ﬂuctus,
1395 5753 1616 5812 Doctrina
1654 5760 1938 5825 precante,

347 5838 404 5885 ca
427 5841 562 5883 care.

346 5838 562 5886 011601⁸8.

2040 5083 2269 5138 stultitia
2296 5083 2541 5137 caruisse
2573 5096 2678 5133 non
2704 5087 2905 5148 potest,
2943 5078 3043 5131 nisi
3074 5078 3165 5147 qui
3200 5075 3530 5131 intellexerit
3559 5075 3629 5130 il-

2040 5176 2169 5231 lam.
2204 5175 2227 5203 °
2260 5173 2367 5229 Sed
2394 5187 2521 5227 vera
2552 5171 2771 5241 quidem
2802 5170 3060 5237 sapientia
3090 5178 3194 5231 est,
3233 5183 3405 5237 nuper
3436 5168 3635 5221 factum

2043 5283 2103 5325 se
2133 5280 2297 5323 nosse
2326 5284 2341 5320 :
2374 5274 2450 5333 et,
2483 5274 2542 5319 ut
2573 5265 2654 5318 sie
2685 5263 2897 5332 loquar,
2928 5261 2982 5315 in
3024 5275 3188 5316 carne
3212 5260 3486 5331 jestorum
3532 5258 3638 5311 im-

2045 5360 2283 5433 perfecta
2330 5358 2597 5430 perfectio
2629 5365 2731 5413 est.
2762 5355 2959 5410 Parum
2995 5364 3173 5410 tamen
3208 5363 3294 5409 est
3319 5352 3461 5407 scire
3493 5348 3641 5421 quod

2121 5549 2143 5578 ε
2184 5539 2351 5595 Iidem
2393 5535 2538 5602 libri,
2569 5532 2680 5590 haec
2712 5542 2784 5589 est
2814 5532 3038 5588 hominis
3074 5551 3191 5589 vera
3220 5532 3495 5606 sapientia,
3543 5530 3645 5585 im-

2046 5611 2334 5683 perfectum
2361 5623 2471 5663 esse
2496 5624 2550 5661 se
2579 5621 2750 5683 nosse,
2784 5615 2936 5678 atque
2982 5616 3038 5661 ut
3086 5607 3160 5661 ita
3186 5608 3388 5683 loquar,
3429 5614 3643 5659 cuncta-

2046 5675 2165 5755 ius.
2195 5686 2247 5735 in
2271 5695 2441 5755 carne,
2472 5690 2579 5755 etc.
2607 5680 2775 5739 Paulo
2794 5675 3011 5753 quoque
3040 5687 3186 5754 post,
3213 5675 3336 5735 Non
3359 5688 3432 5741 ιιι
3455 5692 3646 5755 parum

2049 5752 2183 5810 scire
2209 5754 2347 5832 quod
2374 5752 2557 5809 nescis.
