4048 6308
485 260 590 314 sat)
1520 255 1579 314 S.
1624 255 2008 312 liliillONYMl
2051 253 2335 311 aream:
2376 250 2742 308 titttvrtssa.
3682 248 3786 311 530

490 377 715 437 tte-citis
746 392 760 433 '.
792 376 885 431 sed
919 374 1195 445 prudentis
1217 373 1451 429 luuntinis
1480 386 1562 429 est
1591 388 1750 429 posse
1776 388 2082 426 tori-.ssuam
2116 377 2157 433 Α
2194 371 2281 423 ille
2306 386 2393 437 qm
2423 369 2613 421 fortior
2632 378 2736 423 est.
2767 364 2999 421 Maximo
3025 367 3145 437 quia
3171 374 3222 422 et
3243 366 3719 433 sanctlciirrouxt,
3746 371 3788 423 si

484 490 635 526 suum
667 496 673 522 ;
712 488 867 537 quam
899 476 985 540 qui
1022 473 1295 537 igoot'avct
1318 473 1374 531 it,
1405 478 1612 536 quinto
1641 470 1898 528 illl|lll0"Il
1933 482 2081 536 quic-

483 568 559 620 Sic
574 567 665 631 rit,
697 574 844 618 tanta
878 565 1046 630 magis
1078 568 1145 617 ad
1174 564 1433 618 inferiora
1466 561 1495 589 ⁸
1526 562 1837 617 collabitur.
1898 563 2081 616 Disca-

488 674 607 713 mus
636 658 802 725 igitur
835 655 886 708 iu
920 654 1078 711 terris
1111 672 1125 711 :
1179 672 1407 727 quorum
1440 654 1599 710 nobis
1632 653 1861 710 scientia
1896 669 2082 726 perse-

485 759 635 807 veret
656 751 707 804 in
739 746 914 805 cretis.

1056 840 1323 900 CAPUT
1386 839 1516 899 XV.

1092 934 1169 991 De
1221 934 1450 1008 Vigiliia.

556 1027 786 1100 Dignum
818 1026 846 1066 ι)
873 1036 975 1093 est,
1016 1027 1565 1097 lratres,.aptuutque
1588 1041 1815 1096 prorsus
1844 1026 2083 1097 satisque

484 1124 847 1187 conveniens,
881 1121 949 1177 de
990 1124 1195 1176 sanctis
1236 1122 1439 1192 vigiliis
1480 1138 1622 1175 none
1647 1122 1833 1176 dicere
1870 1131 1925 1175 et
1955 1136 2084 1190 pro—

486 1214 631 1269 ferre
659 1228 996 1277 sermonem,
1031 1211 1252 1282 quando
1293 1213 1405 1277 ipsa
1448 1211 1751 1266 lucubratio
1787 1213 2025 1281 exigitur
2052 1227 2081 1264 a

486 1307 759 1363 sollicitis.
794 1307 909 1362 Nux
956 1322 1085 1361 CCCP.
1120 1320 1205 1361 est
1248 1306 1431 1375 caligo
1458 1306 1822 1374 corpotibus:
1862 1322 1967 1361 non
1998 1320 2086 1359 so-

462 1400 596 1465 lum
642 1402 914 1461 homines.
947 1401 1041 1456 sed
1074 1401 1238 1455 etiam
1274 1410 1502 1454 cunctos
1553 1400 1604 1454 iu
1648 1416 1842 1455 somno
1874 1400 2085 1456 detinet

490 1496 795 1548 animantes
822 1511 836 1548 :
866 1505 919 1545 ut
950 1491 1256 1546 reformatis
1284 1491 1489 1546 viribus
1520 1506 1619 1561 per
1648 1505 1926 1560 soporem,
1956 1506 2083 1561 pos-

486 1586 594 1641 sint
621 1586 932 1639 diuturnum
963 1582 1071 1655 [Αι.
1098 1584 1323 1638 diurnos
1354 1582 1591 1653 labores]
1625 1583 1899 1637 sustinere
1931 1582 2081 1638 labu-

488 1692 602 1731 retn
634 1677 900 1731 viventes.
928 1677 1107 1729 lienus
1129 1676 1292 1739 Deus,
1314 1675 1407 1745 qui
1430 1676 1497 1728 ita
1526 1674 1828 1745 prospexit,
1861 1675 1932 1730 ita
1957 1691 2086 1730 con-

2186 461 2386 515 ruerint
2437 462 2797 527 negligentes.
2852 460 2911 512 lit
2948 471 3265 527 peccatores
3310 460 3597 529 pristinum
3657 460 3793 514 rcci-

2183 559 2363 628 piunt,
2400 557 2444 610 si
2474 555 2669 609 sordes
2702 553 2917 609 lletibtts
2952 553 3198 607 laverint.

2262 650 2373 704 lloc
2406 649 2529 704 ideo
2568 649 2716 713 dico,
2748 656 2809 702 ut
2861 658 2913 702 te
2949 663 3057 702 nou
3090 654 3336 702 terreant
3367 647 3791 712 descendentes,

2185 744 2279 801 sed
2315 754 2614 816 provocent
2659 743 3041 798 ascendentes.
3076 741 3219 798 Nihil
3253 754 3360 797 tam
3406 744 3791 818 lacile,gqnam

2184 838 2421 893 otiosum
2452 847 2506 893 et
2531 837 2893 893 dormientem
2934 836 3003 892 de
3034 836 3266 892 aliorum
3294 837 3483 892 labore
3510 847 3568 892 et
3596 836 3794 905 vigiliis

2182 933 2483 1002 disputare.
2514 932 2573 987 Si
2595 948 2729 986 vero
2751 931 3003 986 inﬁrmus
3026 945 3088 986 es
3118 930 3399 995 membris,
3428 930 3575 1000 quod
3613 929 3795 985 facere

2184 1026 2371 1087 Potes.
2397 1027 2504 1081 noli
2528 1026 2932 1094 reprehendere
2958 1044 2971 1080 :
2999 1025 3303 1095 imtno'riga
3325 1033 3380 1079 et
3404 1035 3461 1079 tu
3483 1024 3792 1080 secundum

2187 1121 2507 1192 prophetam
2556 1119 2812 1193 lacryutis
2836 1129 3067 1175 Stratum
3094 1130 3270 1181 tttum,
3312 1129 3365 1174 ct
3407 1118 3494 1173 dic
3530 1136 3543 1171 :
3580 1119 3645 1173 Si
3683 1134 3793 1172 me-

2186 1230 2302 1268 mor
2325 1214 2400 1284 fui
2427 1215 2501 1268 tui
2522 1230 2678 1280 super
2693 1221 2913 1266 stratum
2933 1227 3099 1267 meum
3128 1210 3360 1275 (I’salnt.
3388 1213 3542 1277 uti).
3566 1210 3793 1281 lojunge

2189 1315 2242 1361 te
2272 1310 2433 1360 etiam
2464 1306 2832 1375 vigilantibus,
2866 1314 2920 1358 ut
2954 1316 3005 1359 te
3028 1306 3142 1359 suis
3167 1304 3417 1373 pret-ibus
3439 1304 3654 1373 jttvent,
3684 1318 3795 1374 quo

2188 1399 2403 1465 adjutus
2453 1415 2479 1451 a
2514 1398 2744 1452 Domino
2781 1413 2945 1469 super
2973 1398 3172 1452 lectum
3222 1396 3428 1451 doloris
3462 1400 3534 1449 tui
3585 1411 3795 1451 canere

2188 1492 2394 1561 possis,
2424 1500 2482 1545 ιιι
2509 1502 2562 1545 et
2593 1501 2646 1544 ιιι
2669 1492 2994 1559 quandoque
3026 1488 3293 1544 merearis
3321 1489 3502 1543 dicere
3528 1506 3543 1542 :
3580 1487 3647 1541 In
3674 1502 3791 1541 ma-

2190 1584 2368 1638 tutinis
2412 1584 2697 1637 meditabor
2735 1585 2789 1636 in
2840 1592 2889 1636 te
2940 1598 2960 1636 :
3001 1584 3122 1651 quia
3175 1582 3325 1653 fuisti
3381 1580 3593 1653 adjulor
3649 1596 3795 1635 meo:

2192 1674 2435 1748 (lbid.).
2488 1677 2745 1740 Alioquin
2783 1677 3010 1730 stultum
3055 1689 3109 1732 et
3138 1667 3268 1730 saiis
3317 1686 3633 1731 extraneum
3667 1674 3791 1740 est',

482 1768 683 1833 stituit,
719 1780 774 1821 ttt
798 1770 959 1821 homo
977 1766 1307 1821 cxiturusad
1340 1768 1715 1836 operationem
1735 1783 1889 1820 suam
1920 1783 2089 1837 usque
2120 1767 2164 1828 Β
2194 1778 2253 1821 ιιι
2284 1771 2404 1835 quia
2442 1770 2541 1837 ipsi
2574 1783 2797 1824 currere
2832 1783 2939 1822 non
2961 1767 3229 1833 valemus,
3277 1767 3418 1822 bene
3442 1769 3795 1822 currentibus

488 1861 553 1913 ad
594 1875 907 1930 vesperum,
969 1860 1191 1913 haberet
1232 1860 1493 1913 vicarium
1540 1867 1775 1928 tempus,
1825 1860 1876 1914 in
1916 1876 2023 1930 quo
2056 1877 2086 1915 a

483 1952 639 2008 duris
668 1952 961 2017 laboribus,
997 1965 1049 2005 et
1080 1954 1251 2005 multa
1280 1949 1592 2019 fatigatione
1624 1954 1996 2021 requiesceret
2037 1955 2083 2005 ⁸.

559 2044 820 2098 Novimus
850 2054 1034 2097 autem
1068 2044 1266 2096 multos
1294 2043 1593 2108 hominum,
1626 2054 1685 2096 ut
1723 2052 1818 2097 aut
1866 2043 2090 2110 majori-

484 2136 587 2191 bus
617 2137 728 2191 suis
756 2136 1028 2205 placeant,
1061 2144 1154 2189 aut
1198 2135 1304 2189 sibi
1333 2135 1537 2204 aliquid
1574 2136 1925 2205 peculiariter
1960 2153 2086 2206 pro-

484 2231 614 2295 siut,
659 2229 834 2283 noctis
868 2228 1188 2296 particulam
1242 2228 1309 2281 ad
1352 2227 1567 2299 aliquod
1619 2231 1945 2296 Opllsctlltlllt
1998 2247 2087 2286 se-

484 2337 714 2394 gregare
746 2338 761 2375 :
793 2321 844 2377 id
876 2338 974 2390 pro
1001 2322 1151 2375 lucro
1178 2321 1399 2387 ducere,
1423 2322 1567 2391 quod
1599 2323 1757 2376 iurati
1787 2321 1857 2378 de
1888 2338 2086 2391 sopore

484 2432 588 2470 suo
618 2413 835 2484 operari
862 2412 1163 2484 potuerint.
1196 2412 1241 2467 A
1270 2414 1561 2468 Salomone
1591 2430 1724 2468 vero
1753 2413 2004 2469 laudatur
2031 2424 2087 2470 et

488 2507 708 2573 femina,
740 2522 860 2577 qum
895 2522 1064 2576 pensa
1113 2515 1167 2559 et
1200 2505 1491 2560 laniﬁcium
1523 2505 1590 2558 ad
1643 2506 1921 2561 lucernam
1953 2506 2085 2574 vigi-

484 2600 661 2655 lanter
692 2608 915 2655 exercet
948 2596 1133 2669 (Prov.
1174 2598 1347 2666 xxxi).
1384 2596 1615 2652 Addidit
1647 2598 1809 2652 etiam
1837 2600 1978 2668 quod
2014 2616 2080 2653 ex

487 2693 595 2748 huc
626 2694 743 2746 laus
766 2696 888 2745 viro
914 2690 1033 2759 ejus
1064 2692 1115 2743 in
1159 2692 1335 2759 portis
1362 2704 1414 2744 et
1446 2690 1620 2759 gloria
1664 2706 1857 2759 magna
1894 2705 2083 2744 nasca-

486 2796 595 2842 tur.
650 2784 802 2853 Quod
854 2783 900 2838 si
951 2786 1003 2838 in
1060 2784 1369 2839 carnalibus
1420 2784 1816 2851 instrumentis,
1872 2784 1923 2837 id
1974 2792 2079 2851 est,

489 2880 654 2935 victui
685 2893 735 2933 et
764 2880 979 2933 vestitui
1030 2878 1384 2946 necessariis,
1418 2877 1510 2948 qui
1544 2877 1727 2950 vigifat
1757 2894 1863 2932 non
1898 2892 2081 2948 repre-

487 2974 766 3040 henditur,
800 2973 966 3028 immo
991 2972 1240 3027 laudatur
1270 2992 1283 3027 :
1316 2982 1371 3027 et
1403 2972 1592 3027 mirari
1640 2989 1725 3027 me
1758 2972 1932 3026 fateor
1962 2987 2081 3026 esse

487 3069 720 3138 alqutlS,
754 3068 842 3136 qui
874 3081 1060 3119 sacras
1093 3064 1304 3135 vigilias
1336 3074 1444 3116 tam
1474 3063 1740 3131 spirilllatl
1778 3079 1941 3134 opere
1970 3062 2082 3117 fro-

2189 1861 2538 1931 derogetnm.
2579 1859 2713 1915 Nam
2744 1861 2847 1915 etsi
2896 1874 3003 1915 non
3032 1874 3342 1929 possumus,
3367 1859 3633 1913 debemus
3662 1873 3797 1914 Cott-

2187 1953 2448 2022 gratulari
2499 1952 2829 2020 potentibus.
2860 1952 3018 2007 Sicut
3047 1951 3197 2005 enim
3226 1951 3296 2005 de
3322 1964 3593 2005 consensu
3636 1952 3793 2006 mali-

2191 2048 2278 2099 tize
2315 2046 2673 2115 participatnr
2697 2060 2825 2099 cum
2870 2044 3195 2100 facientibus
3224 2058 3406 2115 pmoa,
3441 2044 3520 2099 sic
3572 2044 3796 2113 partici-

2189 2142 2337 2209 patio
2386 2139 2577 2209 gloria:
2629 2138 2895 2208 speranda
2938 2147 3022 2193 est
3074 2138 3142 2192 de
3190 2151 3459 2195 consensu
3514 2138 3795 2193 hOuitatis.

2188 2229 2342 2283 Alius
2369 2230 2513 2284 enim
2538 2228 2766 2284 ellectus
2791 2241 3016 2283 coronat
3050 2247 3062 2282 :
3099 2229 3240 2284 alios
3285 2229 3542 2284 voluntas
3584 2232 3670 2299 pia
3703 2230 3798 2284 lte-

2186 2322 2373 2377 tilieat.
2408 2321 2518 2377 Nec
2547 2336 2681 2377 sane
2707 2336 3001 2377 onerosum
3036 2322 3123 2377 vel
3156 2322 3383 2376 diflicile
3405 2321 3577 2377 videri
3610 2322 3797 2387 debet,

2187 2416 2356 2469 etiam
2387 2414 2639 2471 delicatis
2665 2414 2989 2484 corporibus
3022 2416 3074 2469 in
3113 2415 3414 2485 septimana
3438 2415 3673 2468 duarum
3700 2430 3802 2469 no-

2186 2513 2375 2573 ctium,
2402 2509 2453 2561 id
2481 2518 2583 2573 est,
2618 2510 2827 2563 sabbati
2861 2520 3023 2578 atque
3050 2509 3343 2563 Dotuinicre
3366 2509 3670 2577 portionem
3699 2509 3801 2561 ali-

2185 2618 2347 2671 quam
2370 2602 2465 2657 Dei
2485 2604 2790 2657 ministerio
2811 2602 3095 2673 deputare.
3118 2602 3223 2657 Ista
3249 2604 3392 2659 enim
3416 2604 3571 2675 quasi
3608 2603 3800 2672 puriﬁ-

2185 2697 2328 2749 Callo
2358 2705 2444 2749 est
2467 2694 2676 2749 dierum
2700 2695 2935 2766 quinque
2952 2698 3033 2749 vel
3057 2697 3318 2752 noctium.
3343 2696 3546 2765 quibus
3569 2710 3799 2767 stupore

2185 2788 2387 2843 carnali
2402 2788 2851 2858 ingravescitnus,
2871 2805 2935 2845 ac
2949 2790 3236 2844 mundanis
3250 2804 3329 2844 aet
3342 2792 3461 2843 ihtts
3474 2791 3795 2845 θενίιτιιηιις.

2256 2879 2373 2934 Νοη
2413 2881 2701 2935 erubescat
2739 2876 2937 2949 aliquis
2969 2881 3021 2934 in
3069 2881 3211 2935 bono
3252 2883 3435 2936 studio
3461 2883 3796 2948 sanctitatis,

2184 2988 2307 3029 eum
2340 2990 2447 3028 non
2490 2974 2817 3028 erubescant
2863 2973 3098 3042 improbi
3132 2973 3186 3027 in
3233 2974 3605 3045 perpetrando
3631 2989 3800 3044 opere

2185 3065 2466 3120 foeditatis.
2501 3069 2693 3122 Merito
2722 3082 2852 3136 ergo
2895 3066 3174 3136 Scriptura
3215 3071 3265 3121 in
3295 3067 3614 3123 Proverbiis
3646 3070 3799 3136 iugc-

488 3171 735 3223 ctuosas,
765 3157 1125 3223 orationibus,
1163 3159 1401 3228 hymnis,
1432 3153 1866 3225 lectionibusque
1896 3156 2083 3210 fecutt-
2112 3151 2156 3216 Ε
2190 3161 2291 3214 rit:
2326 3157 2416 3213 Ειι
2435 3160 2674 3229 confusio
2704 3175 2818 3228 qtta’
2835 3161 2973 3212 ducit
2997 3160 3065 3211 ad
3096 3171 3363 3227 perrarum
3391 3159 3559 3231 (Eccl.
3584 3162 3796 3232 ιν,“ὶ5>.

485 3252 615 3319 das,
645 3264 735 3306 aut
763 3251 1065 3321 superfluas
1095 3248 1390 3312 aestimant,
1424 3257 1514 3301 aut
1541 3248 1765 3313 otiosas,
1798 3258 1914 3313 aut,
1937 3250 2080 3319 quod

487 3345 573 3399 his
602 3344 844 3398 deterius
876 3352 981 3407 est,
1015 3344 1375 3411 importunas.

563 3439 629 3493 Et
678 3438 894 3509 quidem
932 3437 977 3491 si
1032 3446 1159 3491 sunt
1212 3435 1459 3491 homines
1503 3449 1533 3489 a
1585 3442 1769 3489 nostra
1819 3433 2082 3505 religione

488 3537 539 3592 al
565 3538 678 3603 eni,
731 3536 821 3604 qui
859 3535 958 3589 ista
994 3535 1071 3587 sic
1116 3533 1377 3596 sentiant,
1423 3548 1530 3587 non
1560 3542 1644 3587 est
1681 3533 1902 3586 mirum.
1939 3531 2084 3597 Quo-

492 3628 654 3682 tnotlo
686 3627 828 3680 enim
864 3624 1106 3695 profanis
1139 3622 1392 3693 religiosa
1426 3623 1640 3691 placere
1675 3631 1921 3692 possunt.
1957 3621 2079 3688 qni-

488 3722 588 3775 bzts
620 3722 664 3772 si
712 3720 1009 3784 placerent,
1042 3717 1211 3770 nostri
1246 3724 1432 3769 essent
1465 3730 1480 3771 :
1509 3715 1633 3784 quia
1668 3730 1856 3768 sumus
1891 3717 2081 3781 utique

487 3809 815 3866 Christiani?
841 3808 897 3863 Si
932 3806 1245 3862 veronostri
1276 3816 1408 3861 sunt
1430 3823 1565 3877 quos
1597 3807 1905 3876 vigiliarum
1936 3808 2083 3860 saltt-

494 3903 623 3959 til'er
647 3912 799 3957 actus
840 3900 1086 3969 oll'eudit,
1143 3908 1200 3953 ttt
1230 3899 1359 3953 nihil
1394 3899 1462 3953 de
1510 3900 1594 3952 his
1620 3900 1858 3955 deterius
1900 3899 2081 3968 suspi—

490 4012 585 4052 cer
616 4014 627 4049 :
661 4005 752 4051 aut
784 3994 920 4066 pigri
954 4002 1100 4062 sunt,
1144 4003 1235 4045 aut
1281 3991 1662 4059 somniculosi,
1692 4002 1785 4046 aut
1812 3992 1954 4061 quod
1998 3990 2082 4045 his

466 4072 566 4145 est
590 4090 913 4160 proximum,
946 4102 1104 4142 senes
1144 4087 1228 4142 vel
1254 4083 1475 4143 infirmi.
1509 4088 1562 4144 Si
1599 4088 1732 4155 pigri
1764 4100 1913 4153 sunt,
1948 4103 2078 4141 eru-

486 4185 736 4249 bescant,
771 4185 893 4250 quia
939 4183 1045 4235 illis
1090 4182 1346 4236 inSonant
1396 4182 1677 4251 proverbia
1723 4180 2077 4237 Salomonis:

494 4276 639 4331 Vade
660 4276 727 4329 ad
746 4276 1040 4347 fortuitam,
1066 4291 1095 4327 ο
1116 4275 1281 4344 piger,
1303 4274 1616 4329 circumdare
1637 4274 1743 4325 vias
1764 4274 1875 4342 ejus
1896 4272 2077 4343 (Prov.

488 4368 589 4443 vr).
633 4370 689 4425 Si
730 4369 1082 4423 somniculoSt
1115 4380 1263 4430 sunt,
1291 4365 1774 4432 exsitergi~cantnr
1796 4367 2078 4434 Scriptura

488 4462 856 4534 proclamante
904 4481 919 4517 :
978 4460 1022 4514 0
1068 4462 1237 4530 piger,
1283 4476 1547 4530 quousque
1587 4459 1818 4514 dormis?
1857 4460 2080 4525 Quando

2188 3251 2241 3306 ltt
2279 3252 2424 3306 bono
2448 3252 2591 3305 enim
2625 3266 2789 3322 opere
2811 3250 3069 3305 eottlundt
3095 3261 3375 3320 peccatum
3402 3263 3487 3306 est
3518 3268 3532 3308 :
3570 3254 3708 3305 sicut
3740 3254 3799 3306 in

2187 3343 2328 3397 mulo
2358 3342 2606 3397 faciendo
2637 3359 2743 3397 non
2786 3341 3081 3407 confundi,
3116 3344 3381 3412 pernicies
3426 3355 3531 3397 cst.
3580 3344 3638 3398 Si
3670 3359 3800 3398 san-

2190 3449 2309 3491 ctus
2337 3453 2419 3502 es,
2461 3454 2577 3490 ama
2612 3436 2846 3506 vigilias,
2880 3448 2937 3490 ut
2970 3440 3287 3490 thesaurum
3321 3448 3469 3490 tutnn
3509 3438 3795 3507 vigilando

2184 3528 2501 3594 custodias,
2550 3540 2603 3582 et
2651 3528 2769 3598 ipse
2818 3530 2867 3582 itt
2909 3529 3201 3583 sanctitate
3249 3528 3499 3584 ferveris.
3562 3530 3617 3584 Si
3663 3544 3797 3600 pec-

2189 3630 2348 3676 cator
2375 3637 2455 3688 es,
2515 3622 2682 3689 magis
2710 3636 2841 3675 cura
2873 3634 2937 3674 ιιι
2995 3621 3269 3691 vigilando
3301 3634 3355 3677 et
3400 3622 3606 3676 orando
3662 3639 3798 3693 pur-

2184 3717 2331 3783 geris
2396 3734 2407 3769 :
2462 3714 2587 3767 dum
2650 3724 2808 3768 tunso
2861 3724 3082 3784 pectore
3137 3715 3471 3785 frequentius
3529 3716 3736 3770 clames
3781 3733 3797 3770 :

2189 3807 2266 3861 Ab
2310 3807 2528 3860 occultis
2578 3807 2705 3859 meis
2769 3806 2967 3858 munda
3033 3822 3111 3859 me
3144 3822 3161 3859 :
3200 3817 3247 3860 et
3292 3808 3356 3859 ab
3406 3807 3591 3859 alienis
3642 3822 3801 3877 parce

2183 3915 2327 3953 cerro
2358 3910 2449 3952 tuo
2476 3900 2494 3969 (
2521 3896 2720 3951 Partim.
2756 3916 2883 3954 xvttt
2914 3900 2954 3970 ).
2990 3899 3327 3954 Custandnm
3380 3903 3523 3955 enim
3557 3900 3794 3968 videtur,

2182 3994 2305 4062 quia
2356 3995 2537 4047 suavis
2568 4003 2655 4048 est
2704 3992 2987 4059 Dominus,
3039 3995 3179 4049 sicut
3229 3994 3490 4064 scriptum
3533 4004 3638 4049 est.
3688 3995 3795 4063 Qui

2182 4100 2314 4155 ergo
2337 4088 2604 4155 gustavit,
2646 4086 2901 4156 intelligit
2941 4095 2997 4139 et
3027 4087 3231 4154 sentit,
3276 4098 3538 4155 quantum
3580 4092 3796 4157 pondus

2184 4178 2424 4246 pectoris
2450 4177 2724 4242 vigilando
2749 4177 3073 4248 deponitur,
3107 4188 3342 4250 quantus
3376 4179 3575 4235 mentis
3603 4190 3795 4249 stopor

2184 4273 2474 4336 excutitur,
2521 4284 2725 4341 quanta
2767 4272 2855 4326 lux
2901 4272 3138 4327 animam
3185 4274 3458 4343 vigilantis
3496 4283 3551 4329 et
3585 4275 3794 4330 orantis

2183 4362 2439 4429 illustrat,
2470 4381 2589 4432 quae
2615 4365 2811 4433 gratia,
2845 4380 2969 4434 quas
3007 4367 3244 4420 visitatio
3269 4366 3509 4421 membra
3538 4368 3790 4421 universa

2186 4456 2441 4511 laetiﬁcat.
2490 4456 2773 4527 Vigilando
2809 4459 2989 4512 omnis
3031 4458 3192 4513 timor
3226 4459 3567 4526 excluditur,
3595 4460 3790 4514 ﬁducia

483 4564 656 4609 autent
696 4553 759 4608 de
798 4568 983 4607 somno
1020 4552 1245 4618 surges?
1280 4550 1557 4621 paululum
1601 4550 1806 4618 quidem
1853 4554 2083 4620 dormis,
2117 4541 2164 4599 Ῐ)
2195 4551 2470 4618 nasi-itur,
2515 4566 2645 4605 earo
2688 4566 3021 4619 maceratur,
3051 4554 3183 4608 vitia
3215 4554 3519 4621 tabescunt,
3552 4552 3794 4608 charitas

488 4648 747 4702 modicum
782 4646 948 4707 sedes,
1006 4644 1253 4715 pttoitlum
1301 4652 1470 4697 atttem
1512 4643 1784 4705 dormites,
1830 4648 2079 4716 pusillum

486 4758 602 4797 rero
629 4740 981 4808 complecteris
1003 4737 1240 4790 manibus
1269 4746 1466 4806 pectus.
1496 4736 1552 4793 Si
1577 4753 1741 4793 senex
1770 4753 1852 4801 es,
1876 4742 1999 4808 quis
2029 4751 2080 4797 te

487 4834 765 4904 compellit
795 4842 850 4886 ιιι
896 4831 1123 4901 vigiles?
1167 4829 1502 4899 Quamquam
1528 4843 1579 4884 et
1619 4846 1726 4885 non
1765 4835 2080 4903 eotnpttlsus

489 4942 589 4996 pro
614 4936 771 4980 :ctate
800 4936 980 4979 tamen
1008 4924 1217 4992 vigilas.
1265 4923 1328 4977 Et
1365 4924 1408 4977 si
1453 4932 1597 4976 sttre
1622 4940 1724 4977 non
1759 4936 1937 4993 potes,
1982 4929 2077 4983 sed

491 5030 636 5074 tuam
670 5021 875 5087 cogitas
896 5016 1412 5088 impassiliilttatcm,
1446 5032 1551 5071 non
1579 5019 1746 5073 debes
1766 5019 1995 5087 juvenes
2024 5031 2079 5076 et

492 5114 733 5167 valentes
759 5113 824 5164 ad
857 5121 1003 5175 tuum
1035 5125 1289 5165 revocare
1335 5120 1630 5177 torporem,
1665 5127 1802 5179 quos
1858 5123 2082 5182 propter

492 5209 671 5262 varias
701 5205 1368 5273 tentationesiuventutis,
1394 5205 1605 5271 SClpSlIS
1634 5206 2080 5274 propensioribns

492 5314 769 5355 macerare
795 5298 949 5352 decet
978 5298 1191 5365 vigiliis.
1220 5297 1350 5351 Nam
1386 5297 1604 5352 athleta:
1632 5298 1748 5350 suis
1779 5298 2080 5353 incitaturi-

488 5394 589 5450 hns
621 5393 873 5447 fortiores
901 5401 1024 5445 sunt
1053 5405 1066 5452 ;
1100 5402 1150 5442 et
1178 5402 1358 5443 tamen
1386 5401 1563 5443 mouet
1596 5389 1852 5455 ili-bi’ior,
1881 5402 2079 5460 pugnat

562 5564 584 5592 ⁸
629 5551 835 5607 Vitiose
859 5549 1139 5613 legebatur
1164 5560 1318 5604 antea
1346 5547 1707 5604 collocabt’tur.

559 5622 589 5663 δ
630 5623 893 5693 Excerpta
920 5622 1031 5677 fere
1050 5620 1230 5693 omnia
1261 5631 1529 5688 sutttqoa:
1558 5620 1655 5693 hoc
1685 5619 1919 5693 capitulo
1947 5636 2072 5675 cono

492 5693 754 5765 tinentur,
786 5690 850 5749 ex
876 5694 1128 5765 epistola,
1170 5691 1285 5747 sive
1331 5702 1557 5765 tractatu
1608 5692 1671 5749 de
1710 5690 2072 5765 Observationes

488 5760 810 5844 vigiliarum,
824 5760 985 5851 quem
1006 5775 1168 5836 super
1180 5760 1498 5823 oscudituw
1516 5760 1679 5823 hocce
1694 5771 1923 5833 toato,et
1936 5764 2069 5822 falso

2188 4641 2494 4705 l‘ul)0|‘:tllll‘,
2532 4644 2737 4697 recedit
2761 4644 3009 4711 stultitia,
3043 4646 3257 4700 aet-edit
3284 4646 3593 4715 prudentia,
3634 4663 3795 4701 llll‘nS

2188 4736 2419 4799 acuitur,
2450 4751 2607 4790 error
2633 4736 2991 4791 obtunditur:
3023 4738 3313 4794 criminum
3339 4740 3789 4810 caputdtabolus,

2187 4828 2366 4897 gladio
2391 4829 2614 4897 spiritus
2645 4830 2977 4885 vulneratur.

2258 4923 2396 4991 Quid
2431 4923 2532 4978 hac
2563 4924 2796 4978 utilitate
2830 4926 2999 4993 magis
3043 4926 3457 4983 necessarium?
3498 4925 3625 4997 quid
3666 4927 3792 4982 istis

2186 5016 2351 5071 lucris
2376 5017 2714 5072 Commodius
2743 5017 2868 5090 [3.4L
2904 5021 3301 5074 ctunmodatius
3322 5020 3338 5093 ]
3361 5021 3385 5073 τ
3409 5020 3533 5092 quid
3567 5020 3665 5073 hac
3702 5019 3799 5075 di-

2188 5109 2423 5163 lectione
2454 5111 2673 5165 suavius
2705 5114 2727 5164 ?
2768 5112 2892 5179 quid
2942 5113 3041 5165 hac
3072 5112 3326 5168 felicitate
3370 5112 3614 5168 beatius?
3641 5122 3793 5169 teste

2185 5204 2350 5258 etiam
2381 5203 2646 5273 Propheta
2678 5206 2765 5275 qui
2800 5205 2851 5257 in
2888 5207 3146 5274 principio
3186 5210 3509 5277 psalmorum
3554 5220 3789 5263 suorum

2188 5297 2404 5352 beatum
2425 5300 2596 5353 virttm
2621 5301 2953 5363 describens,
2975 5315 3236 5355 somniant
3264 5300 3647 5355 beatitudinem
3664 5304 3792 5368 ejus

2190 5392 2242 5447 itt
2270 5394 2370 5447 hoc
2402 5396 2669 5448 versiculo
2695 5395 2926 5447 collocat
2947 5397 2983 5448 it
3015 5412 3027 5447 :
3067 5397 3111 5449 si
3145 5396 3197 5449 in
3222 5396 3337 5467 lege
3364 5395 3457 5449 Dei
3490 5394 3795 5449 meditatur

2189 5550 2484 5633 ascriptum
2517 5550 2853 5635 llierqnymo
2901 5552 3267 5615 ostendimus,
3296 5550 3393 5607 sed
3435 5551 3795 5635 Niceti-Tre-

2180 5624 2411 5676 vireusis
2440 5624 2686 5691 episcopi
2714 5638 2856 5687 esse,
2891 5639 2955 5678 ex
2985 5638 3115 5679 mss.
3146 5627 3466 5679 auctoritate
3495 5624 3789 5680 evicitnus.

2176 5703 2304 5823 Μὴ,
2325 5691 2503 5752 Minus
2561 5692 2699 5755 bene
2735 5704 2893 5753 antea
2936 5695 3233 5771 legebatur,
3288 5697 3605 5771 requiescere
3650 5711 3791 5779 prie.

2225 5781 2239 5820 t
2263 5779 2280 5826 t
2310 5804 2326 5826 ι
3776 5798 3788 5807 ⁸

2310 5804 2326 5830 ι
3776 5798 3788 5807 .
