4012 6190
182 231 271 294 561

760 229 1044 292 REGULA
1086 229 1569 290 MONACHORUM
1607 228 1701 289 EX
1739 227 2047 289 SCRIPTIS
2087 229 2471 290 lllERONYMI
2508 231 2896 291 COLI.ECTA.

3370 231 3481 291 ὅδε

185 356 262 411 die
289 371 350 409 ac
377 364 540 411 nocte
564 354 787 425 (Psalm.
818 352 879 426 t).
913 354 1059 409 Bona
1088 364 1173 409 cst
1195 353 1411 426 quidem
1440 353 1635 409 diurna
1665 368 1781 408 me-
1810 354 1858 414 Α
1884 353 2203 421 mundities,
2255 355 2459 411 inculta
2492 356 2684 422 vestis,
2725 365 2780 411 et
2806 356 2985 412 cultus
3013 352 3129 425 ipse
3157 351 3275 410 sine
3304 355 3478 410 cultu.

189 452 390 516 dilatio,
425 452 523 506 sed
569 450 843 506 efﬁcacior
875 458 959 505 est
987 460 1270 505 nocturna.
1311 447 1447 516 Quia
1493 464 1589 517 per
1635 446 1780 503 diem
1886 447 2200 505 Plumarum
2230 463 2446 521 quoque
2489 449 2748 506 mollities
2790 448 3060 520 juvenilia
3096 448 3340 504 membra
3372 463 3481 507 non

192 548 539 601 necessitates
608 544 967 614 obstrepunt,
1033 543 1421 613 occupationes
1474 541 1785 597 distrahunt
1885 539 2087 598 foveat.

192 648 442 709 mentem,
477 653 693 695 sensum
722 638 919 709 duplex
946 653 1074 694 cura
1114 637 1394 709 dispergit.
1446 636 1561 692 Nox
1601 646 1785 693 autem

191 744 413 800 secreta,
432 750 539 789 nox
556 734 761 804 quieta,
789 740 1147 803 opportunam
1170 748 1231 788 se
1257 732 1467 803 prabet
1483 730 1785 797 orantibus,

193 827 519 896 aptissimam
550 825 905 897 vigilantibus
934 842 947 881 :
990 825 1119 881 dum
1146 825 1455 881 carnalibus
1481 825 1791 896 occupatio-

193 920 346 975 nibus
373 918 685 990 expeditum
713 956 728 984 ,
758 919 1047 973 collectum
1078 933 1323 987 sensum,
1360 918 1627 974 intentum
1660 917 1679 989 [
1699 916 1786 970 Al.

194 1012 244 1066 in
283 1010 498 1083 totum]
534 1011 809 1067 hominem
839 1011 1038 1067 divinis
1067 1012 1449 1082 conspectibus
1486 1012 1646 1067 sistit.
1687 1010 1791 1066 Cu-

197 1104 422 1160 randum
452 1113 535 1159 est
572 1105 737 1160 etiam
770 1119 837 1158 ne
866 1105 1149 1159 nimietate
1172 1104 1277 1159 cibi
1307 1105 1391 1160 vel
1424 1114 1580 1173 potus
1604 1103 1792 1174 vigila-

196 1197 298 1250 turi
345 1206 536 1266 pectus
578 1204 834 1251 oneretur
882 1214 894 1249 :
947 1211 1014 1251 ne
1057 1195 1349 1251 cruditates
1387 1205 1698 1251 eructantes
1736 1204 1793 1251 et

194 1290 492 1357 crapulam,
537 1304 647 1343 non
674 1289 849 1343 solum
893 1287 997 1357 ipsi
1029 1288 1185 1343 nobis
1216 1288 1342 1359 [AL
1371 1288 1495 1342 add.
1540 1288 1794 1343 insuaves

196 1380 409 1449 simus],
439 1380 531 1435 sed
563 1380 725 1434 etiam
751 1378 937 1449 gratia:
981 1377 1207 1447 spiritus
1235 1379 1438 1448 indigni
1464 1378 1791 1448 judieemur.

198 1475 341 1545 Ergo
372 1483 641 1544 tamquam
673 1473 859 1529 divino
903 1472 1129 1529 fructuri
1191 1473 1494 1529 ministerio
1528 1483 1655 1528 ante
1694 1486 1796 1527 nos

203 1585 298 1639 per
322 1569 701 1625 abstinentiam
731 1584 925 1638 parare
952 1568 1215 1625 debemus
1248 1585 1262 1625 :
1306 1576 1367 1625 ut
1407 1568 1675 1640 ingravati
1704 1583 1801 1625 cx-

204 1662 438 1735 peditius
464 1662 690 1732 vigilare
721 1660 1013 1731 possimus.

2452 613 2681 673 CAPUT
2728 614 2896 672 XVII.

2350 706 2430 762 De
2459 707 2722 766 laboribus
2745 726 3015 766 manuum.

1964 823 2046 882 Ne
2092 833 2248 882 vacet
2296 840 2453 881 mens
2484 834 2573 881 tua
2606 825 2767 882 variis
2811 824 3338 899 perturbationibus,
3370 836 3491 897 quae

1896 918 1943 973 si
1988 918 2203 986 pectori
2254 918 2578 985 insederint,
2611 918 3042 977 dominabuntur
3091 921 3192 988 tui,
3225 930 3279 977 et
3321 920 3496 976 dedu-

1894 1019 2022 1065 cent
2052 1020 2105 1064 te
2124 1010 2190 1064 ad
2214 1009 2476 1065 delictum
2506 1014 2821 1067 maximum.
2844 1011 3035 1069 Facito
3057 1010 3261 1084 aliquid
3288 1011 3496 1083 operis,

1896 1110 1955 1155 ut
1996 1115 2217 1172 semper
2240 1108 2299 1157 te
2327 1101 2582 1158 diabolus
2611 1103 2854 1160 inveniat
2899 1115 3245 1176 occupatum.
3282 1105 3340 1162 Si
3367 1121 3500 1177 apo—

1896 1194 2023 1249 stoli
2053 1194 2317 1250 habentes
2347 1204 2677 1264 potestatem
2708 1197 2777 1253 de
2808 1198 3110 1269 Evangelia
3158 1200 3365 1265 vivere,
3419 1200 3502 1255 la-

1898 1284 2167 1340 borabant
2194 1278 2449 1341 mahibus
2480 1286 2619 1354 suis,
2650 1303 2720 1344 ne
2752 1304 2917 1359 quem
2940 1301 3273 1361 gravarent:
3298 1300 3354 1346 et
3378 1290 3503 1347 aliis

1898 1375 2215 1432 tribuebant
2242 1376 2556 1448 refrigeria,
2602 1394 2834 1449 quorum
2873 1396 2974 1453 pro
3001 1382 3380 1453 spiritualibus
3407 1383 3506 1440 de-

1901 1468 2105 1524 bebant
2135 1478 2343 1526 metere
2371 1472 2609 1527 carnalia
2634 1490 2646 1526 :
2667 1487 2764 1528 cur
2793 1483 2848 1528 tu
2883 1475 2937 1529 in
2964 1489 3094 1531 usus
3125 1483 3249 1531 tuos
3276 1490 3506 1532 cessura

1903 1574 2013 1616 non
2061 1562 2373 1631 pracparas?
2403 1561 2502 1617 Vel
2550 1561 2814 1619 fiscellam
2847 1573 2973 1622 texe
3010 1563 3202 1635 junco,
3234 1566 3322 1623 vel
3353 1566 3506 1621 caui-

1905 1664 2078 1709 strum
2130 1656 2297 1711 lentis
2342 1655 2523 1726 plecte
2565 1657 2897 1725 viminibus,
2944 1663 3213 1715 sarrlatur
3260 1658 3505 1729 bumus,

276 1751 545 1824 Cogitatio
567 1768 785 1824 quoque
820 1754 958 1807 mala
984 1752 1240 1823 pellatur,
1268 1767 1338 1808 ne
1364 1752 1505 1808 male
1531 1742 1805 1823 vigilantis
1833 1747 1883 1808 B
1910 1749 2113 1805 areola:
2143 1764 2303 1821 :equo
2329 1751 2509 1806 limite
2539 1750 2888 1810 dividantur:
2928 1753 2982 1809 in
3014 1754 3213 1824 quibus
3238 1769 3359 1810 cum
3392 1754 3509 1811 ole-

206 1848 385 1903 oratio
414 1846 530 1914 fiat,
576 1848 721 1902 sicut
754 1846 973 1918 legitur,
1009 1848 1063 1899 in
1101 1854 1386 1916 peccatum.
1416 1845 1553 1900 Sunt
1580 1844 1726 1900 enim
1754 1852 1811 1900 et

205 1955 273 1995 ex
305 1940 546 2009 maligno
572 1938 798 2008 vigilite,
828 1939 967 1993 sicut
1010 1936 1063 1991 in
1093 1936 1404 1991 Proverbiis
1429 1935 1627 2006 legitur
1654 1953 1668 1991 :
1710 1933 1813 1988 Ab-

207 2031 353 2085 latus
378 2040 451 2084 est
478 2046 685 2084 somnus
707 2029 769 2085 ab
793 2028 955 2083 oculis
977 2044 1152 2083 eorum
1181 2044 1198 2081 :
1222 2027 1348 2083 Non
1368 2028 1503 2082 enim
1526 2026 1812 2090 dormiunt,

210 2122 408 2192 inquit,
438 2121 540 2174 nisi
567 2124 700 2174 male
723 2118 1131 2192 fecerinl(Proo.
1157 2134 1231 2185 tv,
1266 2118 1611 2188 l6).Absiut,
1636 2118 1817 2173 absint

213 2215 284 2269 ab
307 2213 412 2268 hoc
441 2222 713 2268 conventu
739 2213 877 2267 tales
899 2212 1099 2282 vigilia:
1130 2230 1143 2265 :
1171 2212 1242 2267 sit
1263 2211 1445 2281 potius
1471 2210 1817 2281 vigilantibus

216 2316 404 2376 pectus
433 2304 676 2359 clausum
700 2304 936 2373 diabolo,
970 2312 1223 2373 apertum
1262 2302 1483 2358 Christo
1526 2318 1540 2355 :
1575 2311 1818 2370 utquem

219 2398 378 2454 labiis
414 2411 700 2463 sonamus,
744 2396 910 2452 corde
950 2407 1255 2452 teneamus.
1288 2395 1443 2451 Tunc
1481 2404 1643 2452 erunt
1665 2409 1822 2451 acce-

220 2491 452 2561 ptabiles
496 2498 700 2544 nostrae
725 2488 946 2559 vigiliae,
994 2498 1123 2544 tunc
1160 2488 1500 2557 pernoctatio
1519 2488 1817 2543 salutaris:

220 2585 268 2639 si
290 2581 619 2654 competenti
649 2581 950 2653 diligentia,
976 2591 1033 2637 et
1062 2581 1353 2637 devotione
1393 2584 1627 2649 sincera,
1664 2580 1824 2637 mini-

225 2678 453 2735 sterium
480 2685 726 2732 nostrum
759 2675 958 2732 divinis
980 2675 1261 2731 obtutibus
1289 2671 1571 2730 ol'feratur.

813 2810 1044 2867 CAPUT
1092 2809 1234 2866 XVI.

856 2927 933 2981 De
958 2927 1202 2983 vestibus.

1912 1856 2035 1896 rum
2080 1840 2226 1911 jacta
2274 1839 2482 1896 fuerint
2527 1842 2757 1910 semina,
2802 1843 2892 1899 vel
2940 1844 3142 1914 planta:
3189 1845 3383 1915 posita:
3413 1860 3512 1917 per

1915 1935 2188 2002 ordinem,
2238 1949 2391 2005 aqua:
2420 1933 2692 1990 ducantur
2718 1936 2960 2007 irriguie.
2990 1937 3305 1996 Inserantur
3334 1940 3513 1999 infru-

1915 2036 2125 2083 ctuosae
2152 2026 2401 2092 arbores,
2435 2026 2521 2081 vel
2550 2028 2802 2098 gemmis,
2836 2028 2923 2084 vel
2952 2031 3211 2100 surculis,
3240 2040 3301 2088 ut
3337 2048 3513 2103 parvo

1918 2130 2045 2192 post
2072 2129 2317 2191 tempore
2346 2120 2525 2176 dulcia
2556 2126 2715 2191 pdma
2757 2122 3037 2194 decerpas.
3067 2122 3097 2163 δ
3125 2125 3303 2195 Apum
3351 2125 3520 2183 fabri-

1919 2229 2047 2269 care
2075 2213 2336 2281 alvearia,
2380 2213 2448 2268 ad
2493 2227 2631 2285 quas
2681 2224 2733 2270 te
2778 2216 3003 2271 mittunt
3031 2216 3343 2273 Salomonis
3384 2216 3522 2273 Pro-

1919 2309 2108 2363 verbia
2137 2318 2228 2363 :et
2256 2309 2721 2364 monasteriorum
2767 2310 3039 2378 ordinem,
3084 2327 3150 2369 ac
3192 2313 3402 2385 regiam
3442 2312 3527 2369 di-

1921 2403 2228 2474 sciplinam,
2258 2404 2313 2458 in
2343 2404 2524 2475 parvis
2555 2402 2707 2460 disce
2736 2406 3080 2475 corporibus.

1994 2496 2355 2563 Texanturet
2387 2497 2497 2552 lina
2529 2510 2630 2566 pro
2661 2498 2941 2567 capiendis
2968 2499 3223 2571 piscibus.
3266 2500 3526 2559 Scriban-

1924 2600 2012 2645 tur
2039 2597 2095 2645 et
2122 2588 2268 2657 libri,
2300 2596 2359 2644 ut
2388 2599 2444 2645 et
2489 2605 2683 2646 manus
2720 2601 2978 2662 operetur
3020 2593 3222 2662 cibum,
3260 2605 3314 2651 et
3344 2594 3527 2651 anima

1923 2682 2161 2739 lectione
2209 2688 2506 2737 saturetur.
2556 2681 2689 2737 Nam
2743 2692 2766 2722 ε
2815 2683 2871 2737 in
2922 2684 3193 2739 desideriis
3236 2695 3313 2741 est
3358 2688 3527 2741 omnis
3584 2664 3595 2673 ’

1927 2775 2147 2830 otiosus.
2203 2773 2587 2847 Egyptiorum
2632 2778 2962 2834 monasteria
3012 2776 3157 2834 hunc
3201 2793 3409 2836 morem
3450 2788 3531 2837 te-

1928 2880 2080 2942 nent,
2113 2879 2176 2926 ut
2219 2872 2426 2927 nullum
2458 2871 2663 2942 absque
2715 2871 2903 2929 labore
2957 2882 3121 2945 atque
3158 2890 3328 2947 opere
3356 2875 3534 2933 susci-

1926 2964 2098 3035 piant,
2147 2979 2255 3019 non
2304 2971 2415 3019 tam
2463 2974 2690 3036 propter
2720 2965 2898 3022 victus
2926 2967 3335 3037 necessitatem,
3364 2983 3529 3041 quam

299 3044 472 3103 Fusca
509 3045 689 3101 tunica
730 3043 1013 3110 vestiaris,
1060 3042 1183 3098 vilis
1232 3041 1411 3098 tunica
1451 3046 1821 3111 contemptum

1930 3067 2154 3130 propter
2181 3058 2377 3114 animae
2424 3059 2676 3115 salutem.
2709 3059 2788 3116 Ne
2818 3070 3045 3132 vagetur
3075 3063 3400 3132 perniciosis
3437 3078 3533 3119 co-

229 3139 417 3194 mundi
445 3139 636 3209 probet
668 3159 681 3195 :
715 3137 785 3193 ita
818 3138 1097 3192 dumtaxat
1125 3149 1193 3191 ne
1218 3135 1433 3190 animus
1454 3143 1578 3190 tuus
1605 3142 1821 3197 tumeat,

1936 3150 2293 3222 gitationibus
2335 3167 2512 3219 mens,
2546 3161 2601 3209 et
2629 3152 2695 3209 ad
2727 3153 2901 3210 instar
2949 3155 3275 3211 fornicantis
3310 3156 3535 3212 Jerusa-

240 3248 311 3287 ne
343 3232 559 3288 habitus
588 3245 875 3301 sermoque
924 3230 1269 3286 dissentiant.
1322 3228 1455 3284 Nam
1499 3228 1668 3284 vestis
1716 3229 1832 3298 ipsa

228 3324 356 3380 vilis
384 3336 437 3379 et
471 3324 646 3395 pulla,
678 3322 851 3377 animi
878 3322 1111 3377 tacentis
1138 3320 1396 3376 indicium
1424 3328 1543 3376 est:
1571 3316 1672 3387 Qui
1696 3318 1835 3372 enim

226 3418 478 3475 mollibus
524 3418 837 3481 vestiuntur,
886 3417 943 3471 in
989 3415 1228 3469 domibus
1274 3430 1452 3485 regum
1492 3421 1633 3468 sunt.
1676 3410 1836 3467 Tales

230 3531 472 3587 namque
499 3524 676 3570 vestes
705 3512 906 3568 habeas
937 3520 965 3548 ⁸
994 3512 1191 3582 quibus
1228 3509 1461 3581 pellatur
1485 3507 1654 3578 frigus
1681 3524 1697 3564 :
1727 3525 1835 3565 non

233 3610 432 3681 quibus
458 3610 655 3664 vestita
700 3620 930 3676 corpora
959 3604 1251 3668 nudentur,
1282 3617 1403 3673 qua:
1427 3615 1528 3658 nec
1554 3600 1664 3656 sint
1689 3617 1840 3656 mun-

235 3704 345 3766 dae,
369 3716 472 3758 nec
501 3699 759 3764 sordidae,
792 3708 841 3754 et
869 3697 1019 3753 nulla
1044 3696 1357 3752 diversitate
1386 3693 1687 3749 notabiles:
1712 3693 1841 3764 quia

236 3811 341 3851 nec
366 3794 638 3851 affectatae
666 3791 857 3847 sordes
878 3833 892 3857 ,
936 3805 1038 3846 nec
1080 3787 1366 3859 exquisita!
1407 3786 1684 3841 munditiae
1712 3801 1839 3841 con-

233 3891 463 3945 veniunt
485 3886 806 3944 christiano.
848 3882 959 3941 Sed
987 3898 1054 3938 ne
1077 3881 1179 3937 hoc
1208 3881 1381 3952 ipsum
1404 3879 1719 3950 jactantiam
1743 3878 1843 3934 tibi

237 3992 488 4053 generet,
543 3978 688 4050 quod
729 3976 911 4033 saeculi
937 3974 1261 4047 jactantiam
1303 3971 1678 4042 contempsisti
1720 3989 1734 4024 :
1773 3984 1843 4025 ne

235 4077 506 4149 cogitatio
532 4075 691 4130 tacita
721 4072 1000 4141 subrepat,
1043 4080 1102 4124 ut
1138 4067 1264 4139 quia
1311 4065 1535 4122 forsitan
1582 4063 1845 4120 inauratis

237 4168 491 4225 vestibus
540 4166 755 4236 placere
802 4161 1017 4227 desisti,
1069 4154 1288 4231 placere
1317 4157 1537 4213 coneris
1582 4155 1636 4210 in
1667 4154 1847 4211 sordi-

238 4261 365 4317 bus.
400 4258 547 4315 Nihil
592 4257 737 4313 enim
784 4254 1066 4311 intulimus
1113 4254 1171 4309 in
1220 4252 1365 4307 hunc
1410 4248 1698 4316 mundum,
1744 4261 1846 4303 nec

243 4357 467 4413 auferre
496 4354 626 4425 quid
659 4366 970 4423 possumus.

319 4455 391 4506 At
436 4465 581 4505 nunc
630 4448 927 4518 plerosque
959 4442 1142 4499 videas
1177 4442 1414 4517 armaria
1446 4440 1649 4510 stipare
1679 4438 1845 4495 vesti-

1938 3249 2083 3317 lem,
2132 3249 2279 3305 omni
2326 3250 2635 3307 transeunti
2683 3250 2951 3307 divaricet
3004 3252 3175 3325 pedes
3228 3266 3377 3308 suos.
3425 3249 3536 3308 Nec

1938 3341 2140 3399 idcirco
2182 3343 2281 3399 tibi
2326 3344 2394 3399 ab
2442 3359 2613 3415 opere
2658 3345 2981 3401 cessandum
3018 3354 3137 3416 est,
3187 3342 3216 3383 ά
3245 3345 3371 3417 quia
3419 3345 3536 3403 Deo

1938 3436 2175 3509 propitio
2222 3436 2370 3492 nulla
2421 3452 2482 3492 re
2528 3435 2763 3507 indiges.
2812 3436 2921 3492 Sed
2955 3436 3079 3493 ideo
3106 3452 3229 3493 cum
3280 3439 3536 3494 omnibus

1940 3529 2300 3586 laborandum
2351 3538 2435 3585 est
2480 3546 2493 3585 :
2537 3538 2597 3584 ut
2645 3545 2744 3601 per
2792 3531 3136 3588 occasionem
3183 3531 3367 3603 operis
3404 3531 3541 3588 nihil

1941 3622 2085 3678 aliud
2112 3622 2341 3694 cogites,
2384 3622 2489 3678 nisi
2519 3623 2665 3694 quod
2700 3624 2767 3680 ad
2798 3624 3015 3680 Domini
3044 3626 3283 3697 pertinet
3307 3627 3539 3684 servitu-

1944 3726 2074 3773 tem.
2125 3713 2465 3786 Simpliciter
2510 3716 2721 3787 loquar,
2774 3718 3026 3789 quamvis
3068 3734 3284 3776 omnem
3315 3735 3542 3777 censum

1944 3818 2095 3865 tuum
2125 3810 2180 3864 in
2208 3824 2472 3880 pauperes
2496 3808 2844 3867 distribueris
2878 3828 2892 3865 :
2925 3811 3061 3867 nihil
3087 3812 3231 3884 apud
3257 3810 3540 3870 Christum

1944 3902 2054 3957 erit
2084 3901 2399 3971 pretiosius,
2425 3917 2585 3973 quam
2618 3902 2761 3974 quod
2793 3904 3044 3959 manibus
3076 3904 3183 3961 tuis
3215 3906 3330 3976 ipse
3359 3906 3547 3961 confe-

1946 3993 2111 4049 ceris.
2147 3992 2359 4050 Sudore
2406 3994 2551 4049 enim
2602 4002 2658 4051 et
2705 3995 2895 4053 labore
2933 3996 3104 4055 nimio
3134 3995 3204 4053 ad
3235 3997 3542 4055 ubertatem
3591 4011 3612 4031 ο

1948 4086 2217 4143 fructuum
2249 4088 2652 4159 perveniemus.

2527 4204 2756 4265 CAPUT
2797 4207 2986 4265 XVIII.

2056 4300 2136 4356 De
2161 4300 2312 4355 laude
2341 4298 2650 4371 Religionis,
2686 4310 2735 4356 et
2776 4302 2841 4356 de
2869 4301 3167 4358 inductione
3196 4302 3266 4356 ad
3295 4316 3432 4357 eam.

2020 4436 2268 4494 Exstruis
2293 4437 2508 4508 quidem
2538 4438 2891 4505 monasteria,
2918 4447 2974 4494 et
2994 4438 3196 4494 multus
3218 4443 3320 4493 ate
3344 4451 3442 4507 per
3466 4437 3548 4491 in-

244 4546 366 4613 bus,
404 4545 620 4601 tunicas
664 4549 873 4596 mutare
902 4538 1183 4609 quotidie:
1212 4546 1266 4593 et
1296 4545 1475 4591 tamen
1521 4536 1693 4590 tineas
1737 4548 1844 4588 non
1872 4530 1927 4592 D
1951 4530 2098 4587 sulas
2130 4529 2412 4585 Dalmatiae
2435 4540 2746 4586 sanctorum
2772 4544 3035 4585 numerus
3051 4536 3424 4594 sustentatur;
3451 4528 3549 4582 sed

249 4655 415 4709 posse
462 4650 751 4707 superare.
804 4633 873 4688 Et
914 4633 1005 4703 qui
1055 4640 1109 4687 te
1153 4628 1466 4700 religiosior
1510 4636 1628 4695 est,
1680 4642 1848 4682 unum
1954 4625 2152 4682 melius
2182 4626 2414 4692 faceres,
2447 4626 2491 4681 si
2522 4634 2575 4680 et
2602 4626 2721 4693 ipse
2749 4632 2965 4680 sanctus
2991 4625 3135 4679 inter
3160 4630 3379 4677 sanctos
3404 4621 3552 4678 vive-

251 4736 427 4790 exerit
456 4732 846 4787 vestimentum
870 4769 883 4793 ,
933 4736 989 4781 et
1034 4723 1210 4797 plenis
1238 4723 1380 4778 areis
1410 4735 1619 4792 pannos
1660 4718 1849 4774 trahit.
1953 4734 2063 4776 res.
2096 4718 2349 4784 Dilllcile,
2400 4718 2566 4772 immo
2596 4716 2933 4785 impossibile
2961 4725 3064 4785 est,
3101 4724 3158 4769 ut
3185 4724 3239 4769 et
3269 4716 3556 4785 prtesenti-

253 4824 580 4881 Inﬁciuntur
607 4821 942 4876 membrante
970 4818 1156 4872 colore
1182 4828 1455 4885 purpureo
1498 4829 1511 4865 :
1558 4825 1747 4866 aurum
1790 4810 1855 4864 li-
1954 4809 2056 4865 bus
2103 4810 2224 4879 quis
2272 4816 2327 4863 et
2373 4806 2594 4861 aeternis
2624 4806 2734 4877 [ΑΙ.
2770 4804 2990 4875 futuris]
3023 4805 3232 4861 fruatur
3273 4803 3465 4860 bonis:
3500 4814 3559 4860 ut

254 4917 468 4987 quescit
518 4915 572 4969 in
618 4912 851 4974 litteras,
897 4908 1125 4979 gemmis
1173 4906 1387 4962 codices
1426 4904 1857 4959 vestiuntur:et
1958 4913 2014 4958 et
2053 4901 2141 4955 hic
2170 4911 2412 4955 ventrem
2468 4899 2540 4952 ibi
2569 4908 2804 4953 mentem
2839 4897 3096 4967 impleat,
3151 4908 3205 4953 et
3232 4897 3302 4953 de
3347 4898 3560 4953 deliciis

260 5009 436 5064 nudus
487 5014 616 5061 ante
662 5003 809 5063 iores
859 5018 1046 5057 eorum
1095 5000 1350 5055 Christus
1400 4997 1655 5051 moritur.
1702 4995 1855 5050 Pulla
1959 5002 2204 5049 transeat
2251 4991 2317 5045 ad
2355 4990 2620 5045 delicias:
2653 4999 2709 5044 ut
2759 4992 2812 5045 in
2843 5000 3076 5063 utroque
3122 4992 3326 5047 smculo
3356 4994 3563 5064 primus

260 5102 403 5156 enim
452 5098 636 5154 tunica
683 5097 865 5153 minus
912 5109 1034 5149 cum
1068 5092 1218 5147 humi
1262 5090 1501 5160 jacuerit
1524 5087 1858 5143 sordidatur.
1964 5088 2058 5154 sit,
2088 5094 2141 5140 et
2167 5085 2220 5139 in
2248 5085 2389 5138 etelo
2412 5092 2465 5138 et
2496 5081 2548 5136 in
2576 5090 2721 5138 terra
2751 5082 3020 5154 gloriosus
3045 5095 3326 5156 appareat.

261 5192 345 5248 Sit
373 5192 654 5262 cingulum
692 5192 910 5244 laneum
943 5202 1067 5243 cum
1096 5194 1212 5240 tota
1249 5182 1607 5254 simplicitate
1638 5181 1865 5252 purissi-
2039 5176 2195 5246 Quod
2220 5184 2399 5230 autem
2426 5174 2628 5229 asseris
2656 5189 2752 5230 eos
2783 5173 2977 5230 melius
3002 5174 3181 5232 facere
3211 5178 3303 5247 qui
3341 5186 3570 5232 utuntur

265 5301 443 5353 mum,
475 5293 530 5341 et
558 5281 704 5354 quod
756 5279 931 5351 possit
975 5277 1281 5349 astringere
1314 5274 1647 5331 vestimenta
1696 5273 1868 5343 magis
1970 5269 2137 5327 rebus
2158 5269 2289 5336 suis,
2324 5276 2379 5321 et
2410 5264 2672 5337 paulatim
2704 5266 2915 5322 fructus
2938 5267 3348 5337 possessionum
3375 5283 3570 5337 paupe-

266 5393 430 5449 quam
490 5375 766 5432 scindere.
826 5373 976 5428 Idem
1035 5385 1254 5442 semper
1306 5368 1567 5439 habitus,
1622 5366 1869 5439 neglecta
1973 5360 2606 5431 ribusdividantzquam
2636 5358 2763 5416 illos
2787 5360 2898 5430 qui,
2926 5359 3573 5430 possessionibusvendi-

1984 5540 2091 5631 mli
2113 5523 2587 5662 l.igpltlt‘tlrllubeum,
2611 5592 2696 5650 his
2721 5591 3108 5665 praetermissis
3142 5604 3314 5662 usque
3344 5588 3583 5665 adlabo-

1986 5666 2210 5739 randum
2228 5673 2350 5739 est,
2388 5666 2654 5739 continuo
2699 5664 2982 5737 sequitur,
3036 5676 3095 5722 ut
3145 5680 3239 5739 per
3266 5664 3586 5723 occasionem

1990 5737 2159 5814 operis
2184 5735 2317 5794 nihil
2344 5736 2520 5813 aliud,
2543 5745 2647 5797 etc.

345 5546 370 5573 *ι
402 5536 639 5592 Deerant
670 5534 882 5601 isthtec,
914 5532 1101 5605 quibus
1130 5532 1353 5601 pellatur
1375 5530 1563 5602 frigus.

349 5606 376 5645 ι’
410 5609 567 5664 Juxta
600 5605 777 5663 Grzee.
802 5601 1068 5661 Proverb.
1096 5620 1215 5673 cap.
1245 5619 1321 5672 v1,
1353 5601 1529 5674 neque
1554 5610 1639 5659 est
1659 5602 1801 5658 enim
1824 5601 1881 5656 in

281 5679 475 5738 Latina
504 5677 895 5735 Translatione
927 5679 1015 5732 hic
1042 5677 1217 5732 locus.

362 5760 385 5792 ⁸
422 5755 597 5826 Atque
640 5750 734 5805 hic
765 5748 919 5805 locus
944 5750 1097 5820 juxta
1125 5745 1273 5807 LXX
1298 5746 1581 5807 dumtaxat
1618 5744 1884 5806 Proverb.

572 5843 851 5910 Panos.
898 5839 1115 5907 XXX.
