4012 6190
480 135 589 194 363

1520 115 1581 175 Β.
1622 110 2003 174 IIIERONYMI
2041 105 2327 170 OPERUM
2365 106 2727 169 MANTISSA.

3680 104 3784 168 364

478 248 573 312 tis,
593 245 767 299 semel
791 241 972 298 omnia
1002 236 1462 308 largiantur-mon
1493 246 1520 284 a
1545 245 1653 298 me,
1683 229 1776 285 sed
1800 244 1828 283 a
1857 227 2088 282 Domino
2114 230 2171 290 Α
2195 229 2295 284 bus
2347 227 2523 297 longae
2577 223 2889 281 serenitatis
2921 219 3039 296 [ΑΙ.
3064 221 3224 294 longa
3278 221 3585 296 serenitas]
3635 239 3787 294 Spem

480 339 877 404 respoirdeatur
931 351 946 388 :
997 333 1059 386 Si
1109 330 1184 383 vis
1240 329 1501 398 perfectus
1553 340 1703 387 esse,
1757 323 1906 384 certe,
1971 331 2079 376 etc.

490 432 706 506 (Matth.
752 428 884 498 xix).
923 425 1030 479 Nec
1064 439 1093 476 a
1133 437 1230 476 suo
1258 421 1440 475 Studio
1472 415 1724 472 monachi
1774 413 2083 470 retrahendi

487 535 617 582 sunt
648 527 824 592 lingua
853 520 1094 587 viperea,
1122 531 1305 570 morsu
1331 512 1670 575 suavissimo;
1704 508 1900 578 quibus
1929 524 2089 577 argu-

493 619 755 675 mentaris
782 623 837 668 et
868 610 1002 666 dicis
1033 626 1048 671 ς
1074 608 1143 669 .Si
1163 621 1354 666 omnes
1375 620 1434 659 se
1458 603 1760 659 clauserint
1785 611 1839 657 et
1857 601 2090 671 fugerint

489 713 543 766 in
569 708 939 769 solitudinem,
966 702 1088 773 quis
1113 699 1416 756 celebrabit
1441 695 1738 763 Ecclesias,
1771 695 1892 764 quis
1920 708 2092 747 smcu-

490 806 632 860 larcs
655 801 908 860 homines
939 793 1265 857 lucrifaciat,
1299 791 1422 862 quis
1452 799 1745 861 peccantes
1771 787 1838 847 ad
1865 786 2094 840 virtutes

493 895 695 966 poterit
723 889 1032 952 eoltortari?
1067 888 1180 944 lloc
1205 885 1349 942 enim
1382 881 1577 946 modo,
1609 879 1658 936 si
1688 894 1882 940 omnes
1912 889 2094 936 tecum

490 990 624 1045 fatui
658 987 894 1053 fuerint,
945 982 1162 1053 sapiens
1203 994 1326 1036 esse
1348 978 1471 1048 quis
1506 973 1740 1046 poterit?
1771 975 1829 1030 Si
1861 974 2098 1044 virgines

492 1096 683 1136 omnes
709 1079 934 1144 fuerint,
963 1076 1164 1146 nuptiae
1188 1088 1300 1130 non
1325 1079 1509 1138 erunt,
1538 1068 1785 1124 interibit
1805 1081 1980 1136 genus
2003 1068 2102 1120 hu-

499 1189 745 1230 manum.

574 1267 680 1324 Sed
711 1281 835 1320 rara
866 1272 953 1320 est
976 1263 1170 1326 virtus,
1221 1272 1324 1314 nec
1373 1271 1402 1309 a
1433 1251 1690 1324 pluribus
1706 1250 2003 1321 appetitur.
2037 1250 2104 1306 Et

501 1362 706 1418 utinam
742 1360 845 1415 hoc
872 1371 1064 1411 ontnes
1093 1360 1277 1408 essent
1321 1347 1466 1419 quod
1495 1347 1651 1416 pauci
1684 1355 1828 1398 sunt.
1871 1343 1946 1399 De
1987 1343 2107 1412 qui-

504 1454 606 1507 bus
661 1451 899 1506 dicitur:
937 1444 1094 1499 Multi
1151 1453 1275 1496 sunt
1331 1440 1533 1504 vocati,
1582 1437 1737 1508 pauci
1793 1453 1914 1491 uero
1961 1436 2109 1490 electi

511 1541 734 1609 (.tlutth.
765 1538 881 1607 xx).
908 1538 1038 1590 ldeo
1063 1536 1191 1588 licet
1221 1530 1478 1602 parvulus
1501 1544 1569 1583 ex
1595 1529 1736 1582 collo
1767 1528 1994 1596 pendeat
2018 1541 2110 1580 tte-

2191 322 2499 392 pollicetur,
2535 319 2695 373 nimis
2726 317 2830 390 [AL
2864 315 3048 388 navis]
3080 317 3252 372 valida
3279 328 3328 373 ct
3362 318 3619 373 diuturna
3657 328 3791 374 tent-

2189 426 2390 487 pestas.

2268 509 2555 563 Sectemur
2585 520 2715 576 ergo
2744 520 2841 561 nos
2873 504 3242 572 mulierculas,
3279 519 3443 560 sexus
3474 519 3577 559 nos
3603 503 3796 558 doceat

2201 598 2491 654 infirmior.
2522 598 2750 664 Quantae
2779 597 2988 651 divitiis
3032 597 3238 666 pariter
3267 611 3330 651 ac
3365 597 3652 653 nobilitate
3684 596 3800 666 pul-

2195 689 2372 747 lentes
2405 689 2555 762 (nolo
2577 705 2766 744 earum
2795 688 3055 743 vocabula
3085 689 3292 755 dicere,
3347 706 3414 744 ne
3444 690 3640 744 videar
3669 690 3803 744 adu—

2197 783 2357 856 lari),
2387 782 2591 838 relictis
2616 782 2957 838 facultatibus
2993 782 3416 852 pignoribusque
3447 785 3800 852 contemptis,

2199 876 2303 931 boc
2342 874 2487 930 factu
2535 875 2694 931 facile
2739 874 3082 944 jndicarunt,
3127 876 3271 946 quod
3306 885 3361 931 tu
3394 887 3548 946 putas
3578 879 3807 948 preprio

2203 971 2397 1024 timore
2420 968 2670 1024 difﬁcile!
2695 967 2846 1023 Unde
2863 969 3060 1024 habeto
3084 969 3488 1038 simplicitatem
3509 971 3806 1027 columbae.

2203 1078 2272 1118 nc
2302 1070 2551 1132 cuiquam
2579 1061 2906 1117 machineris
2931 1061 3116 1118 dolos:
3148 1073 3204 1118 et
3227 1066 3502 1135 serpentis
3518 1067 3806 1133 astutiam,

2207 1172 2277 1212 ne
2305 1156 2530 1210 aliorum
2562 1157 2930 1226 supplanteris
2961 1156 3196 1210 insidiis.
3231 1157 3349 1212 Non
3380 1161 3606 1214 multum
3640 1161 3811 1215 distat

2205 1248 2260 1304 itt
2307 1249 2475 1314 vitio,
2531 1249 2616 1303 vel
2663 1248 2936 1316 decipere,
2992 1249 3081 1303 vel
3137 1248 3314 1316 decipi
3349 1266 3510 1319 posse
3539 1252 3812 1305 Christia-

2213 1357 2366 1395 nutn.
2416 1341 2486 1396 At
2535 1341 2622 1395 illa
2673 1341 2769 1394 libi
2821 1341 3022 1394 adhoc
3069 1339 3137 1396 de
3170 1343 3333 1396 variis
3365 1343 3586 1396 ﬂoribus
3621 1345 3812 1398 lumen

2212 1443 2498 1488 exornent.
2553 1432 2789 1488 Coluber
2835 1435 2899 1488 ad
2933 1434 3226 1490 bibendttm
3285 1437 3527 1498 veniens,
3558 1437 3617 1490 in
3673 1452 3815 1505 aqua

2214 1543 2481 1582 venenum
2507 1527 2753 1597 deponit,
2785 1544 2852 1583 ne
2875 1545 2998 1582 eum
3027 1545 3292 1584 venenum
3327 1545 3459 1601 aqua
3487 1542 3820 1587 com-return

512 1650 652 1703 pos;
686 1633 812 1686 licet
857 1643 1051 1699 sparso
1091 1627 1246 1681 crine
1290 1633 1345 1678 et
1383 1622 1568 1676 scissis
1615 1621 1888 1683 vestibus,
1939 1618 2107 1672 ubera
2139 1620 2185 1680 Β
2214 1622 2446 1675 oet-idat.
2496 1621 2706 1677 Nudum
2764 1622 3039 1678 hominem
3074 1624 3248 1689 timet,
3281 1635 3306 1661 η
3340 1626 3594 1680 ve5titum
3622 1642 3820 1696 perse-

514 1727 714 1796 quibus
743 1738 792 1777 te
822 1723 1112 1782 nutrierat,
1147 1728 1322 1778 mater
1346 1715 1600 1770 ostendat
1630 1729 1645 1767 :
1679 1714 1805 1767 licet
1837 1713 1891 1766 in
1925 1711 2111 1766 limine

515 1834 670 1889 pater
697 1819 876 1886 jaceat
901 1833 913 1867 :
942 1829 1036 1883 per
1060 1812 1326 1871 calcatum
1355 1822 1521 1876 perge
1546 1817 1779 1876 patrem,
1813 1805 1972 1860 siccis
1987 1819 2115 1857 ocu-

514 1909 583 1966 lis
609 1912 673 1964 ad
706 1909 961 1964 vexillum
1003 1902 1181 1957 erucis
1213 1900 1392 1954 evola.
1439 1897 1628 1952 Solum
1680 1895 1896 1966 pietatis
1945 1910 2116 1966 genus

517 2014 600 2056 est
648 2003 700 2055 itt
745 2000 844 2052 hac
893 2012 951 2050 re
1005 2009 1127 2048 esse
1180 1990 1478 2046 crudelem.
1511 1988 1757 2044 Gladium
1815 1997 1963 2042 tenet
2020 1989 2120 2042 ho-

520 2096 642 2158 stis,
679 2100 736 2144 ut
762 2106 846 2143 me
873 2085 1105 2156 perimat
1134 2100 1149 2136 :
1183 2094 1235 2138 et
1261 2097 1362 2152 rgo
1384 2083 1450 2135 de
1477 2083 1664 2134 matris
1696 2080 1952 2151 lacrymis
1970 2078 2120 2148 cogi-

518 2185 678 2238 tabo?
706 2182 974 2237 Delicatus
1004 2192 1092 2244 cs,
1126 2176 1294 2230 frater
1324 2172 1666 2238 charissime,
1695 2172 1740 2225 si
1770 2170 1857 2224 hic
1880 2170 1960 2225 vis
1985 2184 2119 2239 gau-

516 2279 644 2332 dere
673 2290 796 2329 cum
829 2271 1052 2337 Sicculo,
1102 2278 1158 2324 et
1203 2276 1397 2337 postea
1448 2279 1677 2335 regnare
1721 2279 1845 2319 cum
1879 2261 2119 2317 Christo.

521 2371 682 2426 Multa
718 2383 815 2422 nos
845 2367 1024 2421 facere
1056 2364 1201 2434 cogit
1229 2362 1477 2416 allectus.
1511 2360 1722 2414 Etdum
1745 2359 2122 2430 propinquita-

522 2479 629 2520 tem
659 2461 979 2532 respicimus
1004 2470 1326 2527 corporum,
1359 2464 1412 2510 et
1443 2453 1691 2522 corporis
1721 2463 1776 2507 et
1811 2453 2007 2507 anima:
2044 2448 2127 2504 of-

525 2556 801 2611 fendimus
831 2565 1159 2607 creatorem.
1197 2549 1297 2616 Qui
1325 2558 1473 2600 amat
1507 2555 1739 2616 patrem,
1774 2555 1868 2600 aut
1899 2554 2127 2598 matrem

528 2665 690 2719 super
720 2645 1022 2709 Cbristuut,
1073 2659 1180 2698 non
1212 2650 1388 2696 esteo
1429 2639 1536 2712 [Αἰ.
1565 2637 1696 2712 Deo]
1721 2641 1935 2708 dignus.
1974 2637 2130 2694 Unde

532 2739 838 2810 discipulus
871 2735 937 2790 ad
961 2737 1296 2805 sepulturam
1325 2748 1357 2802 p
1377 2743 1493 2785 .trts
1523 2730 1603 2784 ire
1629 2730 1946 2785 desiderans
1967 2772 1981 2794 ,
2007 2728 2132 2784 Sal-

533 2834 738 2887 vatoris
793 2829 1114 2900 prohibetur
1178 2826 1428 2894 imperio.
1483 2822 1678 2892 Quanti
1738 2821 2133 2876 monachorum

535 2933 664 2982 dum
697 2928 867 2998 patris
898 2923 1197 2990 matrisque
1228 2918 1592 2980 miserentur,
1623 2932 1750 2971 suas
1777 2917 1986 2972 animas
2011 2931 2133 2984 per-

2217 1716 2420 1784 quitnr,
2451 1724 2612 1783 eaput
2637 1725 2815 1769 tamen
2841 1732 2996 1770 suum
3027 1719 3197 1778 celat,
3248 1717 3467 1787 quando
3490 1718 3820 1786 percutitur.

2219 1808 2308 1861 tibi
2334 1807 2436 1861 scit
2457 1822 2576 1861 esse
2605 1818 2833 1862 mortem
2857 1823 3032 1862 suam.
3061 1811 3298 1878 Serpens
3328 1808 3546 1879 quidem
3579 1810 3622 1862 si
3649 1810 3824 1864 semel

2219 1901 2429 1955 Calanto
2453 1901 2772 1970 pereutitnr,
2797 1902 3024 1955 moritur
3051 1921 3062 1954 ε
3097 1903 3139 1955 si
3162 1916 3293 1956 vero
3327 1903 3520 1957 iterum
3550 1905 3826 1970 percutia-

2221 2003 2332 2058 tur,
2375 1992 2749 2048 eonfirtnatur.
2809 1994 3036 2049 lliemali
3075 2006 3316 2064 tempore
3357 1995 3627 2049 infirmior
3651 1995 3830 2049 effici-

2225 2096 2342 2142 tur:
2399 2099 2450 2142 et
2505 2103 2532 2140 a
2583 2087 2848 2141 soricibus
2880 2088 3201 2142 devincitur.
3235 2089 3400 2158 Igitur
3427 2098 3550 2142 ante
3582 2089 3826 2143 hiemem

2225 2182 2367 2234 circa
2393 2191 2605 2248 segetes
2633 2179 2861 2248 colligit,
2897 2187 2954 2232 ιιι
2977 2181 3080 2235 illis
3111 2195 3293 2234 escam
3323 2181 3584 2248 praebeat.

2300 2273 2503 2342 Anguis
2553 2272 2771 2342 quando
2801 2273 3062 2337 senuerit,
3112 2275 3294 2344 perdit
3336 2285 3640 2343 aspectum,
3697 2282 3752 2328 et
3781 2274 3834 2328 si

2229 2365 2464 2418 voluerit
2495 2365 2672 2417 redire
2715 2364 2782 2417 ad
2809 2364 3170 2432 juventuretn,
3225 2365 3438 2434 jejunat
3469 2366 3832 2436 quadraginta

2231 2457 2442 2522 diebus,
2480 2468 2538 2510 ut
2564 2457 2772 2510 laxetur
2817 2458 2974 2525 pellis
3005 2459 3149 2524 ejus,
3182 2466 3236 2512 et
3262 2459 3339 2511 sic
3365 2467 3656 2528 angustum
3689 2459 3842 2512 fura-

2231 2565 2356 2605 tnen
2401 2549 2698 2620 perquirit,
2735 2559 2793 2603 ιιι
2830 2550 2956 2603 dttm
3013 2551 3204 2605 nititur
3254 2553 3380 2606 inde
3412 2554 3585 2619 exire,
3633 2554 3838 2622 pellem

2235 2653 2486 2696 senectus
2539 2641 2792 2696 dimittat.
2841 2641 3078 2697 Pelicatti
3136 2659 3259 2698 cum
3315 2659 3444 2698 suos
3492 2662 3519 2697 a
3577 2657 3844 2712 serpente

2237 2735 2380 2789 filios
2410 2745 2652 2789 mortuos
2684 2735 3040 2812 [Aboccisosj
3062 2738 3361 2807 inveniunt,
3380 2741 3584 2807 lugent,
3610 2752 3663 2794 et
3689 2756 3752 2794 se
3779 2752 3842 2794 et

2237 2842 2332 2884 sua
2357 2827 2523 2882 latera
2552 2830 2882 2897 percutiunt,
2903 2840 2954 2882 et
2982 2830 3249 2899 sanguine
3263 2846 3493 2887 excusso
3514 2833 3580 2886 ad
3604 2847 3844 2902 corpora

2241 2931 2575 2974 mortuorum
2605 2922 2685 2974 sic
2715 2922 3062 2976 reviviscunt.
3105 2923 3298 2989 Aquila
3331 2939 3548 2992 quoque
3574 2940 3696 2977 cum
3755 2940 3850 2979 se-

538 3018 836 3077 diderunt?
885 3016 1063 3086 Super
1097 3023 1253 3086 patre
1299 3023 1353 3068 et
1390 3024 1564 3068 matre
1614 3012 1782 3081 pollui
1818 3028 1922 3076 non
1970 3013 2135 3066 licet:
2165 3007 2211 3072 C
2247 3017 2462 3080 interit,
2514 3022 2806 3084 gravantur
2858 3013 2974 3082 ejus
3029 3031 3216 3084 penna:
3247 3025 3300 3070 et
3330 3016 3508 3073 oculi:
3550 3017 3605 3070 c't
3648 3018 3854 3084 quau-it

541 3123 743 3186 quanto
772 3098 942 3180 magis
969 3124 1134 3177 super
1159 3107 1327 3159 fratre
1347 3146 1363 3173 ,
1406 3106 1690 3159 Sororibus
1712 3149 1725 3172 ,
1752 3104 2095 3158 COIISUbl‘lIIlS
2123 3145 2138 3169 ,

545 3206 776 3275 familia,
814 3201 1084 3259 servulis!
1110 3200 1295 3256 Genus
1319 3199 1498 3267 regale
1522 3206 1577 3252 et
1597 3196 1939 3252 sacerdotale
1957 3211 2144 3252 sumus

545 3303 588 3375 (ι
633 3300 774 3354 Petr.
801 3298 897 3369 tt):
931 3297 1079 3350 illum
1115 3291 1461 3347 attendamus
1486 3300 1714 3360 patient,
1739 3290 1828 3359 qui
1852 3305 2143 3359 numquam

549 3394 778 3447 moritur
810 3397 909 3446 :et
945 3385 1036 3458 qui
1074 3385 1195 3440 ideo
1240 3383 1427 3437 vivens
1478 3391 1724 3436 mortuus
1769 3390 1888 3446 est,
1943 3388 2000 3434 ιιι
2049 3394 2148 3435 nos

549 3496 796 3541 tnortuos
824 3480 1141 3534 vivificaret.

623 3577 753 3633 Sola
783 3588 947 3630 causa
967 3570 1182 3644 pietatis
1205 3579 1310 3637 est,
1335 3568 1425 3623 ubi
1454 3567 1598 3621 nulla
1623 3566 1804 3622 carnis
1827 3567 2014 3620 notitia
2045 3575 2150 3621 est.

559 3669 776 3725 Honora
806 3679 1012 3735 patrem
1045 3673 1218 3728 tuttttt,
1257 3664 1302 3715 si
1332 3669 1384 3714 te
1410 3659 1533 3731 [Αἰ.
1567 3657 1660 3711 sed
1686 3656 1768 3729 si]
1793 3676 1821 3710 a
1846 3673 1975 3712 vero
2005 3666 2154 3727 patro

562 3779 672 3817 non
704 3768 944 3830 separat.
975 3756 1204 3812 Tamdiu
1237 3755 1375 3808 scito
1401 3751 1580 3805 carnis
1602 3754 1877 3820 copulam,
1901 3750 2155 3820 quamdiu

567 3856 662 3911 ille
713 3869 870 3907 suum
903 3850 1116 3905 noverit
1144 3860 1472 3901 creatorem.
1507 3842 1757 3912 Alioquin
1789 3842 1956 3897 David
1993 3841 2160 3911 proti-

570 3964 670 4001 nus
693 3953 887 4000 canet:
922 3940 1234 3995 Obfiviscere
1252 3934 1501 4007 populum
1529 3935 1672 3987 tuum
1697 3946 1743 3988 et
1765 3935 1970 3988 domum
1999 3935 2160 4005 patris

571 4041 662 4104 tui,
695 4046 741 4090 et
770 4035 1093 4105 concupiscet
1115 4046 1206 4084 rea:
1232 4030 1463 4080 decorent
1488 4036 1654 4092 tuum,
1683 4029 1927 4098 quoniam
1957 4027 2064 4098 ipse
2090 4036 2162 4080 est

573 4132 826 4186 Dominus
859 4126 1002 4180 Deus
1051 4134 1171 4176 tuus
1203 4119 1376 4191 (Psal.
1405 4133 1525 4171 λων
1547 4123 1585 4187 ).
1637 4117 1852 4174 Grande
1881 4122 2162 4188 pra-mium

573 4234 658 4278 est
689 4218 928 4291 parentis
959 4213 1149 4270 obliti:
1210 4213 1335 4280 quia
1388 4209 1741 4275 concupiscet
1779 4224 1878 4262 rex
1915 4208 2164 4263 decorem

577 4326 755 4370 tuum.
782 4307 974 4364 Solent
999 4302 1202 4359 etenim
1225 4299 1407 4355 miseri
1441 4310 1724 4368 parentes,
1775 4307 1831 4355 et
1859 4316 1963 4353 non
1995 4302 2168 4370 plena:

2245 3106 2472 3172 fontem,
2503 3118 2559 3164 et
2586 3109 2743 3177 erigit
2768 3123 2994 3177 pennas,
3017 3120 3070 3164 et
3095 3109 3297 3178 Colligit
3327 3109 3376 3162 iit
3401 3125 3459 3163 se
3479 3109 3716 3164 calorem
3741 3128 3755 3167 :
3790 3123 3853 3164 et

2248 3203 2326 3255 sic
2353 3201 2495 3254 oeuli
2528 3200 2646 3270 ejus
2678 3209 2959 3264 sanantur,
3009 3211 3061 3254 et
3088 3199 3141 3254 iit
3192 3204 3392 3256 fontem
3422 3211 3503 3256 ter
3531 3217 3590 3256 se
3622 3203 3849 3273 mergit,

2249 3304 2304 3347 et
2335 3295 2401 3345 ita
2437 3293 2867 3361 atl-jttventittettt
2901 3293 3084 3346 redit-

2324 3384 2488 3438 Multa
2534 3384 2788 3438 dicuntur
2840 3386 2891 3437 iu
2937 3384 3260 3454 Scriptttris,
3307 3400 3427 3456 qua:
3455 3385 3714 3441 videntur
3748 3386 3855 3440 int-

2252 3478 2554 3547 possihilia,
2587 3488 2640 3532 et
2668 3487 2844 3533 tamen
2880 3495 3003 3532 vera
3029 3490 3175 3533 sunt.
3213 3479 3357 3534 Nihil
3389 3480 3531 3534 enim
3560 3481 3712 3536 dicas
3743 3482 3855 3536 int-

2254 3570 2531 3640 possibile,
2563 3572 2646 3624 tthi
2677 3582 2759 3625 est
2791 3572 2956 3626 virtus
2989 3573 3274 3626 Altissimi.
3330 3574 3474 3627 Nihil
3508 3575 3576 3630 de
3609 3575 3853 3630 humana

2257 3660 2549 3731 fragiritate
2577 3664 2810 3731 cogites,
2849 3664 2936 3718 ubi
2982 3666 3261 3735 plenitudo
3288 3666 3442 3721 adest
3465 3666 3710 3721 deitatis.
3747 3667 3859 3723 Sed

2259 3755 2384 3824 quid
2417 3762 2468 3808 te
2500 3754 2565 3808 ad
2604 3754 2790 3824 jugum
2825 3755 3041 3809 Dotniui
3084 3759 3368 3825 praesentis
3397 3759 3524 3813 vita:
3559 3775 3862 3828 provocare

2262 3849 2527 3918 exemplis
2555 3865 2754 3915 conor,
2812 3863 2932 3903 cum
2982 3851 3188 3904 nullum
3237 3867 3372 3920 pene
3416 3853 3651 3906 sciamus
3695 3851 3866 3908 fuisse

2263 3950 2601 4003 sanctorum,
2623 3943 2714 4011 qui
2751 3943 3104 4008 procellosum
3130 3943 3288 4013 hujus
3317 3945 3578 4013 temporis
3604 3961 3866 4015 agonem,

2265 4036 2472 4106 absque
2520 4037 2868 4090 tribulatione
2909 4050 2964 4091 et
3008 4047 3329 4108 tempestate
3359 4039 3464 4111 [ΑΙ.
3500 4041 3869 4098 tribulationis

2267 4127 2616 4199 tempestate]
2652 4130 2964 4184 transierit?
3003 4130 3094 4185 Sic
3133 4132 3333 4184 etenim
3365 4133 3594 4186 bellator
3625 4134 3872 4189 vulneris

2269 4221 2512 4276 dolorem
2571 4233 2660 4275 aut
2691 4224 2991 4277 contenmit
3029 4232 3122 4276 aut
3160 4226 3364 4295 nescit,
3398 4226 3524 4280 dum
3581 4224 3703 4298 [ΑΙ.
3735 4229 3867 4281 add.

2273 4313 2546 4385 omnibus]
2581 4315 2878 4368 vivacitatis
2906 4316 3155 4371 sensibus
3186 4318 3351 4370 solam
3379 4319 3594 4372 videtur
3623 4320 3876 4390 cogitare

581 4409 706 4465 fidei
731 4398 1026 4460 Cltristiani
1057 4441 1071 4466 ,
1099 4396 1371 4452 deformes
1401 4401 1456 4447 et
1482 4394 1659 4462 aliquo
1691 4395 1936 4448 membro
1964 4397 2170 4450 debiles
2200 4403 2250 4464 D
2279 4407 2581 4461 vietor-iam.
2619 4408 2680 4461 I'It
2708 4411 2794 4477 qui
2829 4407 3020 4462 hiemis
3054 4418 3297 4478 tempore
3348 4412 3493 4465 vadit
3520 4413 3586 4467 ad
3623 4415 3872 4480 balenas,

584 4503 759 4567 filios,
800 4495 928 4567 quia
958 4491 1152 4564 dignos
1185 4487 1531 4542 matrimooio
1563 4502 1668 4540 ttou
1700 4486 2003 4554 inveniunt,
2038 4491 2168 4543 reli-

587 4595 736 4668 gioni
771 4590 1009 4649 tradere.
1070 4584 1175 4641 Sed
1215 4583 1260 4637 si
1295 4594 1347 4636 ιιι
1382 4581 1652 4652 perfeeaus
1703 4595 1826 4636 esse
1863 4581 2169 4649 desideras,

585 4693 672 4747 cxi
703 4704 826 4745 cum
857 4681 1132 4741 Abraham
1161 4679 1228 4733 de
1258 4678 1431 4747 patria
1490 4685 1576 4728 tua
1636 4683 1690 4728 et
1734 4674 1802 4729 de
1853 4679 2174 4745 cognatione

592 4797 713 4840 tua:
757 4792 810 4835 et
836 4791 1001 4848 perge
1049 4789 1155 4845 quo
1199 4769 1396 4825 πρεείς.
1437 4769 1503 4822 lit
1529 4768 1571 4820 si
1599 4766 1766 4822 habes
1790 4767 2169 4840 substantiam,

2283 4501 2436 4571 prius
2475 4502 2826 4568 :ISIZCI‘ilﬂll‘m
2881 4501 3093 4571 frigoris
3143 4503 3318 4556 nudus
3348 4506 3616 4571 patienter
3646 4510 3873 4577 excipit,

2289 4595 2411 4663 quia
2457 4609 2576 4645 t-ttnt
2621 4591 2800 4645 futura
2828 4593 3111 4646 calefactio
3139 4595 3483 4649 consolatur:
3516 4601 3876 4668 omniumque

2282 4695 2649 4742 creaturarum
2670 4685 2893 4740 difficile
2914 4684 2942 4724 δ
2964 4701 3113 4756 spem
3144 4699 3363 4757 propter
3390 4688 3558 4744 Deum
3584 4694 3880 4749 exsultatio

2283 4782 2462 4850 aliqua
2521 4780 2620 4832 nisi
2676 4795 2908 4834 mmrore
2958 4794 3232 4850 praeeunte
3281 4783 3550 4836 succedit.
3601 4787 3688 4840 Sit
3749 4803 3880 4858 ergo

591 4878 786 4938 vende,
808 4872 944 4928 etda
971 4867 1317 4941 pauperibus.
1343 4863 1399 4918 Si
1435 4878 1537 4917 non
1571 4861 1760 4928 habes,
1789 4863 1980 4932 grandi
2010 4881 2176 4921 onore

593 4971 862 5022 liberatus
892 4980 951 5019 es
977 4981 988 5015 :
1037 4960 1216 5015 nudus
1246 4956 1520 5013 Christum
1549 4953 1750 5008 nudttm
1782 4969 2032 5023 sequere.
2065 4957 2178 5012 Du-

594 5077 739 5124 rum,
768 5058 994 5128 grande,
1017 5053 1263 5119 difficile,
1292 5051 1385 5104 sed
1419 5064 1609 5118 magna
1641 5058 1768 5102 sunt
1798 5051 2039 5118 praemia.
2071 5051 2184 5110 Ma-

595 5157 681 5226 gis
723 5152 866 5206 enim
898 5150 1123 5221 quilibet
1170 5147 1324 5201 labor
1351 5142 1670 5209 suscipitur,
1715 5140 1762 5196 si
1812 5150 1942 5196 ante
1995 5143 2187 5199 oculos

598 5252 944 5320 prarponatur
973 5242 1143 5314 ipsius
1167 5238 1370 5294 laboris
1401 5235 1626 5291 utilitas.
1653 5233 1760 5290 Sed
1801 5245 1855 5290 et
1877 5236 2179 5308 naviganti-

2285 4875 2527 4930 innubis
2583 4883 2730 4927 tanta
2763 4876 3064 4928 futurorum
3115 4875 3280 4929 fides:
3335 4887 3389 4930 ut
3421 4877 3716 4934 admodum
3773 4899 3880 4938 non

2285 4967 2591 5023 sentiamus
2645 4983 2743 5018 nos
2778 4967 2867 5019 illa
2918 4971 3186 5022 sustinere
3215 4983 3337 5037 qua:
3370 4969 3646 5038 patimur:
3691 4974 3790 5026 sed
3818 4990 3879 5028 ea

2287 5063 2469 5132 potius
2509 5061 2837 5116 arbitrentur
2882 5075 2980 5115 nos
3011 5060 3126 5131 [ΑΙ.
3157 5060 3299 5133 jam]
3335 5062 3577 5117 obtinere
3605 5079 3730 5134 qum
3762 5084 3886 5123 cre-

2287 5153 2490 5208 dimus.

2361 5246 2573 5313 Quanta
2601 5254 2782 5300 autem
2823 5245 2965 5316 apud
2999 5245 3164 5302 Deum
3198 5263 3425 5313 merces,
3459 5247 3505 5304 si
3533 5249 3587 5302 itt
3620 5253 3884 5322 praesenti

663 5443 688 5468 η
722 5430 951 5482 Deerant
975 5427 1163 5482 istbtec
1189 5421 1421 5476 vestitum
1449 5418 1789 5487 persequitur,
1825 5435 1945 5486 qum
1975 5425 2191 5479 tametsi

591 5521 658 5555 ex
687 5499 1029 5565 sttpposilitia
1055 5499 1120 5550 ad
1148 5492 1468 5565 Prwsidium
1496 5490 1727 5560 epistola
1758 5491 2090 5559 suffecimus,
2121 5509 2182 5552 ut

592 5585 643 5629 et
676 5562 832 5633 paulo
859 5580 979 5637 post
1004 5584 1190 5623 vocent
1214 5562 1389 5637 semel,

663 5630 690 5678 δ
720 5630 892 5710 Διειιώ
925 5641 1010 5696 hic
1053 5650 1200 5711 spem
1238 5633 1479 5690 voculam
1526 5630 1836 5692 sullccintus
1883 5647 2005 5707 post
2047 5637 2172 5696 Βυ-

2301 5426 2489 5501 boum,
2512 5429 2730 5501 tametsi
2764 5443 2828 5483 ex
2853 5429 3190 5499 supposititia
3225 5429 3287 5485 ad
3305 5429 3582 5501 Virginem
3616 5432 3672 5490 in
3696 5439 3889 5494 exsilio

2292 5500 2556 5580 epistola:
2599 5499 2722 5580 hlox
2760 5502 2848 5554 ubi
2879 5503 3073 5580 dicitur
3119 5499 3540 5560 admodum—nou
3581 5509 3883 5580 sentiamus,

2292 5569 2518 5628 Ilubcus
2544 5570 2728 5636 habet,
2763 5577 2967 5629 omnino
3001 5590 3128 5644 non,
3159 5583 3262 5631 etc.
