4012 6190
188 151 302 209 565

770 144 1051 207 REGULA
1090 143 1577 205 MONACIIORUM
1620 143 1717 202 EX
1757 140 2063 204 SCRIPTIS
2099 140 2487 204 HIERONYMI
2525 146 2909 205 COLLECTA.

3402 152 3509 211 566

188 268 451 323 homines
484 265 716 338 pretium
754 282 862 320 non
894 267 1219 335 sperarent!
1250 264 1480 331 Quantis
1508 262 1800 319 sudoribus
1826 263 1875 323 A
1905 263 2174 319 trinsecus
2218 264 2398 319 anima
2456 266 2690 321 laetatur.
2740 266 2845 322 Sed
2874 267 3076 324 veritas
3124 268 3358 340 angulos
3397 284 3505 325 non

193 359 491 414 licereditas
518 373 669 413 cassa
688 358 994 427 expetitur!
1030 358 1225 410 minori
1252 356 1429 426 pretio
1450 357 1796 426 margaritum

193 451 399 504 Chrisu
430 454 540 505 etni
576 462 808 518 poterat.
861 448 1016 504 Finis
1049 450 1252 503 militiae
1287 459 1394 505 tuae
1440 453 1546 504 erit
1575 465 1798 520 regnum

194 558 307 599 non
343 553 503 598 terra:
533 550 590 597 et
614 541 899 610 temporis,
932 541 1029 595 sed
1064 541 1389 596 aeternitatis
1413 551 1467 597 et
1487 541 1631 597 cteli.
1656 540 1799 595 Nihil

193 646 302 705 est,
338 636 440 700 ﬁli,
466 636 614 705 quod
650 636 843 704 possit,
876 644 969 689 aut
991 634 1188 689 debeat
1212 634 1462 704 pracferri
1491 636 1573 701 ei,
1602 634 1694 705 qui
1718 644 1801 691 est

192 745 358 785 verus
374 729 657 793 Dominus,
688 739 921 785 etverus.
946 738 1119 798 pater,
1144 740 1199 783 et
1219 729 1520 797 imperator
1536 739 1796 786 atternus.

191 823 292 877 Cui
325 824 471 878 enim
502 824 711 883 rectius
743 823 912 879 vitam
938 834 1181 878 nostram
1213 822 1606 894 impendimus,
1638 839 1797 893 quam

190 918 270 972 illi
302 934 331 971 a
363 934 473 989 quo
524 918 697 986 ipsam
741 916 1056 986 accepimus
1090 937 1103 970 :
1147 927 1199 971 et
1233 918 1319 973 cui
1374 933 1495 973 eam
1533 918 1798 974 debemus

92 1042 101 1055 ι
190 1028 363 1081 usque
420 1011 489 1066 ad
543 1013 737 1077 tinem,
794 1010 920 1080 quia
974 1009 1145 1079 ipsius
1204 1009 1464 1066 beneﬁcio
1520 1011 1797 1066 vivimus?

189 1103 350 1161 Unde
400 1106 449 1159 si
509 1103 863 1158 tnalueritnus-
901 1102 1100 1156 Caesari
1137 1101 1400 1167 militare,
1432 1119 1592 1172 quant
1638 1102 1795 1158 Chri-

189 1210 319 1253 sto:
377 1208 562 1267 postea
600 1212 705 1251 non
753 1196 820 1249 ad
852 1194 1159 1261 Christum,
1205 1196 1303 1250 sed
1356 1195 1424 1250 ad
1481 1194 1788 1265 gehennam

188 1292 609 1347 transferentur.

260 1387 432 1457 Igitur
472 1401 571 1440 nec
599 1384 876 1450 allectum,
932 1398 1033 1439 nec
1060 1383 1320 1454 patriam,
1370 1399 1471 1439 nec
1527 1384 1785 1451 honores,

188 1496 291 1535 nec
320 1479 543 1536 divitias
578 1478 836 1547 praeferre
867 1479 1161 1533 debemus:
1202 1480 1329 1548 quia
1376 1479 1637 1547 scriptum
1666 1488 1784 1534 est:

188 1570 431 1626 Prteterit
474 1571 631 1644 hujus
681 1570 862 1624 mundi
905 1571 1075 1639 ﬁgura
1112 1568 1173 1639 (I
1203 1570 1322 1624 Cor.
1357 1571 1499 1639 vtt):
1544 1571 1648 1635 Et,
1683 1569 1788 1633 Qui

1901 363 2071 419 amat,
2122 371 2226 410 nec
2274 356 2473 423 quierit
2529 371 2875 412 susurrones.
2910 357 3055 413 Laus
3106 358 3506 429 quippejustos

1902 447 2131 515 cruciat,
2150 448 2369 519 iniquos
2398 448 2632 515 exaltat;
2667 449 2761 505 sed
2785 449 2963 519 justos
2986 450 3109 507 dum
3134 453 3341 508 cruciat
3371 467 3504 523 pur-

1900 551 2024 611 gat:
2054 542 2270 611 iniquos
2300 541 2428 597 dum
2464 542 2726 609 laetiﬁcat,
2759 543 3033 613 reprobos
3061 555 3351 601 monstrat.

1972 634 2119 690 Nulli
2150 636 2437 691 detrahas:
2466 651 2567 691 nec
2595 637 2649 690 in
2679 650 2747 691 eo
2775 644 2827 692 te
2852 645 3101 693 sanctum
3124 647 3299 708 putes,
3327 641 3371 695 si
3396 658 3503 699 cae—

1902 737 2051 787 teros
2083 729 2319 784 laceras.
2371 726 2714 787 Accusamus
2759 742 2910 798 saepe
2961 728 3107 800 quod
3153 728 3379 787 facimus
3402 776 3417 801 ,
3449 744 3504 790 et

1899 833 2093 878 contra
2118 822 2489 892 nosmetipsos
2516 820 2730 888 diserti,
2754 821 2808 877 in
2824 830 3010 878 nostra
3028 822 3502 891 vitiainveltimur,

1896 914 2033 975 muti
2065 913 2134 969 de
2162 912 2546 983 elomtentibus
2562 911 3215 983 judicantes.Numquam
3247 914 3506 984 hujusce-

1899 1005 2046 1059 modi
2078 1004 2391 1059 hominibus
2416 1003 2735 1073 appliceris:
2764 1019 2830 1060 ne
2851 1003 3096 1060 declines
3123 1021 3222 1061 cor
3264 1018 3411 1063 tuum
3445 1010 3499 1073 in

1897 1095 2062 1151 verba
2107 1095 2329 1152 malitia:
2352 1095 2372 1166 (
2397 1094 2552 1150 Psat.
2576 1094 2727 1165 δη),
2759 1105 2813 1153 et
2839 1098 3063 1157 audias:
3096 1098 3293 1159 Sedens
3318 1102 3505 1159 adver-

1896 1204 1984 1249 sus
2009 1188 2223 1258 fratrem
2249 1197 2397 1243 tuum
2429 1188 2720 1257 loquebaris
2740 1233 2755 1259 ,
2798 1198 2848 1243 et
2877 1191 3152 1246 aduersum
3180 1193 3357 1260 [ilium
3400 1213 3508 1249 mat-

1896 1282 1990 1335 tris
2021 1289 2125 1334 tua:
2154 1280 2379 1351 ponebas
2406 1278 2717 1334 scandalum
2752 1280 2927 1350 (Psal.
2957 1285 3127 1355 λιιι).
3163 1285 3237 1340 Et
3267 1290 3509 1357 apertius

1894 1375 1946 1429 in
1972 1374 2334 1430 Ecclesiaste:
2368 1372 2518 1429 Sicut
2549 1374 2751 1427 mordet
2788 1390 3000 1445 serpens
3046 1378 3105 1431 in
3150 1379 3395 1435 silentio:
3442 1384 3514 1435 sic

1890 1478 1940 1524 et
1963 1470 2049 1538 qui
2078 1469 2230 1537 fratri
2255 1482 2349 1521 suo
2380 1467 2432 1519 in
2464 1467 2667 1520 occulto
2693 1467 2922 1520 detrahit
2954 1467 3144 1539 (Eccl.
3171 1470 3261 1540 χ).
3298 1474 3405 1528 Sed
3429 1475 3511 1535 dir

1891 1565 2001 1619 cis:
2034 1564 2147 1633 ipse
2179 1578 2286 1617 non
2318 1561 2581 1617 detraho:
2620 1560 2741 1617 aliis
2771 1561 3141 1632 loquentibus,
3165 1566 3292 1634 quid
3320 1565 3503 1625 facere

188 1666 329 1718 hunc
358 1665 609 1718 mundum
658 1664 939 1718 dilexerint
964 1705 977 1726 ,
1036 1679 1153 1715 cum
1182 1662 1374 1716 mundo
1402 1662 1658 1731 peribunt.
1702 1661 1788 1716 Illi
1819 1659 1870 1721 B
1898 1672 2114 1726 possunt
2149 1654 2321 1727 (Psal.
2354 1653 2637 1726 cvnt)?Ad
2669 1656 3009 1711 excusandas
3030 1659 3417 1716 excusationes
3446 1661 3500 1716 itt

184 1773 316 1828 ergo
346 1757 642 1813 Inilitemus
666 1799 681 1820 ,
733 1756 827 1823 qui
858 1755 1219 1809 militantibus
1244 1755 1348 1808 sibi
1396 1754 1629 1822 gloriam
1661 1756 1791 1809 vita:

185 1850 365 1903 artatis
418 1862 574 1910 stuc,
628 1856 683 1903 et
711 1847 906 1901 divinae
945 1845 1278 1915 cognitionis
1306 1847 1639 1900 consortium
1697 1861 1795 1916 pe-

183 1956 360 1996 renne
391 1941 637 2010 largitur.
658 1938 791 1993 Nam
820 1940 999 1995 nullus
1031 1954 1124 1993 rex
1160 1946 1431 2003 terrenus,
1463 1938 1623 1992 totius
1646 1938 1795 1993 orbis

184 2034 455 2089 Dominus
484 2045 590 2098 est,
620 2032 871 2088 Christus
899 2044 1079 2087 autem
1126 2034 1292 2086 totius
1324 2034 1512 2086 ntnndi
1544 2049 1638 2086 rex
1676 2041 1790 2087 est:

182 2129 310 2200 quia
342 2130 518 2182 omnia
548 2125 918 2197 perChristum
950 2132 1086 2196 facta
1110 2138 1228 2181 sunt
1257 2126 1442 2195 (Joan.
1480 2126 1542 2197 ι).
1574 2126 1639 2182 Et
1665 2127 1791 2197 quia

186 2237 403 2292 regnum
433 2222 675 2275 caelorum
706 2221 808 2273 vim
834 2222 1052 2290 patitur,
1108 2232 1153 2274 et
1181 2219 1391 2274 violenti
1415 2221 1625 2288 rapiunt
1655 2221 1791 2275 illud

187 2311 409 2385 (Matth.
442 2316 551 2381 at):
585 2312 707 2366 talis
731 2312 990 2367 violentia
1025 2312 1137 2365 Deo
1163 2327 1316 2381 grata
1340 2324 1444 2379 est,
1479 2329 1601 2382 qua:
1622 2314 1791 2367 nemi-

186 2424 312 2462 nem
342 2409 603 2471 concutit,
642 2406 847 2461 nullius
894 2408 1097 2461 damno
1130 2407 1346 2461 nititur.
1380 2406 1434 2460 In
1460 2407 1598 2461 banc
1642 2406 1789 2475 rapio

189 2514 316 2553 nam
351 2514 543 2553 manus
573 2507 691 2553 tuas
713 2499 869 2553 mitte
899 2498 1005 2570 [ΑΙ.
1046 2498 1251 2569 verte],
1276 2514 1401 2568 quae
1424 2500 1631 2553 crimen
1680 2514 1787 2553 non

190 2592 377 2657 habet,
401 2603 454 2647 et
488 2594 701 2646 confert
721 2593 979 2647 salutem.
1008 2592 1419 2647 Sollicitudines
1449 2592 1555 2663 [ΑΙ.
1586 2593 1787 2647 Neces-

187 2686 493 2757 situdines]
537 2688 682 2739 enim
712 2697 916 2741 nostra:
939 2688 1209 2751 carnales,
1254 2700 1460 2754 quanto
1505 2685 1786 2740 chatiores

188 2793 344 2835 sunt:
400 2792 553 2836 tanto
594 2782 721 2852 plus
775 2796 876 2835 nos
930 2783 1266 2836 discruciant
1310 2793 1363 2837 et
1412 2781 1656 2850 fatigant.
1709 2784 1786 2837 Ac

186 2874 418 2944 proinde
446 2890 743 2943 numquam
774 2874 828 2928 in
852 2875 1160 2931 carnalibus
1189 2874 1569 2929 :itlectionibus
1602 2875 1673 2928 ita
1697 2891 1785 2929 re-

184 2965 419 3036 quiescit
458 2969 695 3034 animus,
720 2978 781 3021 ut
821 2968 1063 3021 cruciatu
1090 2977 1300 3021 careat:
1331 2968 1456 3021 dum
1487 2968 1785 3022 necessitu-

1900 1750 2140 1821 peccatis
2167 1748 2265 1802 ista
2298 1746 2713 1817 praetendimus.
2743 1747 2992 1805 Christus
3012 1759 3129 1805 arte
3156 1767 3261 1806 non
3289 1753 3499 1811 deludi-

1897 1853 2011 1897 tur:
2056 1855 2395 1910 nequaquam
2432 1854 2583 1903 mea,
2629 1840 2725 1895 sed
2755 1840 3006 1909 Apostoli
3053 1845 3323 1899 sententia
3381 1856 3495 1903 est:

1898 1933 2082 1989 Nolite
2116 1949 2311 1997 errare,
2341 1930 2487 1987 Deus
2533 1950 2635 1986 non
2683 1935 2931 1989 irridetur
2951 1951 2969 1988 :
2993 1936 3082 1991 ille
3108 1938 3162 1993 in
3187 1941 3364 2007 corde,
3395 1959 3500 1997 non

1894 2029 2124 2084 ridemus
2163 2029 2215 2082 in
2248 2028 2383 2099 facie
2416 2025 2556 2097 (Gal.
2587 2026 2687 2099 vt).

1969 2123 2230 2179 Salomon
2288 2119 2529 2191 loquitur
2579 2122 2633 2176 in
2679 2120 3021 2177 Proverbiis:
3078 2122 3284 2179 Ventus
3309 2127 3500 2197 Aquilo

1896 2216 2114 2286 dissipat
2163 2214 2345 2281 nubes,
2405 2223 2451 2267 et
2497 2215 2668 2269 vultus
2691 2216 2855 2270 tristis
2885 2217 3091 2287 linguas
3121 2217 3503 2272 detrahentium

1897 2308 2078 2381 (Prov.
2109 2306 2259 2379 xxv).
2305 2308 2459 2363 Sicut
2486 2310 2629 2362 enim
2672 2309 2866 2376 sagitta
2921 2311 2966 2363 si
3011 2311 3259 2365 mittatur
3312 2322 3505 2367 contra

1894 2402 2082 2455 duram
2108 2400 2415 2467 materiam,
2455 2416 2866 2471 nonnumquam
2900 2402 2951 2459 in
2979 2402 3283 2459 mittentem
3314 2422 3500 2461 rever-

1891 2497 2045 2558 titur,
2086 2505 2141 2550 et
2179 2496 2428 2549 vulnerat
2475 2494 2890 2549 vulnerantem:
2932 2496 3090 2563 juxta
3143 2496 3299 2564 illud,
3343 2496 3499 2552 Facti

1889 2596 2007 2640 sunt
2032 2584 2160 2640 mihi
2196 2586 2251 2640 in
2291 2602 2467 2639 arcum
2499 2602 2717 2655 pravum
2742 2586 2890 2656 (03c.
2924 2588 3050 2658 vn).
3099 2588 3168 2642 Et
3195 2589 3355 2645 alibi:
3394 2590 3498 2657 Qui

1891 2678 2041 2735 mittit
2087 2678 2141 2731 in
2180 2678 2345 2733 altum
2400 2676 2657 2747 lapidem,
2688 2677 2870 2731 recidit
2900 2678 2954 2732 in
2980 2689 3136 2747 caput
3160 2684 3275 2751 ejus
3303 2679 3496 2747 (Eccl.

1889 2788 2040 2827 xxvtt
2065 2771 2121 2843 );
2179 2773 2249 2827 ita
2301 2772 2613 2839 detractor,
2645 2788 2765 2827 cum
2805 2774 3015 2827 tristem
3056 2773 3251 2829 viderit
3290 2775 3483 2829 faciem

1891 2865 2184 2931 audientis,
2218 2866 2383 2921 immo
2413 2881 2519 2920 non
2552 2865 2822 2955 audientis
2852 2866 3090 2935 quidem,
3112 2867 3206 2921 sed
3235 2867 3496 2922 obturan-

1892 2959 1959 3012 tis
1990 2972 2150 3013 aures
2198 2972 2327 3013 suas
2348 3001 2361 3024 ,
2398 2973 2468 3013 ne
2499 2958 2683 3012 audiat
2705 2958 2967 3028 judicium
3012 2961 3315 3030 sanguinis,
3348 2961 3494 3017 illico

183 3058 342 3114 dines
371 3075 522 3125 suas,
556 3073 648 3114 aut
697 3060 869 3115 bonas
920 3071 1064 3114 amat
1121 3076 1244 3116 cum
1285 3061 1564 3118 amittendi
1617 3074 1784 3128 metu,

1894 3052 2232 3116 conticescit,
2265 3052 2428 3120 pallet
2463 3050 2665 3114 vultus,
2699 3052 2905 3106 luerent
2933 3052 3098 3119 labia,
3124 3053 3293 3107 saliva
3317 3055 3493 3109 sicca-

182 3162 282 3207 aut
332 3153 512 3207 malas
561 3153 675 3208 odit
717 3169 843 3208 cum
899 3154 1186 3208 antittendi
1232 3166 1397 3209 voto:
1450 3155 1504 3209 in
1557 3165 1786 3225 utroque

181 3250 521 3305 sustinendis
559 3251 791 3305 miseriis
822 3266 1037 3320 semper
1064 3251 1336 3305 obnoxius
1365 3261 1464 3305 est.
1499 3250 1783 3306 Commota

180 3358 315 3412 ergo
337 3343 391 3397 in
424 3343 621 3398 melius
645 3345 809 3399 vitam
842 3352 1009 3408 tuam,
1044 3354 1323 3398 utaetcrno
1350 3344 1463 3399 Deo
1493 3343 1602 3416 [AL
1626 3343 1780 3419 Regi]

182 3436 416 3502 incipias
472 3436 748 3498 militare.
807 3445 862 3490 et
906 3439 1073 3491 Deum
1126 3435 1326 3491 habeas
1391 3447 1777 3506 protectorem.

181 3526 325 3582 Sunt
372 3539 553 3583 tamen
587 3529 741 3583 multi
770 3530 860 3598 qui
890 3544 995 3583 non
1040 3536 1184 3582 metu
1218 3544 1519 3598 pinnarum,
1561 3530 1656 3585 sed
1690 3529 1783 3584 be-

181 3622 557 3675 nedictionum
618 3631 673 3676 et
718 3622 1203 3689 repromissionum
1260 3622 1534 3676 desiderio
1556 3622 1781 3678 veniunt

180 3716 251 3769 ad
282 3717 538 3771 salutem.
577 3715 723 3771 Nihil
753 3717 901 3771 enim
957 3730 1039 3771 est
1086 3717 1307 3787 dignius
1332 3734 1493 3788 quam
1521 3728 1578 3772 ut
1617 3718 1779 3774 homo

184 3809 259 3862 sit
283 3808 529 3864 auctoris
560 3809 821 3874 imitator,
856 3819 911 3864 et
933 3812 1229 3865 secundum
1275 3812 1493 3866 modum
1544 3813 1779 3883 propriae

180 3901 500 3967 voluntitis,
552 3901 722 3956 divini
780 3902 855 3957 sit
906 3904 1092 3972 Operis
1141 3914 1453 3959 exsecutor.
1512 3903 1643 3957 Nam
1688 3905 1777 3974 qui

177 3998 347 4054 edere
372 3996 489 4050 vult
534 3994 1063 4067 nucleumufrangat
1090 4012 1307 4051 nucem.
1338 3998 1632 4067 Apostolus
1664 4000 1735 4053 ait
1763 4018 1775 4055 :

176 4092 401 4146 Rectius
429 4091 576 4145 enim
608 4091 783 4146 fuerat
812 4091 1087 4146 hominem
1115 4092 1328 4146 subisse
1357 4092 1689 4163 coojugium,
1725 4104 1778 4150 et

175 4184 492 4240 ambulasse
524 4200 621 4254 per
643 4184 822 4254 plana,
854 4201 1015 4255 quam
1043 4185 1109 4240 ad
1137 4183 1331 4241 altiora
1363 4186 1697 4259 tendentem,
1724 4191 1775 4245 in

177 4276 512 4349 profundum
536 4277 728 4334 inferni
754 4280 968 4334 cadere.

781 4402 1009 4461 CAPUT
1046 4404 1193 4461 XIX.

177 4514 257 4572 De
303 4517 466 4574 laude
496 4526 543 4573 et
595 4518 912 4574 detractione
942 4520 1204 4603 .oitanda,
1245 4528 1291 4576 et
1322 4521 1567 4593 periculis
1613 4522 1774 4595 hujus

902 4604 1040 4646 rure.

246 4727 364 4785 Non
393 4728 590 4786 credas
642 4730 1016 4786 laudatoribus
1049 4732 1185 4801 tuis,
1244 4732 1410 4789 immo
1459 4733 1773 4793 irrisoribus

176 4836 361 4878 aurem
386 4841 456 4879 ne
487 4825 721 4879 libenter
742 4824 1138 4880 accommt-des.
1196 4825 1383 4881 Omnis
1412 4827 1540 4883 falsa
1568 4829 1770 4899 pracdi-

176 4918 317 4971 catio
348 4928 591 4972 sectatur
616 4918 785 4985 lucra,
819 4919 1124 4989 etgloriam
1151 4920 1679 4990 quazritltumanam,
1716 4934 1773 4977 ut

175 5026 271 5078 per
300 5012 531 5082 gloriam
584 5022 879 5068 nascantur
908 5015 1251 5084 Compendia.
1283 5014 1528 5073 Laudent
1559 5026 1611 5071 te
1651 5032 1774 5072 esu-

174 5104 432 5161 rientium
464 5107 705 5173 viscera,
733 5124 838 5162 non
866 5108 1197 5163 rnctantium
1222 5109 1477 5179 Opttlenta
1494 5110 1771 5164 convivia:

172 5196 427 5253 adulator
458 5200 663 5268 quippe
695 5198 926 5255 blandus
960 5201 1212 5254 inimicus
1254 5210 1355 5256 cst.
1391 5201 1633 5255 Naturali
1677 5202 1776 5257 du-

170 5290 349 5347 cimur
381 5293 554 5347 malo.
588 5293 984 5350 Adulatoribus
1006 5297 1209 5351 nostris
1242 5297 1475 5351 libenter
1505 5296 1771 5364 favemus,

168 5397 499 5455 quamquam
543 5401 645 5441 nos
694 5388 1125 5457 respondeamus
1178 5390 1449 5462 indignos,
1490 5400 1544 5446 et
1571 5392 1776 5448 calidus

171 5476 339 5532 rubor
393 5493 490 5534 ora
544 5479 870 5549 perfundat:
922 5490 1100 5537 tamen
1157 5481 1224 5538 ad
1274 5483 1489 5540 laudem
1521 5485 1780 5540 suamin-

1895 3158 1999 3202 tur.
2050 3146 2201 3202 Unde
2230 3145 2372 3200 idem
2406 3146 2491 3199 vir
2517 3144 2920 3215 sapiens:Cum
2945 3145 3343 3208 detractoribus,
3402 3146 3489 3201 in-

1890 3240 2028 3312 quit,
2082 3256 2147 3293 tte
2191 3239 2489 3293 miscearis:
2525 3238 2770 3305 quoniam
2807 3244 3015 3305 repente
3045 3238 3208 3290 veniet
3260 3237 3485 3307 perditio

1884 3348 2096 3387 eorum:
2141 3341 2189 3385 et
2220 3332 2427 3384 ruinam
2462 3330 2735 3399 utriusque
2781 3329 2895 3399 quis
2925 3330 3061 3383 novit
3088 3327 3270 3398 (Prov.
3302 3328 3493 3399 xxrv)?

1888 3437 1997 3482 tam
2029 3426 2241 3481 scilicet
2268 3424 2385 3493 ejus
2415 3424 2505 3493 qui
2536 3422 2801 3491 loquitur,
2835 3437 2995 3491 quam
3032 3421 3185 3475 illius
3219 3422 3307 3491 qui
3340 3422 3494 3478 audit

1888 3521 2228 3590 loquentem.
2277 3517 2343 3570 Et
2373 3513 2661 3569 Timotheo
2707 3513 2931 3575 dicitur,
2982 3511 3244 3567 Adversus
3275 3514 3485 3585 presby-

1887 3623 2055 3669 terum
2084 3608 2472 3665 accusationem
2496 3603 2618 3677 [ΑΙ.
2643 3604 2772 3659 add.
2799 3603 2932 3675 cito]
2957 3622 3021 3659 ne
3042 3608 3324 3676 acceperis.
3358 3606 3494 3663 Paci-

1886 3718 2092 3763 cantem
2123 3715 2298 3759 autem
2339 3714 2513 3754 coram
2543 3698 2778 3753 omnibus
2809 3715 2989 3769 argue,
3014 3710 3070 3752 ut
3099 3701 3272 3753 certari
3298 3710 3493 3756 meum

1884 3800 2111 3855 habeant
2167 3794 2229 3867 (1
2276 3790 2609 3862 Timoth.v).
2670 3790 2786 3844 Non
2833 3800 2918 3845 est
2961 3790 3118 3846 facile
3145 3790 3214 3847 de
3246 3794 3483 3862 perfecta

1882 3903 2045 3949 relate
2090 3888 2451 3952 credendum,
2501 3901 2662 3956 quam
2693 3895 2747 3940 et
2776 3884 2885 3941 vita
2912 3886 3187 3955 prieterita
3214 3886 3480 3955 defendit,

1881 4000 1938 4048 et
1976 3989 2211 4043 honorat
2248 3982 2574 4040 vocabulum
2619 3980 2925 4052 dignitatis.
2984 3982 3040 4038 Si
3073 3998 3163 4038 me
3210 3984 3377 4053 igitur
3402 3986 3485 4041 vis

1882 4080 2083 4152 corrigi
2129 4078 2560 4148 delinquentem,
2609 4084 2799 4145 aperte
2841 4075 3098 4146 increpa:
3152 4086 3357 4132 tantum
3389 4093 3483 4133 oc-

1882 4176 2029 4232 culte
2060 4188 2127 4231 ne
2153 4172 2426 4229 mordeas.
2467 4168 2724 4241 Corripiet
2750 4186 2830 4225 me
2844 4173 3023 4241 justus
3044 4171 3098 4224 in
3122 4171 3481 4227 misericordia

1879 4282 1930 4328 et
1973 4267 2278 4338 increpabit.
2309 4265 2492 4320 Oleum
2522 4264 2807 4334 peccatoris
2836 4280 2939 4317 non
2986 4264 3272 4335 impinguet
3323 4274 3479 4335 caput

1884 4382 2055 4421 meum
2102 4361 2446 4434 (Proteu).
2497 4358 2630 4415 Nam
2676 4359 2731 4413 in
2786 4358 3190 4427 comparatione
3245 4356 3478 4413 duorum

1797 4450 1852 4513 D
1880 4462 2151 4518 malorum
2170 4499 2185 4525 ,
2232 4455 2405 4512 levius
2432 4456 2636 4510 malum
2687 4462 2773 4509 est
2802 4463 2989 4523 aperte
3018 4466 3268 4523 peccare,
3313 4468 3477 4523 quam

1879 4553 2140 4611 simulare
2162 4559 2215 4607 et
2245 4549 2451 4621 ﬁngere
2479 4548 2842 4604 sanctitatem.

1950 4647 2089 4717 Quid
2118 4645 2457 4701 vulneribus.
2476 4641 2585 4697 tuis
2629 4639 2872 4710 prodest,
2902 4638 2948 4692 si
2980 4651 3084 4707 ego
3105 4638 3261 4694 fuero
3281 4638 3476 4694 vulne-

1876 4743 2070 4800 ratus?
2098 4758 2167 4797 an
2218 4739 2472 4796 solatium
2517 4734 2757 4805 percussi
2796 4742 2880 4787 est
2918 4732 3153 4786 amicum
3180 4746 3365 4788 secum
3398 4733 3478 4786 vi-

1877 4840 2008 4895 dere
2041 4831 2404 4891 morientem?
2436 4830 2572 4897 Quid
2606 4829 2748 4882 enim
2799 4825 2934 4880 mihi
2988 4825 3249 4894 prodest,
3282 4825 3329 4880 si
3356 4826 3479 4881 aliis

1880 4932 2018 4987 mala
2047 4944 2167 4983 mea
2214 4926 2447 4986 releras,
2493 4922 2559 4990 si,
2594 4935 2680 4975 me
2708 4918 3007 4981 nesciente,
3044 4921 3286 4988 peccatis
3316 4921 3473 4986 meis,

1878 5027 2049 5081 immo
2079 5014 2513 5074 detractionibus
2562 5011 2669 5066 tuis
2712 5010 2874 5064 alium
2924 5011 3222 5067 vulneres:
3273 5021 3481 5069 etcum

1880 5113 2126 5174 certatim
2170 5107 2422 5163 omnibus
2451 5118 2663 5167 narres,
2689 5103 2767 5157 sic
2787 5102 3291 5173 singulisloquaris,
3323 5105 3485 5176 quasi

1883 5210 2017 5267 nulli
2042 5204 2199 5261 alteri
2229 5198 2476 5256 dixeris?
2524 5196 2635 5251 lloc
2662 5210 2770 5249 non
2800 5206 2881 5250 est
2922 5211 3007 5250 me
3034 5196 3350 5263 emendare,
3384 5196 3481 5249 sed

1886 5302 2018 5359 vitio
2050 5310 2141 5353 tuo
2164 5293 2504 5351 satisfacere.
2562 5286 2830 5357 Praecepit
2860 5286 3005 5342 enim
3037 5288 3300 5343 Dominus
3351 5300 3485 5353 pee-

1887 5402 2077 5451 cantes
2106 5401 2129 5429 ι
2160 5390 2213 5446 iu
2248 5402 2349 5443 nos
2391 5382 2548 5453 argui
2577 5381 2779 5437 debere
2805 5389 3021 5436 secreto
3048 5422 3062 5446 ,
3118 5380 3207 5435 vel
3240 5376 3487 5432 adhibito

1895 5496 2057 5543 teste.
2088 5485 2155 5541 Et
2180 5482 2227 5538 si
2275 5476 2465 5536 audire
2492 5473 2791 5546 noluerint,
2845 5472 3040 5531 referri
3069 5472 3135 5530 ad
3163 5469 3488 5541 Ecclesiam,

176 5704 193 5733 ί
251 5666 279 5699 ⁸
304 5658 484 5720 Antea
513 5660 695 5720 minus
719 5668 868 5719 recte
894 5670 1042 5734 erat,
1071 5673 1336 5735 peccantes
1363 5663 1626 5723 interdum
1652 5659 2095 5743 argusreldebere,
2123 5668 2233 5720 etc.
