4012 6190
561 254 669 313 367

1612 248 1669 307 S.
1709 246 2095 307 HIERDNYMI
2136 243 2423 306 OPERUM
2461 233 2831 305 MANTiSSA.

3760 235 3858 301 368

568 375 956 445 habendosque
1004 371 1059 425 in
1113 370 1255 425 malo
1287 369 1618 440 pertinaces,
1652 371 1807 441 quasi
1844 371 2091 426 ethnicos
2115 377 2170 424 et
2194 370 2249 432 Α
2274 377 2541 424 catorum.
2572 364 2681 421 Sed
2705 373 2889 418 tamen
2934 359 3045 417 cito
3074 358 3215 432 ignls
3239 360 3455 431 stipulae
3499 358 3861 432 conquiescit,

565 470 908 540 publicanos.
942 466 1075 520 Nam
1113 464 1329 533 ingenia
1359 463 1662 519 liberaliter
1684 462 1931 531 educata,
1958 461 2170 517 facilius

573 560 903 617 verecundia
930 573 1089 628 quam
1141 564 1320 610 metus
1362 563 1604 625 superat,
1636 565 1690 610 et
1728 570 1864 625 quos
1898 561 2169 609 tormenta

574 671 683 710 non
737 656 985 718 vincunt,
1044 650 1321 704 interdum
1371 648 1754 718 vincitpudor.
1819 648 1973 703 Licet
2002 648 2172 705 multo

568 745 767 801 melius
785 751 869 799 est
890 743 1089 797 timore
1114 756 1397 811 poenarum
1420 741 1716 797 emendare
1738 748 1982 810 peccata,
2008 755 2171 811 quam

571 852 669 908 spe
710 851 1101 907 prosperorum
1143 834 1341 889 divinae
1390 834 1677 904 subiacere
1723 834 2032 890 sententiae.
2069 831 2173 900 Qui

572 930 719 984 enim
751 945 861 984 non
905 928 1143 985 senserit
1171 927 1341 984 Deum
1373 942 1471 997 per
1509 925 1804 994 beneﬁcia,
1846 926 2048 981 sentiet
2073 937 2173 995 per

567 1024 852 1094 supplicia.

643 1114 934 1181 Caeterum,
970 1112 1177 1184 grande
1213 1121 1495 1183 peccatum
1525 1120 1609 1169 est
1641 1112 1823 1168 odisse
1868 1110 2170 1181 corripien-

571 1219 714 1264 tem:
768 1208 1009 1263 maxime
1057 1208 1103 1261 si
1154 1215 1209 1264 te
1239 1223 1347 1261 non
1373 1206 1522 1273 odio,
1556 1206 1652 1261 sed
1682 1220 1866 1261 amore
1889 1205 2169 1275 corripiat.

569 1300 769 1355 Contra
799 1314 899 1356 nos
922 1308 1105 1355 autem
1138 1300 1318 1355 omnis
1343 1308 1613 1355 consonat
1636 1300 1859 1366 chorus,
1890 1308 1946 1354 et
1972 1299 2174 1354 latrant

570 1398 828 1451 universa
860 1395 1113 1451 subsellia
1136 1412 1148 1447 :
1169 1394 1470 1465 junguntur
1490 1402 1545 1449 et
1566 1393 1743 1449 nostri
1763 1392 1987 1459 ordinis,
2005 1392 2096 1463 qui
2119 1400 2176 1447 et

568 1487 843 1543 roduntur
867 1496 922 1543 et
958 1487 1188 1541 rodunt:
1243 1487 1530 1543 adversum
1562 1501 1662 1542 nos
1684 1487 1957 1556 loquaces,
1988 1500 2091 1555 pro
2113 1500 2173 1540 se

568 1582 732 1647 muti,
758 1580 913 1651 quasi
944 1579 1046 1650 ipsi
1069 1579 1158 1635 alii
1189 1581 1298 1635 sint
1319 1596 1478 1651 quam
1502 1579 1787 1634 monachi:
1816 1589 1869 1633 et
1892 1594 1997 1633 non
2018 1577 2174 1648 quid-

571 1673 704 1745 quid
734 1675 787 1728 in
820 1674 1123 1729 monachos
1150 1673 1382 1740 dicitur,
1430 1672 1699 1728 redundet
1722 1672 1776 1727 in
1801 1672 2049 1737 clericos,
2083 1671 2171 1740 qui

2273 469 2329 517 et
2351 459 2634 516 exundans
2655 458 2875 513 ﬂamma
2904 454 3279 511 deﬁcientibus
3307 456 3653 511 nutrimentis
3684 456 3865 526 paula-

2274 553 2367 609 tim
2391 553 2680 608 emoritur.
2713 551 2847 605 Nam
2881 550 2927 605 si
2957 548 3064 621 [ΑΙ.
3088 549 3217 603 add.
3248 548 3398 621 ante]
3428 565 3572 607 anno
3592 551 3865 622 praeterito

2273 648 2419 704 fama
2448 647 2672 702 mentita
2702 654 2812 711 est,
2838 653 2931 699 aut
2957 644 3003 698 si
3028 653 3177 699 certe
3203 659 3391 699 verum
3410 644 3570 711 dixit,
3590 655 3769 701 cesset
3791 644 3862 700 vi-

2274 740 2430 806 tium,
2467 739 2708 795 cessabit
2736 747 2791 793 et
2820 753 3028 793 rumor.
3062 737 3244 792 Prima
3272 753 3507 808 namque
3548 737 3724 793 virtus
3756 753 3867 793 mo-

2276 835 2433 891 nachi
2475 844 2560 889 est
2592 842 2950 888 contemnere
2978 832 3261 887 hominum
3303 830 3529 901 judicia.
3568 829 3737 902 Igitur
3764 848 3864 887 non

2275 929 2479 984 timebo
2498 926 3086 997 lrominumjudicium,
3103 926 3392 980 habiturus
3407 923 3644 993 iudicem
3667 940 3865 981 meum.

2275 1019 2518 1092 Cupiunt
2544 1020 2687 1075 enim
2720 1019 2885 1075 vicini
2914 1033 3023 1074 non
3046 1034 3225 1085 suam,
3264 1020 3360 1075 sed
3392 1021 3627 1077 alienam
3684 1019 3865 1075 discu-

2276 1124 2394 1170 tere
2416 1115 2603 1168 vitam.
2637 1112 2747 1169 Sed
2772 1113 2862 1183 qui
2913 1112 3119 1168 amicus
3147 1122 3252 1181 est,
3286 1114 3450 1169 etiam
3508 1127 3671 1183 prava
3723 1120 3865 1166 recta

2271 1206 2500 1279 judicat.
2528 1205 2741 1261 Inventi
2766 1213 2897 1260 sunt
2921 1204 3067 1261 enim
3115 1205 3271 1260 scioli
3310 1214 3519 1261 tantum
3574 1204 3641 1259 ad
3692 1204 3868 1260 detra-

2278 1301 2542 1371 hendum,
2566 1301 2661 1372 qui
2694 1316 2761 1357 eo
2792 1316 2854 1356 se
2884 1299 3077 1356 doctos
3103 1308 3382 1356 ostentare
3405 1300 3614 1366 volunt,
3664 1300 3712 1353 si
3740 1314 3869 1353 cun-

2277 1404 2492 1452 ctorum
2526 1394 2694 1448 vitam
2740 1391 2850 1463 [AL
2882 1390 3051 1463 dicta]
3098 1390 3362 1447 lacerent.
3414 1391 3518 1449 Sed
3571 1389 3707 1446 nihil
3761 1390 3870 1445 Deo

2278 1489 2525 1545 clausum
2557 1494 2662 1551 est,
2696 1494 2751 1540 et
2779 1484 3019 1541 tenebrae
3052 1485 3239 1541 lucent
3265 1485 3405 1556 apud
3434 1501 3577 1541 eum.

2349 1583 2499 1653 Fuge
2528 1590 2711 1636 tamen
2733 1595 2851 1647 eos,
2876 1581 2930 1635 in
2959 1580 3154 1651 quibus
3178 1588 3362 1652 potest
3389 1580 3548 1635 malae
3579 1594 3869 1636 conversa-

2278 1679 2447 1733 tionis
2476 1691 2601 1734 esse
2648 1675 2938 1746 suspicio,
2992 1690 3092 1731 nec
3140 1685 3384 1745 paratum
3437 1675 3640 1731 habeas
3696 1674 3867 1730 illud:

504 1806 509 1809 -
574 1777 761 1837 patres
804 1776 933 1822 sunt
966 1765 1387 1822 monachorum.
1423 1766 1814 1821 Detrimentum
1842 1764 2055 1834 pecoris
2079 1778 2175 1834 ρει-
2202 1764 2253 1827 Β
2279 1772 2493 1828 Sufﬁcit
2537 1768 2669 1824 mihi
2698 1767 3031 1825 conscientia
3056 1783 3199 1835 mea,
3226 1784 3335 1823 non
3364 1782 3497 1824 curo
3527 1767 3657 1838 quid
3689 1766 3757 1823 de
3787 1781 3868 1822 me

570 1861 740 1913 storis
780 1860 1077 1929 ignominia
1122 1868 1234 1914 est:
1268 1858 1409 1913 sicut
1439 1874 1468 1912 e
1494 1858 1719 1927 regione
1743 1857 1887 1912 illius
1918 1856 2169 1912 monachi

572 1951 687 2005 vita
716 1950 987 2005 laudanda
1014 1960 1130 2018 est,
1162 1949 1251 2021 qui
1282 1950 1622 2005 venerationi
1654 1948 1819 2004 habet
1857 1949 2171 2004 sacerdotes

573 2040 802 2097 Christi:
834 2052 888 2097 et
914 2058 1020 2097 non
1044 2042 1282 2098 detrahit
1310 2042 1525 2113 gradui,
1552 2057 1649 2112 per
1674 2056 1835 2112 quem
1868 2041 2044 2096 factus
2090 2050 2175 2099 est

572 2133 943 2190 Christianus.
975 2133 1110 2189 Nam
1139 2135 1355 2205 quando
1386 2144 1444 2191 et
1477 2134 1713 2190 inimicis
1743 2135 2048 2205 praebemus
2078 2134 2174 2191 bc-

569 2228 788 2295 neﬁcia,
836 2228 1075 2297 ipsorum
1128 2227 1393 2283 malitiam
1427 2237 1610 2283 nostra
1666 2227 1906 2283 bonitate
1935 2243 2171 2299 supera-

569 2334 725 2375 mus:
762 2329 817 2376 et
857 2321 1134 2375 mollimus
1171 2322 1447 2385 duritiam,
1482 2329 1537 2375 et
1562 2322 1760 2375 iratum
1820 2322 2062 2376 animum
2105 2321 2172 2378 ad

570 2414 1017 2469 benevolentiam
1051 2414 1162 2485 [ΑΙ.
1186 2415 1255 2469 ad
1282 2411 1593 2484 mollitiem]
1624 2412 1913 2469 ﬂectimus.

641 2505 750 2561 Sed
782 2520 881 2562 nec
905 2505 1004 2561 ille
1040 2505 1250 2574 absque
1283 2504 1505 2559 invidia:
1541 2503 1837 2562 infectione
1884 2506 1993 2578 [AL
2035 2506 2177 2563 infe-

570 2598 833 2670 statione]
857 2602 980 2653 esse
1007 2596 1234 2667 poterit,
1284 2596 1373 2666 qui
1406 2595 1511 2651 soli
1556 2595 1669 2652 Deo
1715 2597 1935 2667 placere
1974 2601 2177 2669 gestie-

576 2691 671 2745 rit.
701 2690 913 2744 Invidia
945 2690 1089 2744 enim
1115 2704 1225 2744 non
1256 2695 1367 2743 tam
1397 2688 1661 2745 humanas
1684 2689 1984 2761 amicitias,
2013 2707 2176 2763 quam

571 2782 745 2836 solam
778 2782 873 2836 Dei
902 2781 1009 2851 [AL
1060 2790 1162 2835 tac.
1218 2781 1337 2851 Dei]
1365 2781 1629 2850 justitiam
1661 2786 2023 2855 persequitur.
2073 2786 2176 2853 Qui

572 2872 795 2927 invidus
847 2882 972 2939 est,
1019 2872 1197 2927 aliena
1253 2872 1511 2929 felicitate
1554 2882 1885 2945 torquetur:
1918 2878 2176 2947 quoniam

573 2964 754 3018 virtus
778 2978 998 3033 semper
1027 2963 1245 3018 invidia:
1278 2948 1446 3035 patet.
1476 2964 1707 3022 Difﬁcile
1736 2981 1955 3038 quoque
1997 2969 2179 3025 evadit

577 3057 898 3128 opprobria,
925 3058 1015 3111 cui
1044 3065 1130 3112 est
1158 3058 1335 3112 amica
1359 3057 1573 3127 justitia
1605 3078 1618 3114 :
1660 3061 1826 3115 immo
1855 3062 1901 3115 si
1923 3054 2051 3131 quis
2093 3063 2178 3132 pie

2275 1865 2573 1936 loquantur
2591 1862 2865 1917 homines.
2880 1860 3043 1917 Certe
3056 1860 3355 1932 Apostolus
3378 1859 3694 1930 providebat
3709 1860 3865 1924 bona,

2276 1971 2384 2013 non
2417 1956 2594 2010 solum
2626 1969 2812 2009 coram
2856 1953 3001 2019 Deo;
3047 1953 3147 2009 sed
3196 1954 3365 2009 etiam
3398 1968 3586 2009 coram
3638 1952 3868 2009 homini-

2278 2048 2403 2114 bus,
2459 2061 2530 2102 ne
2595 2060 2692 2115 per
2740 2044 2891 2099 illum
2917 2059 3115 2100 nomen
3169 2044 3266 2099 Dei
3300 2044 3773 2115 blasphemaretur
3817 2044 3866 2098 in

2276 2137 2559 2210 gentibus,
2593 2151 2694 2192 nec
2736 2135 2955 2191 volebat
2996 2150 3056 2190 se
3099 2135 3330 2207 iudicari
3363 2136 3432 2190 ab
3490 2135 3694 2190 inﬁdeli
3741 2150 3868 2191 eon-

2276 2230 2524 2287 scientia.
2543 2229 2604 2285 Si
2617 2226 2963 2295 scandalizat,
2979 2228 3174 2299 inquit,
3196 2245 3308 2283 esca
3327 2230 3541 2301 fratrem
3555 2228 3734 2299 (Rom.
3752 2226 3866 2297 ιιι),

2276 2322 2330 2379 in
2390 2334 2653 2378 aeternum
2719 2337 2939 2377 carnem
2988 2336 3096 2376 non
3136 2320 3494 2377 manducabo.
3528 2321 3687 2377 Tolle
3717 2320 3869 2391 igitur

2278 2416 2625 2472 occasionem
2654 2416 2963 2470 volentibus
3012 2416 3380 2472 occasionem.
3440 2414 3573 2471 Nam
3607 2414 3871 2485 castigare

2278 2509 2493 2564 videtur
2522 2507 2688 2564 alium
2711 2549 2726 2575 ,
2758 2508 3009 2579 quisquis
3031 2507 3101 2563 ab
3140 2507 3261 2579 ejus
3293 2508 3723 2564 conversatione
3763 2506 3873 2561 dis-

2279 2602 2463 2657 sentit.

2351 2693 2441 2749 Sic
2462 2701 2519 2749 et
2540 2708 2640 2749 nos
2685 2694 2739 2748 in
2767 2693 2870 2748 ista
2899 2692 3182 2765 provincia
3214 2692 3481 2749 aediﬁcato
3514 2692 3867 2757 monasterio,

2280 2795 2336 2842 et
2360 2785 2671 2841 diversorio
2700 2795 2926 2855 propter
2971 2794 3291 2852 exstructo,
3341 2800 3409 2839 ne
3454 2784 3600 2840 forte
3639 2793 3695 2840 et
3722 2782 3871 2837 modo

2279 2877 2483 2948 Joseph
2514 2893 2635 2933 eum
2666 2878 2837 2933 Maria
2867 2876 3187 2933 Bethlehcm
3235 2875 3462 2932 veniens
3500 2892 3613 2931 non
3642 2873 3874 2931 inveniat

2281 2970 2605 3041 hospitium,
2633 2972 2805 3027 tantis
2839 2970 2908 3026 de
2938 2980 3052 3027 toto
3082 2970 3216 3026 orbe
3272 2969 3683 3025 conﬂuentibus
3713 2967 3873 3023 turbis

2281 3064 2567 3119 obruimur
2593 3064 3010 3131 monachorum,
3040 3075 3099 3118 ut
3127 3077 3229 3117 nec
3259 3071 3495 3132 emptum
3531 3077 3675 3130 opus
3728 3060 3876 3116 dese-

573 3150 760 3205 vivere
788 3148 1066 3215 voluerit,
1096 3148 1267 3218 iniqui
1319 3150 1570 3219 protinus
1626 3150 1880 3206 irrisione
1923 3151 2176 3222 blaspbe-
2203 3159 2249 3225 ο
2282 3172 2426 3223 rere,
2466 3172 2568 3212 nec
2605 3171 2771 3226 supra
2800 3155 2946 3211 vires
2989 3154 3135 3211 ferre
3166 3154 3469 3210 valeamus.
3540 3154 3698 3209 Unde
3760 3152 3875 3222 quia

572 3249 751 3297 mant.
832 3240 959 3295 llaec
1026 3256 1245 3311 quoque
1314 3249 1400 3296 est
1452 3242 1789 3299 consuetudo
1847 3242 2185 3301 detrahentis

577 3336 712 3407 {AL
754 3336 1027 3405 peccantis
1060 3334 1118 3405 J,
1174 3344 1233 3389 ut
1280 3316 1487 3390 'malum
1563 3350 1722 3391 suum
1777 3351 1995 3407 semper
2054 3338 2186 3394 velit

582 3428 836 3500 negando
880 3429 1189 3500 germinare
1219 3471 1237 3499 ,
1288 3438 1344 3485 et
1405 3428 1589 3485 dicere
1621 3471 1636 3498 ,
1690 3439 1783 3486 aut
1832 3446 1941 3486 non
1992 3430 2186 3489 fecisse

580 3525 729 3594 quod
776 3522 908 3580 fecit
936 3565 953 3592 ,
995 3531 1090 3579 aut
1132 3523 1278 3579 bono
1326 3533 1612 3593 operatum
1671 3524 1814 3580 zelo.
1855 3524 1941 3581 Nil
1987 3528 2185 3583 mirum

580 3631 712 3685 ergo
760 3617 807 3670 si
859 3625 1050 3671 contra
1104 3632 1191 3672 me
1232 3632 1457 3687 parvum
1512 3616 1903 3674 homunculum
1952 3619 2186 3676 immun-

583 3708 672 3763 dae
724 3722 853 3764 sues
898 3708 1225 3779 grunniunt,
1278 3717 1334 3763 et
1400 3709 1628 3779 pedibus
1683 3712 2003 3784 margaritas
2052 3727 2185 3770 con-

581 3801 823 3867 culcant,
855 3816 1038 3871 neque
1078 3801 1273 3871 procul
1323 3802 1393 3856 ab
1422 3802 1652 3859 urbibus
1679 3847 1695 3873 ,
1741 3802 1864 3859 foro
1890 3848 1906 3873 ,
1955 3805 2181 3876 litibus,

587 3893 869 3964 turbisque
896 3902 1191 3962 remotum,
1220 3895 1409 3966 sicque
1434 3895 1690 3952 latentem
1713 3898 1918 3968 reperit
1957 3898 2185 3957 invidia.

582 3985 817 4041 Tantum
843 3986 993 4041 enim
1023 4000 1110 4041 me
1147 3984 1385 4057 diligunt
1413 3987 1656 4045 hmretici
1682 4031 1699 4056 ,
1730 3991 1876 4062 quod
1928 3992 2049 4049 sine
2097 4008 2186 4049 me

586 4093 710 4135 esse
740 4094 851 4135 non
880 4088 1129 4149 possunt.
1159 4080 1419 4136 Omittam
1444 4098 1705 4153 personas
1738 4102 1753 4140 :
1782 4084 1949 4143 rebus
1980 4095 2186 4143 tantum

588 4181 646 4228 et
669 4172 998 4229 criminibus
1022 4182 1108 4227 est
1143 4173 1611 4244 reSpondendum.

670 4266 821 4322 Nihil
852 4280 1035 4323 causa:
1056 4266 1281 4337 prodest
1302 4270 1754 4328 maledicentibus
1775 4272 2186 4344 remaledicere,

598 4370 654 4418 et
689 4360 1036 4416 adversarios
1061 4361 1261 4417 talione
1306 4362 1586 4432 mordere,
1618 4378 1741 4420 cum
1770 4376 2100 4437 praereptum
2123 4368 2195 4423 sit

593 4456 798 4512 malum
829 4469 930 4525 pro
961 4453 1103 4509 malo
1136 4470 1244 4510 non
1264 4454 1439 4511 reddi.
1468 4454 1621 4511 Unde
1651 4472 1760 4512 non
1787 4457 1857 4513 de
1878 4460 2193 4516 adversario

2288 3252 2450 3308 nobis
2477 3252 2611 3306 illud
2642 3251 2713 3306 de
2742 3250 3036 3322 Evangelio
3060 3249 3309 3320 contigit,
3360 3258 3420 3304 ut
3448 3248 3652 3304 futurae
3716 3246 3876 3302 turris

2288 3360 2398 3399 non
2441 3354 2569 3398 ante
2596 3352 3041 3413 compntaremus
3073 3343 3369 3413 impensas,
3397 3342 3669 3410 compulsi
3699 3351 3874 3396 sumus

2289 3436 2513 3493 fratrem
2546 3436 2923 3492 Paulinianum
2954 3437 3021 3492 ad
3050 3437 3279 3508 patriam
3317 3436 3575 3503 mittere,
3628 3444 3687 3491 ut
3726 3432 3877 3490 semi-

2296 3542 2452 3589 rutas
2482 3532 2716 3599 villulas,
2753 3548 2872 3603 qua:
2900 3532 3258 3587 barbarorum
3290 3546 3483 3587 manus
3532 3529 3874 3601 effugerunt,

2299 3636 2354 3682 et
2384 3635 2667 3697 parentum
2699 3626 3072 3682 communium
3097 3625 3311 3681 cineres
3335 3624 3629 3690 venderet,
3663 3638 3731 3679 ne
3771 3636 3877 3677 cce-

2288 3728 2441 3789 ptum
2465 3726 2774 3775 sanctorum
2804 3718 3169 3775 ministerium
3199 3718 3541 3783 deserentes,
3569 3717 3743 3774 risum
3772 3730 3881 3771 ma-

2290 3810 2484 3866 ledicis
2520 3820 2574 3865 et
2603 3811 2811 3865 aemulis
2870 3812 3229 3879 prmbeamus.
3278 3809 3432 3866 Unde
3495 3810 3682 3865 omnia
3730 3808 3881 3879 plena

2291 3905 2575 3975 periculis,
2607 3905 2791 3960 omnia
2817 3904 2980 3977 plena
3007 3915 3136 3959 sunt
3174 3904 3402 3977 laqueis.
3438 3903 3675 3959 lncitant
3738 3901 3879 3971 cupi-

2292 3996 2513 4060 ditates,
2539 3996 2872 4051 insidiantur
2922 3996 3228 4064 illecebrae,
3298 3995 3657 4051 blandiuntur
3713 3995 3876 4058 lucra,

2292 4090 2490 4145 damna
2523 4090 2824 4146 deterrent.
2840 4090 3057 4145 Amarae
3081 4098 3208 4145 sunt
3227 4089 3644 4159 obloquentium
3665 4088 3877 4158 linguar,

2295 4200 2400 4240 nec
2424 4199 2643 4254 semper
2671 4184 2885 4239 veracia
2909 4192 3039 4239 sunt
3066 4198 3159 4237 ora
3200 4183 3543 4239 laudantium
3580 4201 3595 4237 :
3631 4184 3731 4238 iste
3778 4194 3879 4233 sa:-

2294 4277 2371 4331 vit
2397 4285 2452 4332 et
2479 4276 2619 4344 odit,
2654 4277 2741 4331 hic
2762 4275 2963 4344 decipit
2990 4276 3249 4343 ofﬁcium,
3280 4287 3335 4332 et
3366 4276 3583 4332 facilius
3610 4285 3695 4333 est
3718 4275 3881 4329 vitare

2295 4368 2631 4433 discordem,
2664 4383 2824 4439 quam
2847 4367 3130 4423 declinare
3152 4367 3425 4424 fallacem.
3452 4369 3600 4425 Silva
3644 4378 3884 4423 succres-

2299 4464 2397 4530 cit,
2431 4472 2488 4518 ut
2512 4473 2697 4533 postea
2722 4461 3063 4518 rescindatur
3095 4462 3257 4517 :ideo
3286 4478 3413 4532 ager
3440 4462 3666 4530 seritur,
3698 4470 3754 4515 ut
3778 4472 3885 4512 me-

589 4549 875 4605 victoriam
898 4589 913 4615 ,
942 4546 1038 4603 sed
1058 4550 1266 4603 contra
1292 4548 1637 4604 mendacium
1666 4550 1963 4619 quaerimus
1992 4551 2193 4607 verita-
2217 4556 2271 4618 D
2301 4566 2465 4612 tatur.
2498 4556 2617 4612 Jam
2648 4556 2837 4626 plenus
2876 4564 2963 4611 est
2990 4554 3163 4622 orbis,
3198 4564 3339 4611 terra
3388 4569 3487 4610 nos
3547 4571 3657 4610 non
3722 4550 3883 4622 capit,

596 4654 725 4698 tem.
785 4642 896 4697 Sed
933 4656 1032 4696 nec
1059 4641 1345 4696 timeamus
1393 4639 1516 4695 odia
1567 4642 1753 4697 subire
1803 4646 2185 4713 quorumdam.

596 4737 715 4791 Non
739 4736 889 4791 enim
914 4733 1226 4789 hominibus
1251 4733 1515 4789 debemus
1543 4735 1762 4804 placere
1785 4776 1800 4801 ,
1842 4737 1937 4792 sed
1961 4738 2093 4793 Deo.
2118 4743 2192 4795 At

599 4831 796 4885 scitote
823 4844 909 4884 me
934 4841 1234 4898 numquam
1267 4828 1540 4883 haereticis
1566 4829 1903 4900 pepercisse,
1932 4833 2027 4888 sed
2059 4849 2191 4891 con-

602 4932 688 4977 tra
718 4922 867 4977 omni
898 4921 1081 4977 studio
1122 4918 1422 4991 peregisse,
1458 4929 1519 4976 ut
1558 4921 1742 4979 hostes
1786 4924 2043 4983 Ecclesia:
2085 4930 2192 4987 mei

602 5016 797 5069 tierent
819 5014 1025 5069 hostes.
1060 5011 1218 5069 Unde
1257 5027 1433 5068 meam
1460 5012 1715 5083 injuriam
1752 5017 2021 5087 patienter
2047 5022 2142 5078 tuli
2177 5042 2190 5077 :

602 5105 942 5175 impietatem
969 5114 1160 5161 contra
1195 5104 1368 5161 Deum
1401 5106 1543 5163 ferre
1588 5121 1698 5163 non
1751 5112 1920 5179 potui.
1970 5113 2199 5171 Latrant

601 5216 768 5258 canes
792 5216 892 5271 pro
922 5200 1156 5257 dominis
1177 5201 1291 5257 suis
1322 5220 1336 5256 :
1370 5210 1429 5259 tu
1450 5216 1565 5259 non
1590 5203 1676 5260 vis
1705 5220 1793 5262 me
1839 5206 2042 5265 latrare
2098 5225 2197 5281 pro

600 5299 871 5356 Christo?
900 5297 1095 5353 Falsus
1121 5312 1310 5353 rumor
1340 5298 1451 5355 cito
1475 5303 1822 5372 opprimitur,
1874 5315 1931 5362 et
1961 5308 2070 5363 vita
2102 5324 2200 5380 po-

600 5392 805 5448 sterior
827 5390 1039 5461 judicat
1064 5392 1133 5447 de
1163 5391 1366 5461 priore.
1416 5394 1563 5451 Fieri
1594 5397 1815 5467 quidem
1851 5415 1959 5455 non
1994 5412 2198 5471 potest,

598 5494 661 5539 ut
688 5484 897 5554 absque
937 5497 1124 5540 morsu
1167 5482 1488 5557 hominum,
1549 5486 1678 5545 vita:
1721 5488 1886 5561 hujus
1930 5494 2202 5550 curricula

605 5581 729 5650 quis
756 5588 1119 5649 pertranseat.

675 5674 1054 5744 Malorumque
1082 5675 1337 5733 solatium
1368 5686 1477 5745 est,
1520 5680 1699 5737 bonos
1742 5697 1973 5755 carpere
1999 5724 2014 5751 ,
2072 5683 2200 5741 dum

607 5763 951 5836 peccantium
984 5765 1334 5827 multitudine
1361 5780 1554 5845 putant
1584 5774 1796 5848 culpam
1842 5777 2015 5837 minui
2069 5793 2196 5853 pec~

2299 4649 2546 4722 quotidie
2584 4649 2724 4705 bella
2754 4665 2855 4703 nos
2881 4657 3095 4715 secant,
3130 4648 3307 4703 morbi
3339 4647 3697 4713 subtrahunt,
3752 4659 3883 4699 nau-

2300 4753 2468 4825 fragia
2513 4750 2831 4820 absorbent,
2860 4760 2913 4806 ct
2936 4749 3287 4805 nihilominus
3341 4748 3676 4805 detrahimus
3704 4756 3756 4803 et
3782 4745 3885 4801 liti-

2300 4872 2505 4931 gamus.

2375 4957 2543 5014 Vides
2569 4971 2784 5028 quoque
2812 4955 2863 5010 in
2888 4954 3134 5011 Ecclesia
3167 4954 3604 5025 imperitissimos
3644 4962 3888 5023 quosque

2307 5064 2537 5120 ﬂorere.
2564 5062 2628 5117 Et
2657 5060 2779 5132 quia
2814 5060 3120 5115 nutrierunt
3141 5058 3339 5115 frontis
3363 5057 3663 5121 audaciam,
3699 5064 3751 5109 et
3776 5068 3891 5109 mo-

2306 5166 2577 5221 bilitatem
2604 5164 2807 5233 lingua}
2827 5160 3109 5217 consecuti
3131 5170 3298 5229 sunt,
3357 5160 3479 5217 dum
3524 5174 3626 5213 non
3678 5156 3890 5225 recogi-

2306 5276 2425 5323 tant
2447 5266 2577 5336 quid
2620 5266 2945 5335 loquantur,
2986 5262 3286 5333 prudentes
3307 5277 3367 5319 se
3396 5270 3452 5319 et
3475 5259 3719 5317 eruditos
3749 5257 3891 5313 arbi-

2306 5376 2544 5435 trantur,
2576 5368 2819 5423 maxime
2865 5364 2911 5421 si
2960 5365 3109 5437 vulgi
3140 5366 3379 5421 favorem
3434 5364 3761 5429 habuerint,
3801 5360 3887 5431 qni

2310 5472 2485 5542 magis
2514 5470 2676 5525 dictis
2706 5470 3006 5525 levioribus
3028 5478 3460 5524 commoventur.
3503 5469 3567 5524 Et
3608 5483 3638 5523 c
3681 5474 3890 5521 eontra-

2310 5572 2394 5629 rio
2431 5570 2587 5627 vides
2619 5569 2892 5625 eruditum
2912 5570 3090 5625 virum
3118 5568 3171 5624 in
3204 5569 3441 5624 obscuro
3468 5569 3662 5633 latere,
3694 5576 3744 5622 et
3776 5579 3894 5636 pcr-

2308 5671 2623 5730 seeutiones
2650 5671 2803 5742 pati,
2854 5681 2910 5727 et
2966 5687 3073 5727 non
3114 5670 3291 5725 solum
3325 5670 3377 5724 in
3411 5668 3613 5741 populo
3670 5667 3890 5740 gratiam

2309 5791 2417 5837 non
2445 5774 2671 5848 habere,
2699 5776 2795 5839 sed
2828 5777 3015 5852 inopia
3055 5783 3110 5837 et
3140 5781 3381 5849 egestate
3411 5774 3721 5835 tabescere.
3769 5770 3891 5831 ιιωο
