4012 6190
183 224 277 289 369

742 220 1031 282 REGULA
1070 220 1557 283 MONACHORUM
1594 222 1691 283 EX
1725 223 2041 323 §CR1PTIS
2080 228 2469 293 IIIERONYMI
2507 232 2891 294 COLLEC’I‘A.

3375 239 3483 299 ’570

185 349 350 435 autem
375 338 548 435 fiunt,
573 341 699 414 quia
731 356 843 401 non
875 350 960 399 est
992 342 1082 400 hic
1102 341 1426 418 meritorum
1445 344 1768 416 retributio,
1798 348 1855 412 Α
1878 357 1961 405 tas
1992 348 2216 419 Oceani,
2242 361 2298 408 et
2328 357 2590 413 caelorum
2616 357 2851 429 spatium
2871 396 2887 426 ,
2922 366 3187 435 terraeque
3216 370 3481 432 punctum

188 434 273 492 sed
299 435 355 491 in
385 433 594 491 futuro.

772 551 1001 610 CAPUT
1046 552 1166 609 XX.

191 690 266 748 De
281 694 605 767 juramento,
628 689 875 760 uindicta,
887 692 1195 818 :iezdacio,
1227 691 1562 765 stultiloquio
1594 693 1779 764 prohi—

920 780 980 818 en
1021 780 1072 818 ο.

920 780 1072 819 enao.

260 900 449 956 Dixisti
475 900 643 967 enim,
673 899 729 955 ni
761 898 952 967 fallor,
989 900 1112 971 jure
1150 908 1204 955 te
1254 899 1395 955 mala
1436 900 1593 955 malis
1649 898 1778 956 red-

192 994 314 1051 dere
336 1004 391 1050 et
415 1009 541 1051 cum
557 993 1073 1066 jurantibusjurare
1094 994 1319 1062 debere,
1344 995 1470 1065 quia
1489 994 1782 1065 aliquando

184 1088 385 1158 juravit
409 1089 691 1155 Dominus,
721 1096 813 1142 aut
842 1088 983 1143 mala
1006 1088 1167 1143 malis
1204 1086 1469 1143 i'estitnit.
1497 1087 1625 1143 Scio
1670 1088 1782 1157 pri-

192 1197 330 1235 mum
361 1222 378 1248 ,
423 1197 533 1237 non
557 1183 735 1237 omnia
767 1181 921 1237 nobis
964 1181 1258 1237 convenire
1284 1180 1481 1245 servis,
1516 1195 1637 1249 qua:
1667 1181 1779 1235 Do-

192 1275 340 1331 mino
372 1268 743 1343 conveniunt,
776 1291 844 1330 ne
883 1275 934 1330 in
964 1274 1376 1344 comparatione
1428 1274 1776 1339 famulorum,

193 1371 404 1426 Domini
454 1370 703 1426 videatur
746 1369 971 1439 injuria.
1032 1367 1287 1439 Alioquin
1321 1368 1546 1422 forsitan
1607 1366 1783 1421 recla-

194 1479 337 1519 mare
359 1463 669 1532 incipimus,
701 1476 801 1517 cur
832 1476 938 1515 non
968 1476 999 1515 e
1028 1460 1364 1530 virginibus,
1397 1459 1494 1515 sed
1535 1458 1603 1514 de
1651 1457 1782 1513 aliis

197 1554 512 1610 mulieribus
536 1552 894 1626 generamur?
922 1553 1031 1607 Aut
1055 1566 1150 1607 cur
1181 1551 1384 1606 mortui
1418 1550 1587 1605 nostri
1618 1548 1780 1605 tertia

196 1647 282 1703 die
305 1664 409 1702 non
432 1646 763 1718 resurgunt?
782 1645 1017 1713 Juravit,
1038 1644 1171 1709 scio,
1200 1658 1345 1715 szepe
1370 1644 1658 1709 Dominus,
1687 1641 1782 1713 qui

1881 443 2091 516 liquido
2117 446 2618 517 comprehendisse.

2474 568 2703 627 CAPUT
2742 570 2887 628 XXI.

1886 677 1966 734 De
2008 683 2278 754 patientia,
2310 686 2727 743 reconciliatione
2757 696 2805 743 et
2828 691 3047 745 mortuis
3088 707 3191 747 non
3226 693 3481 767 lugendis.

1955 814 2111 874 Nunc
2125 818 2240 889 jam
2269 821 2427 878 nobis
2454 820 2523 878 de
2562 823 2824 893 patientia
2860 834 2916 881 et
2942 825 3063 895 ejus
3082 827 3240 884 bonis
3260 828 3487 900 loquen-

1886 908 2015 965 dum
2040 920 2141 968 est.
2169 912 2268 967 Est
2296 913 2458 984 igitur
2488 917 2752 985 patientia
2784 919 3026 974 omnium
3071 920 3391 989 injuriarum
3433 932 3489 978 et

1885 1003 2202 1071 passionum
2235 1006 2561 1076 tolerantia,
2607 1019 2661 1064 ct
2704 1016 3183 1082 exspectationum
3239 1016 3485 1071 omnium

1884 1094 2003 1149 sine
2036 1096 2465 1164 przecipitatione
2495 1100 2861 1168 sufficientia;
2895 1120 3057 1173 quam
3088 1105 3134 1159 si
3162 1106 3281 1176 quis
3328 1106 3489 1162 intel-

1884 1184 2083 1240 lexerit
2109 1196 2163 1241 et
2191 1187 2476 1259 habuerit,
2519 1194 2792 1248 contraria
2838 1196 2964 1251 vitae
3010 1199 3196 1267 gravia
3252 1199 3485 1268 bajulat,‘

1882 1278 2025 1335 bona
2056 1281 2237 1336 omnia
2262 1283 2528 1339 continet.
2558 1284 2819 1342 Sororem
2849 1287 3015 1344 habet
3042 1305 3227 1360 spem,
3283 1300 3339 1347 et
3369 1293 3488 1345 afﬁ-

1885 1389 1985 1430 nes
2009 1374 2129 1444 ejus
2154 1385 2280 1431 sunt
2302 1391 2394 1433 res
2415 1377 2573 1433 bona:
2605 1394 2817 1447 omnes,
2854 1382 3064 1451 patitur
3112 1383 3258 1438 enim
3315 1384 3489 1439 liben-

1886 1478 1991 1535 ter,
2023 1470 2148 1539 quia
2182 1480 2385 1540 sperat,
2416 1471 2687 1542 sperando
2708 1473 2927 1529 tolerat.
2956 1473 3310 1544 lmpatienter
3340 1478 3487 1533 enim

1886 1562 2056 1617 fertur
2084 1563 2228 1632 quod
2263 1579 2371 1618 non
2413 1573 2683 1634 speratur.
2717 1566 2875 1620 Omni
2907 1576 3090 1621 autem
3134 1567 3339 1622 virtute
3397 1583 3491 1637 pa—

1888 1653 2076 1708 tientia
2100 1654 2324 1723 perfert,
2349 1656 2489 1725 quod
2521 1671 2619 1724 spe
2661 1666 2944 1727 praeeunte
2997 1657 3363 1729 dignoscitur;
3394 1668 3491 1714 aut

194 1742 510 1811 nosjurare
567 1740 875 1813 prohibuit.
931 1740 1041 1795 Nec
1092 1738 1277 1793 statim
1322 1754 1390 1793 ex
1415 1738 1519 1793 hoc
1574 1745 1784 1793 temere
1815 1749 1863 1810 B
1892 1746 1939 1801 si
1968 1762 2095 1817 spes
2127 1747 2339 1805 fructus
2396 1750 2674 1820 patientiae
2721 1751 3097 1822 subsequitur.
3141 1754 3271 1809 Ilaec
3315 1763 3490 1811 matre

192 1834 575 1906 blasphemare
606 1834 871 1889 debemus
899 1848 1045 1898 eum,
1074 1832 1223 1902 quod
1248 1831 1384 1886 alios
1413 1830 1650 1886 vetuerit
1680 1830 1787 1885 Do-

193 1929 372 1982 minus
396 1927 543 1998 quod
575 1927 691 1997 ipse
714 1926 950 1982 faciebat
978 1969 992 1994 ,
1054 1926 1184 1996 quia
1228 1923 1335 1980 dici
1362 1923 1525 1979 nobis
1556 1931 1738 1993 potest
1771 1939 1787 1977 :

191 2019 403 2075 Juravit
436 2020 720 2087 Dominus,
740 2020 895 2090 quasi
913 2018 1199 2086 Dominus,
1232 2034 1394 2090 quem
1415 2018 1605 2089 jurare
1627 2031 1789 2072 nemo

192 2112 540 2181 prohibebat.
569 2112 738 2168 Nobis
768 2112 927 2183 quasi
956 2112 1129 2168 servis
1172 2127 1281 2168 non
1317 2111 1487 2177 licet,
1540 2111 1633 2183 qui
1679 2110 1788 2166 Do-

192 2206 322 2261 mini
346 2205 522 2261 nostri
546 2206 667 2276 lege
691 2206 881 2277 jurare
908 2214 1180 2263 velamur.

266 2298 467 2353 Verum
498 2296 645 2353 nein
689 2298 809 2367 ejus
852 2297 1107 2368 exemplo
1148 2296 1465 2353 scandalum
1496 2296 1787 2367 patiamur,

198 2406 265 2447 ex
295 2406 403 2461 quo
436 2401 685 2459 tempore
733 2405 832 2445 nos
855 2390 1041 2461 jurare
1081 2389 1279 2459 noluit,
1305 2405 1405 2446 nec
1429 2388 1786 2460 ipsejuravit.

196 2484 269 2540 Et
294 2484 527 2556 qualiter
553 2484 934 2555 dejuramenti
984 2500 1145 2541 causa
1198 2486 1354 2542 brevi
1406 2500 1657 2541 sermone
1704 2499 1791 2540 sa-

199 2578 469 2634 tisfactum
498 2586 583 2634 est
616 2597 628 2632 :
664 2579 737 2633 ita
756 2580 919 2635 etiam
946 2578 1012 2635 ad
1034 2579 1288 2635 vindicta:
1315 2580 1597 2650 negotium
1644 2578 1790 2635 hunc

197 2671 446 2728 eumdem
506 2686 749 2737 sensum,
787 2671 947 2728 facile
993 2671 1263 2743 prospicis
1306 2686 1468 2741 posse
1498 2670 1787 2736 sufficere;

196 2764 318 2836 quia
342 2763 488 2819 aliud
511 2773 597 2820 est
625 2780 768 2820 nunc
796 2773 1010 2834 tempus
1037 2764 1260 2832 Gratiae,
1296 2763 1349 2819 in
1380 2779 1488 2835 quo
1510 2762 1790 2834 plenitudo

194 2862 551 2932 perfectionis
581 2861 831 2928 advenit,
854 2860 999 2916 aliud
1042 2860 1140 2915 fuit
1161 2860 1345 2932 Legis,
1372 2858 1517 2914 aliud
1547 2858 1790 2928 Prophe-

194 2965 394 3019 tarum,
427 2954 645 3010 dicente
672 2954 902 3008 Domino
929 2971 943 3009 :
970 2954 1206 3007 Audistis
1234 2993 1250 3017 ,
1312 2952 1437 3023 quia
1489 2953 1687 3005 dictum
1716 2960 1791 3006 est

193 3050 443 3120 antiquis,
475 3066 538 3103 ne
562 3049 853 3103 occiderent
879 3047 1096 3119 (Matth.
1124 3048 1270 3117 xui).
1305 3048 1418 3117 Ego
1440 3056 1623 3102 autem
1668 3062 1794 3117 per-

1894 1842 2090 1911 gaudet
2116 1842 2242 1911 ﬁde,
2258 1852 2312 1898 et
2342 1844 2771 1913 gubernaculum
2796 1844 2962 1901 habet
2984 1846 3485 1917 Deum,conscien-

1894 1934 2048 2000 tiam,
2080 1950 2282 2005 genus,
2316 1943 2371 1989 et
2410 1936 2889 2005 propinquitatem.
2945 1938 3077 1994 Inde
3128 1940 3349 2009 gloriosi
3401 1949 3487 1995 te-

1892 2035 2005 2083 stes
2026 2028 2507 2095 efliciuntur,dum
2537 2029 2643 2083 (ide
2698 2029 2884 2098 pleni,
2943 2029 3071 2083 dum
3128 2030 3225 2085 Dei
3292 2031 3487 2088 timore

1894 2121 2135 2188 solliciti,
2168 2120 2299 2175 dum
2332 2120 2691 2176 continentiae
2720 2120 3014 2191 discipuli,
3039 2121 3170 2177 dum
3220 2120 3314 2178 filii
3345 2124 3487 2192 spei,

1893 2216 2031 2273 duce
2054 2216 2334 2287 patientia,
2359 2215 2730 2284 reperiuntur.
2755 2215 2963 2270 Deinde
2987 2215 3302 2270 cohaeredes
3327 2213 3489 2270 Chri-

1892 2310 1983 2378 sti,
2016 2308 2146 2364 dum
2181 2308 2337 2364 illum
2392 2323 2563 2379 usque
2592 2308 2660 2365 ad
2689 2318 2921 2365 mortem
2944 2309 3220 2381 patientiae
3267 2310 3487 2366 virtuti-

1893 2404 1997 2460 bus
2018 2403 2322 2459 imitantur.

1967 2496 2121 2553 Unde
2147 2504 2201 2551 tu
2232 2496 2701 2568 passusinjuriam
2729 2505 2943 2564 taceas,
2992 2498 3132 2552 iram
3190 2497 3349 2553 vince
3399 2512 3492 2567 pa-

1894 2591 2109 2648 tientia.
2141 2590 2370 2647 Sanctus
2396 2590 2539 2646 enim
2564 2606 2719 2645 amor
2738 2590 3137 2660 impatientiam
3167 2606 3275 2645 non
3306 2591 3491 2645 habet.

1893 2684 2253 2741 Mansuetudo
2278 2700 2510 2756 namque
2539 2684 2684 2739 nulla
2706 2686 2959 2755 passione
2981 2684 3253 2751 turbatur,
3284 2691 3340 2739 et
3366 2698 3495 2753 spe—

1893 2780 2104 2836 cialiter
2134 2780 2211 2835 ira
2239 2788 2294 2835 et
2321 2778 2506 2834 furore
2536 2794 2641 2834 non
2672 2779 2965 2848 rumpitur.
3009 2778 3181 2845 Quam
3229 2778 3321 2847 qui
3382 2776 3486 2829 ha-

1894 2872 2093 2939 buerit,
2127 2872 2515 2928 beatitudinem
2536 2879 2901 2941 consequetur
2947 2884 3081 2926 voce
3115 2868 3327 2925 Domini
3360 2883 3491 2938 pro-

1895 2966 2140 3033 missam,
2173 2974 2233 3019 ut
2262 2975 2463 3019 terram
2506 2964 2813 3034 possideat,
2860 2963 2913 3019 id
2959 2972 3083 3029 est.
3147 2963 3381 3033 imperet
3437 2972 3493 3017 et

1895 3059 2207 3115 dominetur
2232 3059 2446 3128 corpori
2478 3073 2599 3113 suo.
2632 3057 2786 3114 Nulla
2812 3057 2959 3113 enim
2989 3072 3078 3111 res
3109 3057 3182 3110 ita
3234 3056 3488 3123 inebriat,

188 3143 421 3200 feeliora
455 3143 730 3214 praccipio.
755 3158 876 3212 quae
899 3142 952 3197 in
977 3140 1170 3196 ordine
1211 3141 1491 3210 Evangelii
1536 3140 1788 3211 digesta.
1820 3141 1866 3206 C
1896 3160 1955 3206 ut
1975 3150 2140 3205 animi
2165 3150 2519 3220 perturbatio.
2542 3151 2637 3204 Est
2666 3150 2885 3205 tristitia
2920 3164 3043 3218 qua:
3074 3148 3225 3202 ducit
3254 3147 3322 3201 ad
3344 3163 3491 3201 mor-

192 3253 294 3294 suo
318 3238 443 3293 loco
475 3238 645 3294 lector
675 3236 937 3292 inveniet.
977 3236 1059 3290 Ex
1093 3250 1203 3306 quo
1241 3234 1382 3289 enim
1429 3234 1600 3289 Filius
1653 3235 1786 3303 Dei,

190 3332 343 3386 filius
376 3332 612 3387 hominis
640 3331 813 3387 factus
844 3339 929 3385 est
966 3345 1071 3384 :ex
1113 3343 1220 3400 quo
1254 3337 1412 3385 vetus
1466 3328 1790 3384 fermentum

188 3423 432 3479 Judaicae
466 3423 772 3479 traditionis
802 3432 888 3477 est
913 3421 1112 3477 factum
1138 3436 1277 3476 nova
1307 3422 1627 3492 conspersio
1655 3462 1670 3487 ,
1721 3436 1789 3477 ex

189 3531 301 3588 quo
324 3531 497 3587 agnus
528 3532 634 3571 non
662 3517 715 3570 in
750 3516 947 3586 ﬁgura,
976 3515 1071 3570 sed
1101 3518 1153 3569 in
1184 3516 1413 3571 veritate
1462 3514 1787 3581 comeditur,

188 3628 261 3666 ex
289 3628 398 3682 quo
429 3610 726 3666 secundum
758 3610 1074 3679 Apostolum
1106 3618 1295 3664 vetera
1321 3608 1646 3664 transierunt
1672 3648 1687 3671 ,
1737 3616 1792 3661 et

188 3703 336 3758 facta
360 3711 491 3758 sunt
520 3702 702 3758 omnia
732 3717 891 3769 nova,
916 3717 985 3757 ex
1012 3716 1119 3772 quo
1142 3700 1354 3770 jussum
1385 3710 1467 3755 est
1496 3699 1789 3769 imaginem

187 3796 396 3852 terreni
420 3793 659 3849 hominis
684 3794 978 3863 deponere,
1012 3803 1062 3849 et
1092 3806 1369 3847 assumere
1398 3793 1625 3846 formam
1673 3805 1790 3846 cte-

188 3888 368 3955 lestis,
400 3905 472 3943 ex
500 3903 609 3959 quo
640 3887 959 3952 commortui
982 3900 1191 3951 sumus,
1222 3899 1289 3940 ex
1338 3900 1445 3953 quo
1499 3882 1790 3939 virtutibus

185 3981 639 4036 consurreximus
670 3981 721 4034 in
752 3980 989 4046 Christo,
1015 3978 1204 4048 jurare
1245 3990 1355 4031 non
1400 3976 1601 4043 discas,
1635 3989 1789 4029 men-

184 4075 277 4130 tiri
303 4073 649 4145 sacrilegium
679 4083 856 4143 putes.

259 4167 610 4222 Admonendi
650 4167 831 4237 itaque
853 4176 979 4222 sunt
1009 4181 1223 4234 onmes,
1258 4174 1315 4221 ut
1345 4163 1635 4235 diligenter
1665 4178 1789 4234 per-

179 4260 393 4330 jurium
416 4268 666 4327 caveant,
697 4276 799 4313 non
828 4259 1003 4315 solum
1030 4260 1084 4314 in
1114 4259 1296 4326 altari,
1325 4271 1420 4313 seu
1466 4263 1789 4311 sanctorum

186 4353 473 4424 reliquiis,
530 4352 626 4409 sed
685 4353 846 4407 etiam
899 4354 951 4406 in
1002 4352 1275 4407 communi
1323 4350 1560 4423 loquela.
1617 4350 1792 4405 Omne

185 4446 335 4500 enim
366 4443 517 4516 quod
542 4459 649 4500 non
673 4445 902 4500 aedificat
933 4445 1237 4513 audientes,
1289 4444 1344 4499 in
1375 4443 1678 4514 periculum
1708 4442 1791 4497 lo-

1896 3255 2005 3301 tem
2036 3260 2050 3298 :
2080 3255 2163 3300 est
2190 3244 2437 3315 quaedam
2469 3244 2549 3298 ira
2578 3258 2698 3313 qua:
2726 3244 2991 3314 justitiam
3021 3242 3117 3297 Dei
3148 3255 3257 3295 non
3296 3254 3490 3309 opera-

1895 3346 2000 3404 tur,
2033 3337 2281 3401 etfurori
2316 3335 2562 3405 proxima
2609 3335 2807 3389 mentis
2856 3349 2968 3388 sua:
3017 3334 3281 3402 impotem
3333 3330 3483 3397 facit,

1894 3431 2159 3486 intantum
2184 3438 2241 3483 ut
2264 3428 2412 3482 labia
2437 3434 2707 3492 tremant,
2738 3425 2931 3480 dentes
2985 3433 3335 3493 concrepent,
3370 3424 3491 3477 vul-

1896 3531 1980 3576 tus
2002 3536 2218 3593 quoque
2243 3518 2449 3590 pallore
2480 3526 2739 3571 mutetur.
2773 3516 2956 3571 Animi
2988 3532 3117 3570 vera
3166 3516 3355 3569 laetitia
3408 3517 3490 3569 in-

1894 3616 2107 3671 terdum
2135 3614 2354 3668 dolores
2381 3611 2631 3681 corporis
2664 3610 2897 3681 mitigat.
2938 3609 3094 3678 Quod
3124 3610 3170 3665 si
3196 3609 3265 3664 ad
3318 3625 3493 3680 aegro-

1898 3709 2154 3762 tationem
2183 3706 2427 3775 corporis
2453 3703 2677 3760 accedat
2699 3702 2966 3775 aegritudo
2999 3702 3185 3771 animi,
3242 3701 3488 3772 duplica-

1897 3810 1983 3855 tur
2011 3798 2315 3854 inlirmitas.
2344 3798 2482 3854 Dicit
2511 3813 2727 3868 quoque
2752 3798 3044 3867 Apostolus
3079 3795 3216 3851 :Sol
3256 3812 3360 3850 non
3394 3813 3485 3851 oc-

1895 3893 2034 3947 cidat
2055 3909 2210 3963 super
2232 3892 2560 3946 iracundth
2592 3900 2837 3945 vestram.

1968 3984 2107 4052 Quid
2135 3999 2358 4054 agemus
2386 3983 2436 4037 in
2468 3981 2806 4052 diejudicii,
2856 3996 3019 4052 super
3074 3997 3304 4052 quorum
3350 3982 3487 4036 iram

1896 4092 2005 4133 non
2030 4077 2188 4131 unius
2239 4075 2368 4141 diei,
2423 4074 2517 4131 sed
2566 4083 2839 4129 tantorum
2870 4090 3138 4130 annorum
3191 4076 3273 4129 sol
3334 4076 3490 4129 testis

1896 4168 2149 4224 occubuit
2170 4168 2191 4222 ?
2211 4168 2377 4239 igitur
2402 4168 2650 4223 mitescat
2679 4166 2886 4223 saevitia
2912 4208 2929 4233 ,
2981 4174 3329 4224 mansuescat
3384 4166 3489 4219 ira-

1898 4262 2117 4329 cundia,
2145 4262 2426 4317 remittant
2445 4260 2546 4317 sibi
2576 4261 2809 4317 invicem
2839 4260 3031 4331 culpas
3066 4273 3193 4315 suas
3216 4300 3232 4327 ,
3282 4272 3382 4313 nec
3421 4257 3492 4311 sit

1897 4361 2123 4410 exactor
2152 4352 2441 4421 vindictm,
2498 4354 2589 4423 qui
2621 4354 2823 4424 petitor
2875 4362 2959 4408 est
3008 4351 3210 4407 venite.
3260 4348 3495 4404 Grandis

1896 4448 2102 4504 offensa
2125 4457 2230 4512 est,
2256 4446 2405 4501 nolle
2435 4446 2651 4516 placare
2692 4444 2989 4513 offensum,
3040 4455 3368 4515 quamquam
3410 4440 3489 4493 af-

185 4539 478 4609 quentium
527 4538 776 4593 vertitur.
809 4537 1023 4595 Veritas
1071 4539 1289 4609 quidem
1315 4537 1493 4594 claudi
1538 4546 1591 4592 et
1635 4535 1789 4606 ligari
1817 4525 2071 4596 Dfecius
2095 4547 2151 4595 et
2189 4538 2670 4610 perturbationes,
2718 4537 2977 4608 quamdiu
3025 4534 3080 4589 in
3130 4531 3491 4588 tabernaculo

187 4640 375 4699 potest
405 4648 419 4685 :
454 4630 597 4685 vinci
627 4644 734 4685 non
762 4638 960 4700 potest,
992 4646 1114 4701 quae
1141 4639 1196 4686 et
1238 4644 1461 4686 suorum
1519 4630 1792 4699 paucitate

188 4732 453 4779 contenta
476 4732 581 4791 est,
614 4732 669 4779 et
696 4723 1041 4780 multitudine
1089 4724 1325 4779 hostium
1375 4739 1481 4778 non
1533 4731 1793 4778 terretur.

188 4814 435 4871 Possunt
460 4814 743 4882 homines,
798 4816 1041 4886 quamvis
1087 4814 1475 4885 justi,‘a|iqua
1530 4814 1792 4870 simulare

188 4924 297 4979 pro
324 4918 591 4981 tempore,
627 4910 697 4967 ob
716 4926 869 4967 suam
896 4911 1233 4981 aliorumque
1253 4911 1504 4965 salutem.
1521 4908 1781 4965 Conside-

188 5019 382 5061 remus
410 5020 542 5077 ergo
570 5005 699 5074 quid
734 5006 1039 5077 loquamur,
1092 5006 1221 5075 quia
1281 5019 1378 5074 pro
1430 5002 1578 5059 omni
1614 5003 1789 5058 verbo

185 5099 375 5155 otioso
400 5100 668 5156 reddituri
697 5116 884 5157 sumus
911 5100 1176 5156 rationem
1219 5098 1274 5151 in
1302 5098 1390 5152 die
1415 5096 1629 5167 judieii.
1660 5096 1797 5152 Ver-

186 5191 326 5246 hum
349 5192 576 5263 quidem
608 5194 841 5248 otiosum
868 5200 971 5257 est,
1003 5192 1149 5262 quod
1194 5191 1314 5247 sine
1344 5189 1576 5244 utilitate
1605 5187 1793 5244 dicen-

188 5288 266 5342 tis
291 5298 343 5343 et
356 5287 627 5343 audientis
641 5287 933 5356 profertur.
953 5286 1359 5357 Stulliloquium
1381 5293 1565 5338 autem
1580 5282 1792 5338 aestimo

185 5394 307 5434 non
338 5379 557 5435 illorum
591 5387 822 5444 tantum,
850 5380 941 5449 qui
968 5379 1147 5449 aliqua
1174 5376 1352 5447 turpia
1373 5386 1619 5443 narrant,
1648 5374 1793 5429 unde

187 5471 309 5544 [ΑΙ.
342 5471 422 5544 ιιι]
451 5472 625 5528 risum
658 5478 933 5537 moveant,
965 5480 1021 5526 et
1051 5470 1297 5526 fatuitate
1322 5468 1596 5533 simulata,
1628 5467 1800 5537 magis

186 5564 430 5620 illudant
464 5565 596 5631 illis,
639 5562 841 5633 quibus
868 5563 1081 5633 placere
1109 5559 1456 5628 desiderant,
1488 5558 1586 5615 sed
1632 5558 1798 5613 etiam

190 5656 418 5713 illorum
448 5658 542 5731 qui
578 5640 877 5728 prudentes
905 5654 1093 5710 saeculi
1116 5662 1391 5723 putantur,
1439 5660 1495 5709 et
1543 5650 1611 5707 de
1641 5650 1807 5706 rebus

190 5748 447 5829 physicis
470 5752 846 5824 disputantes,
873 5748 1070 5807 dicunt
1095 5763 1154 5807 se
1178 5763 1374 5811 arenas
1404 5747 1672 5817 littorum,
1690 5752 1811 5818 gut-

1900 4635 2058 4705 hujus
2086 4634 2331 4703 corporis
2361 4632 2699 4696 habitamus,
2735 4640 2790 4685 et
2813 4627 2988 4698 fragili
3032 4639 3198 4681 carne
3251 4624 3490 4677 circum-

1900 4728 2116 4794 damur,
2140 4727 2411 4783 moderari
2442 4734 2497 4780 et
2521 4738 2712 4793 regere
2737 4734 3048 4792 possumus,
3080 4727 3363 4788 amputare
3384 4732 3491 4772 non

1900 4836 2209 4893 possumus.
2242 4819 2368 4874 Ideo
2400 4817 2685 4872 Psalmista
2715 4815 2848 4869 dicit
2885 4811 3218 4867 :lrascimini
3256 4820 3304 4863 et
3333 4809 3490 4864 nolite

1901 4928 2111 4985 peccare
2131 4910 2357 4984 (Psalm.
2386 4910 2488 4978 tv).
2509 4909 2641 4976 Quia
2666 4906 2830 4961 irasci
2855 4904 3088 4959 hominis
3109 4911 3215 4970 est,
3246 4914 3299 4959 et
3328 4904 3491 4960 ﬁnem

1902 5007 2000 5062 irae
2025 5018 2250 5076 ponere,
2283 5001 2599 5058 Christiani.
2636 4999 2788 5055 Unde
2836 4997 3053 5068 quidam
3100 4996 3364 5068 (Archilas
3413 4999 3485 5052 ad

1901 5100 2155 5169 villicum)
2187 5096 2262 5151 ait
2304 5114 2317 5150 :
2363 5094 2483 5149 Jam
2533 5105 2585 5149 te
2636 5092 2953 5148 verberibus
2999 5105 3339 5161 enecassem,
3386 5094 3494 5147 nisi

1902 5194 2071 5249 iratus
2118 5204 2314 5245 essem.
2339 5187 2469 5241 Inde
2490 5185 2637 5241 enim
2657 5183 2789 5255 justi
2814 5183 3065 5239 dicuntur
3088 5224 3103 5252 ,
3132 5184 3260 5240 dum
3312 5183 3496 5239 omnia

1903 5301 2069 5357 opera
2100 5283 2366 5351 patienter
2395 5288 2713 5351 operantur.

1990 5377 2156 5434 Multo
2182 5388 2399 5446 quoque
2439 5374 2634 5428 melius
2677 5379 2763 5427 est
2805 5370 3151 5427 stomachum
3194 5379 3247 5425 te
3285 5369 3508 5433 dolere,

1919 5488 2077 5543 quam
2123 5478 2402 5534 mentem;
2432 5481 2620 5537 gressu
2663 5465 2957 5530 vacillare,
3010 5478 3174 5533 quam
3219 5459 3503 5531 pudicitia.

1912 5565 2031 5621 Nec
2059 5564 2242 5620 statim
2271 5562 2430 5618 nobis
2471 5560 2809 5630 ptenitentim
2847 5556 3092 5615 remedia
3130 5555 3509 5619 blandiantur;

1921 5673 2038 5728 qua:
2065 5665 2192 5711 sunt
2222 5653 2525 5709 infelicium
2554 5653 2815 5709 remedia.
2851 5648 3163 5707 Cavendum
3195 5658 3277 5705 est
3310 5647 3507 5702 vulnus

1918 5750 2062 5823 quod
2083 5748 2272 5807 dolore
2297 5755 2546 5819 curatur;
2588 5762 2691 5807 nec
2717 5746 2862 5806 scire
2884 5757 3177 5821 possumus
3204 5740 3511 5818 aegrotatio-
