4012 6190
582 304 689 363 871

1628 291 1687 348 S.
1726 285 2118 346 HIERONYMI
2157 282 2446 345 OPERUM
2485 281 2855 342 MANTISSA.

3776 279 3872 337 572

586 422 674 477 nis
706 420 872 489 mala,
907 416 1012 473 nisi
1037 428 1158 470 eum
1187 410 1351 467 fuerit
1376 411 1580 466 sanitas
1605 410 1920 477 subsecuta,
1943 417 1999 464 et
2014 420 2185 478 quan-
2210 406 2267 469 Α
2290 419 2517 474 regnum
2561 402 2849 459 caelorum.
2880 400 3031 457 Beati
3073 400 3198 455 estis
3236 415 3355 454 cum
3402 414 3488 454 ros
3530 398 3873 456 malediaerint

587 526 706 571 tum
737 513 865 569 boni
894 512 1064 565 virtus
1088 507 1307 572 habeat,
1336 506 1468 560 vilia
1501 505 1878 559 demonstrant
1904 521 1918 558 :
1957 501 2189 558 clarius-

588 622 694 677 que
726 607 785 659 ﬁt
809 606 990 658 lumen
1018 599 1433 669 comparatione
1464 597 1833 653 tenebrarum.
1863 595 1971 652 Sed
2001 593 2183 650 consi-

586 699 843 754 deremus
873 694 999 766 quid
1029 691 1239 747 ethicus
1270 691 1359 745 ille
1390 690 1637 760 psalmus
1665 694 1824 744 sonet.
1851 707 1863 740 :
1893 684 2075 741 Justus
2105 702 2178 752 es,

583 790 827 851 Domine,
876 796 923 842 et
949 795 1147 839 rectum
1182 783 1449 856 judicium
1488 791 1635 835 tuum
1666 781 1688 854 (
1720 780 1923 834 Psalm.
1952 790 2115 835 cxvttl

582 884 698 937 lloc
730 879 858 953 [ΑΙ.
885 876 1099 948 Hodie]
1130 890 1236 929 non
1270 882 1446 943 potest
1466 875 1677 941 dicere,
1710 873 1816 927 nisi
1847 873 1965 939 ille,
1996 872 2088 942 qui
2115 870 2184 925 ad

582 973 839 1029 universa
868 986 988 1041 qua:
1014 968 1236 1041 patitur,
1281 966 1587 1037 magnilicat
1636 965 1954 1029 Dominum,
1995 974 2050 1019 et
2080 978 2183 1019 suo

583 1066 779 1121 merito
801 1065 1100 1135 imputans,
1135 1062 1189 1116 in
1218 1061 1461 1116 adversis
1498 1060 1565 1116 de
1592 1060 1712 1129 ejus
1750 1060 2040 1114 clementia
2069 1060 2185 1129 glo-

575 1162 770 1217 riatur.
799 1160 1038 1215 Necesse
1069 1167 1152 1213 est
1180 1156 1347 1223 enim,
1382 1164 1441 1208 ut
1471 1155 1563 1225 qui
1602 1168 1661 1209 se
1692 1154 1918 1210 credere
1957 1153 2089 1207 dicit
2130 1154 2182 1209 in

580 1251 818 1318 Christo,
852 1252 906 1306 in
928 1250 1181 1306 omnibus
1206 1246 1409 1302 Christi
1429 1245 1649 1315 judiciis
1673 1245 1927 1316 gaudeat,
1955 1246 2180 1303 dicens:

579 1345 759 1402 Sanus
790 1360 936 1409 sum,
959 1345 1163 1414 gratias
1190 1340 1371 1397 refero
1403 1338 1675 1395 Creatori.
1713 1339 1990 1408 Langueo,
2031 1347 2087 1393 et
2126 1338 2181 1393 in

578 1440 687 1495 hoc
717 1438 878 1494 laudo
922 1437 1138 1493 Domini
1182 1437 1539 1492 voluntatem.
1588 1436 1811 1502 Quando
1852 1419 1990 1488 enim
2031 1434 2184 1504 inﬁr-

581 1548 730 1598 mor,
766 1540 888 1584 tunc
920 1530 1110 1601 fortior
1144 1546 1258 1583 sum
1288 1528 1357 1599 (II
1383 1527 1501 1584 Cor.
1534 1526 1633 1596 xu)
1655 1544 1668 1591 ;
1694 1527 1933 1582 etvirtus
1958 1527 2181 1596 spiritus

578 1624 639 1678 in
679 1624 858 1679 carnis
890 1622 1211 1677 infirmitate
1253 1620 1550 1691 perﬁcitur.
1584 1618 1722 1673 Nam
1755 1618 2015 1673 fortitudo
2060 1633 2182 1673 cor-

580 1717 750 1786 poris,
797 1716 1147 1772 imbecillitas
1176 1716 1371 1769 anima:
1412 1723 1516 1769 est.
1562 1712 1774 1768 Patitur
1801 1721 1855 1767 et
1886 1712 2180 1782 Apostolus

2290 498 2544 561 homines,
2574 504 2622 550 et
2655 497 2911 566 persecuti
2937 496 3158 566 fuerint,
3187 504 3235 548 et
3262 494 3487 547 dixerint
3519 508 3663 546 omne
3691 494 3871 548 malum

2288 592 2557 647 adversum
2583 607 2669 645 vos
2700 590 2956 665 :gaudete
2981 606 3102 661 ergo
3131 598 3177 642 et
3208 590 3499 653 exsultate,
3538 588 3658 655 quia
3696 605 3870 645 merces

2287 695 2455 741 vestra
2490 685 2702 757 copiosa
2732 694 2808 740 est
2844 686 2898 739 in
2929 682 3069 739 caelis
3105 681 3343 754 (Matth.
3379 680 3470 753 v).
3514 680 3734 737 Futurze
3760 684 3871 739 vitat

2287 784 2457 853 gloria
2492 782 2776 852 prcesentis
2818 781 2943 835 vita:
2966 777 3323 834 incommodis
3345 789 3711 846 comparatur.
3737 778 3868 836 Prac-

2287 877 2450 948 cipue
2478 878 2603 948 quia
2629 890 2738 931 non
2766 876 2856 947 qui
2889 874 3121 944 patitur,
3161 872 3257 926 sed
3297 872 3389 942 qui
3433 870 3562 925 facit
3609 872 3864 939 iujuriam,

2286 973 2453 1025 miser
2478 984 2584 1026 est.
2620 969 2777 1024 Unde
2821 979 2876 1024 et
2912 966 3241 1021 Christianis
3288 964 3487 1018 vexilla
3532 965 3708 1019 crucis
3753 974 3871 1020 sunt

2286 1064 2501 1119 delicias
2534 1082 2545 1116 :
2578 1063 2823 1133 trophzea
2851 1061 3053 1116 nostra:
3079 1062 3205 1113 vita:
3237 1071 3343 1111 non
3376 1057 3612 1127 pompis,
3644 1056 3736 1112 sed
3778 1059 3867 1111 tui-

2288 1156 2447 1210 scriis
2478 1165 2846 1222 reportantur.
2876 1153 2936 1207 In
2956 1161 3137 1206 nostra
3162 1150 3338 1206 classe
3365 1150 3463 1203 viri
3491 1150 3659 1204 fortes
3683 1166 3869 1219 oppro-

2286 1248 2403 1302 bria
2436 1249 2615 1302 sciunt
2638 1260 2877 1317 portare,
2931 1260 3039 1300 non
3071 1258 3318 1299 munera.
3359 1241 3496 1297 Nam
3527 1242 3724 1297 Christi
3763 1244 3868 1298 viu-

2285 1342 2407 1396 cula
2433 1341 2740 1395 voluntaria
2771 1349 2917 1405 sunt,
2950 1350 3003 1395 et
3028 1348 3322 1394 vertuntur
3349 1337 3401 1390 in
3432 1338 3731 1407 amplexus.

2355 1434 2410 1491 Si
2441 1433 2562 1502 quis
2592 1442 2774 1486 autem
2803 1446 3035 1501 corpore
3083 1429 3373 1484 imbecillis
3400 1441 3482 1483 est
3509 1448 3522 1483 :
3552 1431 3596 1483 si
3626 1430 3761 1483 absit
3788 1444 3868 1484 sa-

2283 1526 2511 1597 pientia,
2558 1542 2669 1581 non
2699 1524 3001 1581 adversarii
3043 1524 3342 1580 certamina
3377 1526 3542 1579 vincit
3583 1542 3596 1578 :
3645 1526 3867 1581 maxime

2282 1621 2543 1688 quoniam
2584 1619 2741 1673 liberi
2786 1619 2998 1674 arbitrii
3040 1634 3265 1673 sumus:
3298 1618 3391 1673 sed
3432 1620 3604 1688 ipsum
3638 1619 3729 1673 Dei
3776 1635 3866 1673 nu-

2284 1713 2443 1766 tritur
2470 1713 2692 1768 auxilio.
2726 1712 3063 1782 Paupertati,
3111 1727 3219 1766 non
3270 1713 3539 1767 nobilitati
3573 1711 3862 1768 futurorum

579 1810 783 1880 aliquid
816 1810 958 1881 quod
990 1824 1099 1864 non
1123 1810 1260 1878 vult,
1291 1823 1389 1877 pro
1418 1823 1525 1877 quo
1558 1816 1640 1861 ter
1661 1806 1953 1860 Dominum
1983 1807 2175 1877 depre-
2207 1806 2255 1868 Β
2286 1806 2565 1863 beatitudo
2594 1806 2951 1876 promittitur.
2987 1806 3238 1861 Retrahit
3285 1807 3500 1875 quidem
3547 1808 3861 1862 verecundia

578 1916 755 1969 catur,
802 1904 899 1958 sed
944 1903 1147 1957 dicitur
1176 1901 1231 1956 ei
1260 1920 1274 1955 :
1300 1902 1513 1971 Sufﬁcit
1546 1899 1636 1955 tibi
1666 1900 1839 1974 gratia
1867 1916 2021 1954 mea:
2052 1918 2178 1955 nam

578 1996 739 2051 virtus
782 1998 837 2049 in
864 1996 1168 2066 infirmitate
1194 1995 1463 2067 per/icitur
1492 2011 1512 2048 :
1540 1994 1651 2049 Cur
1682 1994 1847 2064 igitur
1886 1993 2079 2050 durum
2108 1995 2179 2051 sit

575 2090 721 2160 quod
760 2090 1051 2161 aliquando
1084 2089 1401 2160 patiendum
1425 2088 1547 2144 est?

648 2182 907 2239 Dolemus
961 2192 1142 2238 autem
1196 2198 1527 2254 quemquam
1575 2184 1892 2238 mortuum?
1944 2183 2025 2239 Ad
2071 2184 2176 2241 hoc

573 2275 719 2331 enim
742 2278 851 2332 nati
866 2291 973 2331 non
996 2285 1022 2313 ιι
1043 2291 1252 2343 sumus,
1268 2287 1325 2330 ut
1342 2290 1662 2330 maneamus
1676 2277 1887 2331 aeterni.
1904 2277 2175 2348 Lugeatur

573 2381 845 2438 mortuus,
892 2370 991 2426 sed
1022 2371 1112 2426 ille
1144 2386 1304 2441 quem
1353 2378 1588 2425 tartarus
1618 2370 1872 2435 devorat,
1918 2372 1971 2424 in
2018 2372 2175 2441 cujus

570 2482 733 2536 poena
762 2476 1001 2522 aeternus
1028 2465 1168 2535 ignis
1192 2474 1458 2520 exaestuat
1483 2483 1495 2519 :
1522 2480 1645 2518 nam
1672 2480 1820 2520 mors
1842 2474 2024 2520 nostra
2051 2481 2175 2535 pec-

572 2569 755 2614 catum
777 2569 879 2614 est.
898 2557 1011 2613 Nos
1033 2573 1165 2612 vero
1186 2572 1417 2625 quorum
1441 2558 1648 2612 exitum
1672 2559 1991 2627 angelorum
2017 2560 2172 2614 turba

572 2653 887 2719 comitatur,
931 2651 1131 2720 quibus
1160 2648 1411 2704 Christus
1441 2651 1677 2705 occurrit
1703 2652 1943 2717 obviam,
1978 2667 2171 2721 grave-

572 2759 697 2798 mur
720 2744 891 2813 magis
918 2743 965 2796 si
996 2743 1049 2796 in
1083 2741 1439 2797 tabernaculo
1472 2743 1576 2796 isto
1608 2744 1799 2797 mortis
1842 2744 2170 2799 habitemus.

572 2839 845 2893 Caeterum
876 2848 1058 2891 nonne
1086 2836 1316 2902 vereris,
1348 2851 1415 2891 ne
1440 2835 1537 2890 tibi
1565 2835 1817 2892 Salvator
1840 2836 1987 2892 dicat
2022 2856 2035 2891 :
2064 2838 2174 2892 lra-

574 2930 750 2985 sccris
791 2931 918 3000 quia
950 2928 1118 2983 frater
1152 2937 1295 2995 tuus,
1346 2944 1503 2983 meus
1534 2929 1708 2983 factus
1741 2940 1824 2984 est
1852 2931 2035 2984 ﬁlius?
2077 2930 2170 2984 ln-

572 3024 812 3094 dignaris
837 3023 903 3078 de
920 3022 1131 3092 judicio
1156 3037 1297 3086 meo,
1324 3029 1379 3077 et
1406 3022 1699 3077 rebellibus
1725 3022 2002 3093 lacrymis,
2034 3023 2168 3079 facis

569 3116 821 3186 injuriam
856 3114 1192 3184 possidenti?
1215 3114 1407 3169 Cibum
1444 3113 1540 3168 tibi
1571 3128 1755 3184 negas,
1789 3129 1895 3169 non
1934 3116 2169 3185 jejunio-

2281 1908 2615 1965 senatorcm,
2666 1915 2735 1954 ne
2782 1908 3043 1969 sequatur
3087 1912 3377 1967 pauperem
3425 1898 3727 1965 Christum;
3776 1900 3861 1954 sed

2282 1993 2469 2047 audiat
2510 2009 2539 2046 a
2587 1992 2852 2048 Christo:
2896 1993 2998 2059 Qui
3040 2008 3119 2046 me
3162 1992 3425 2062 confessus
3474 1993 3635 2062 fuerit
3681 2002 3725 2046 et
3763 2008 3863 2046 mea

2282 2087 2435 2141 verba
2464 2090 2517 2141 in
2544 2090 2877 2157 generatione
2904 2087 3005 2142 hac
3026 2088 3271 2142 adultera
3302 2098 3346 2142 et
3378 2089 3663 2159 pcccatrice
3691 2099 3771 2143 :et
3800 2090 3861 2156 ﬁ-

2282 2185 2384 2239 lius
2411 2184 2637 2238 hominis
2667 2184 2993 2252 conﬁtebitur
3016 2182 3126 2256 [Αἰ.
3160 2181 3497 2256 confundet]
3525 2198 3641 2236 eum
3682 2182 3735 2236 in
3762 2182 3860 2253 glo-

2278 2278 2359 2332 ria
2382 2277 2556 2332 Patris
2585 2280 2690 2342 sui,
2712 2294 2827 2331 cum
2849 2275 3048 2350 angelis
3076 2277 3265 2331 sanctis
3289 2276 3505 2348 (Matth.
3527 2276 3667 2345 vui).
3697 2276 3863 2345 Turpe

2279 2379 2363 2426 est
2413 2371 2555 2425 inter
2588 2380 2843 2440 parentes
2873 2379 3154 2424 senatores
3186 2384 3285 2439 pro
3314 2369 3531 2424 Christo
3568 2370 3863 2423 voluntaria

2279 2466 2584 2520 humilitate
2612 2480 2738 2521 esse
2785 2465 3079 2534 dejectum.
3128 2464 3387 2533 Displicet
3416 2464 3630 2527 amicis,
3672 2465 3713 2518 si
3751 2471 3863 2533 post

2277 2559 2553 2613 ambitiosi
2583 2558 2799 2613 habitus
2819 2559 3046 2618 cultum,
3083 2557 3295 2627 plebeia
3332 2566 3387 2612 et
3419 2558 3684 2625 ignobilia
3711 2555 3864 2611 vesti-

2278 2666 2460 2709 menta
2486 2663 2784 2709 mutentur.
2822 2652 2931 2707 Sed
2956 2654 2999 2706 si
3028 2652 3319 2706 hominibus
3351 2651 3636 2715 placerem,
3682 2650 3861 2705 Christi

2274 2764 2451 2801 servus
2479 2764 2581 2800 non
2610 2762 2771 2801 essent
2792 2745 2991 2818 (Galat.
3028 2743 3068 2810 l,
3099 2743 3211 2815 10),
3247 2744 3413 2814 inquit
3444 2742 3746 2812 Apostolus
3776 2750 3862 2797 :et

2276 2841 2543 2911 Propheta
2571 2839 2625 2893 in
2658 2840 2864 2907 psalmo
2898 2857 2910 2891 :
2945 2838 3205 2903 Quoniam
3234 2834 3374 2890 Deus
3402 2835 3626 2905 dissipat
3649 2850 3761 2888 ossa
3781 2850 3860 2888 eo-

2273 2948 2412 2999 runt,
2450 2934 2540 3005 qui
2566 2932 2859 2985 hominibus
2890 2929 3139 2999 placent:
3174 2928 3379 2999 confusi
3420 2938 3577 2992 sunt,
3626 2926 3859 2998 quoniam

2275 3026 2415 3082 Deus
2456 3026 2651 3097 sprevit
2696 3041 2779 3079 eos
2810 3024 2828 3097 (
2854 3023 3056 3078 Psatm.
3104 3020 3242 3093 LII).
3276 3021 3553 3089 Quantum
3606 3022 3743 3074 bona
3783 3030 3861 3074 est

2275 3120 2293 3193 [
2320 3120 2405 3174 Αι.
2437 3118 2529 3190 et]
2568 3119 2799 3173 humana
2831 3117 3093 3182 olfensio,
3122 3131 3217 3185 per
3245 3130 3406 3185 quam
3448 3114 3729 3169 invenitur
3753 3128 3862 3168 ser-

569 3224 690 3264 rum
716 3207 923 3273 studio,
958 3207 1055 3262 sed
1087 3207 1317 3262 doloris.
1360 3206 1479 3261 Non
1527 3220 1651 3261 amo
1695 3206 2056 3276 fragalitatem
2087 3209 2163 3265 is-
2192 3203 2239 3266 C
2270 3212 2413 3267 vitus
2453 3211 2655 3266 Christi
2706 3228 2718 3263 :
2760 3219 2967 3263 tantum
3000 3208 3302 3278 perniciosa
3330 3214 3413 3260 est
3441 3207 3703 3271 amicitia,
3746 3220 3860 3275 qua:

572 3311 703 3357 tam.
738 3300 955 3369 Jejunia
984 3300 1091 3354 ista
1122 3299 1423 3354 adversarii
1458 3299 1568 3352 mei
1608 3307 1756 3353 sunt.
1799 3298 2009 3353 Nullam
2054 3302 2170 3356 aui-

570 3409 715 3448 mam
744 3393 971 3463 recipio,
990 3408 1136 3463 qum,
1168 3408 1256 3447 me
1278 3392 1521 3459 nolente,
1553 3401 1891 3462 separatura
1914 3409 2165 3465 corpore.

570 3486 730 3541 Tales
783 3485 947 3541 stulta
995 3484 1344 3555 philosophia
1387 3484 1586 3540 habeat
1633 3494 1923 3557 martyres,
1972 3486 2169 3545 habeat

569 3579 863 3643 Zenonem,
894 3577 1339 3647 Cleombrotum,
1382 3587 1440 3633 et
1474 3576 1761 3634 Catonem.
1805 3579 1862 3637 Si
1890 3580 2164 3639 viventem

568 3669 826 3726 crederes
873 3670 1119 3739 fratrem,
1172 3685 1471 3742 numquam
1518 3672 1802 3743 plangeres
1840 3674 1908 3728 ad
1939 3675 2165 3731 meliora

568 3763 856 3831 migrasse.
887 3762 1021 3817 Nam
1049 3763 1193 3818 sicut
1223 3774 1422 3833 praeter
1448 3762 1588 3818 hanc
1608 3763 1797 3832 vitam,
1821 3773 1909 3821 est
1936 3767 2039 3821 vita
2058 3768 2164 3823 alia

568 3855 878 3920 beatorum,
918 3853 994 3908 ita
1039 3863 1243 3924 praeter
1280 3854 1423 3912 hanc
1458 3865 1715 3924 mortem,
1762 3866 1851 3914 est
1878 3875 2027 3918 mors
2057 3862 2164 3920 alia

562 3946 879 4015 impiorum.

636 4040 940 4097 Adversum
971 4042 1166 4099 mortis
1194 4057 1322 4114 ergo
1353 4043 1606 4100 duritiam
1637 4055 1695 4103 et
1721 4049 2158 4108 crudelissimam

565 4135 971 4205 necessitatem,
1019 4137 1122 4193 hoc
1169 4138 1367 4193 solatio
1396 4140 1675 4211 erigimur,
1728 4145 1873 4213 quod
1915 4145 1968 4200 in
2010 4146 2159 4203 brevi

559 4235 729 4289 visuri
778 4248 970 4290 sumus
1015 4248 1110 4289 eos
1149 4249 1287 4304 quos
1332 4235 1579 4291 dolemus
1634 4237 1887 4295 absentes
1932 4259 1944 4294 :
1985 4256 2160 4312 neque

563 4329 711 4383 enim
739 4342 912 4393 mors,
938 4329 1032 4384 sed
1060 4328 1317 4384 dormitio
1341 4338 1395 4383 et
1421 4344 1649 4386 somnus
1687 4334 2011 4400 appellatur.
2048 4335 2157 4390 Nos

559 4421 779 4477 dolendi
825 4421 1015 4492 magis,
1051 4421 1142 4491 qui
1188 4422 1431 4492 quotidie
1473 4431 1681 4479 stamus
1736 4424 1791 4478 in
1837 4427 2044 4495 praelia,
2103 4437 2157 4483 et

558 4526 907 4585 peccatorum
934 4515 1080 4569 vitiis
1109 4516 1477 4584 sordidamur,
1508 4527 1561 4573 et
1582 4519 1879 4587 accipimus
1902 4522 2148 4578 vulnera.

2272 3306 2368 3361 Dei
2402 3315 2623 3375 prastat
2651 3303 2945 3368 offensam;
2970 3303 3109 3357 sicut
3134 3301 3395 3370 scriptum
3417 3308 3499 3355 est
3526 3317 3541 3355 :
3570 3299 3674 3366 Qui
3696 3298 3861 3353 volue-

2269 3400 2339 3451 rit
2368 3398 2563 3451 amicus
2590 3397 2705 3467 ﬁeri
2735 3398 2890 3470 hujus
2927 3395 3133 3460 mundi,
3164 3393 3403 3449 inimicus
3448 3391 3549 3447 Dei
3591 3394 3860 3447 constitue-

2272 3500 2355 3545 tur
2382 3490 2586 3561 (Jacob.
2611 3492 2707 3561 tv).

2341 3584 2496 3639 Dicat
2524 3584 2894 3656 unusquisque
2916 3582 3063 3656 quod
3087 3582 3250 3638 velit:
3286 3596 3389 3653 ego
3420 3581 3645 3637 interim
3679 3580 3747 3636 de
3778 3593 3857 3634 me

2268 3692 2368 3748 pro
2392 3692 2586 3734 sensus
2615 3678 2720 3733 mei
2751 3679 3014 3747 parvitate
3038 3675 3307 3747 judicavi,
3347 3675 3546 3730 melius
3584 3688 3706 3731 esse
3734 3689 3855 3730 cou-

2268 3770 2418 3827 fundi
2445 3786 2627 3827 coram
2656 3771 3034 3842 peccatoribus
3056 3784 3223 3840 super
3245 3780 3465 3835 terram,
3492 3783 3657 3839 quant
3678 3780 3855 3822 coram

2266 3864 2473 3935 angelis
2520 3864 2722 3920 sanctis
2771 3865 2828 3919 in
2878 3865 3039 3930 cwlo,
3090 3864 3174 3918 vel
3226 3862 3554 3931 ubicumque
3599 3858 3854 3930 judicium

2267 3975 2421 4014 suum
2447 3959 2679 4014 voluerit
2699 3959 3095 4013 demonstrare.
3118 3955 3272 4010 Unde
3292 3952 3461 4009 lsaias
3480 3954 3565 4008 vir
3583 3967 3683 4009 sua
3702 3959 3856 4022 gente

2265 4053 2661 4118 nobilissimus,
2709 4052 2800 4122 qui
2830 4065 2987 4105 socer
3021 4048 3163 4120 regis
3196 4047 3442 4102 Ezechias
3471 4046 3643 4103 fuisse
3684 4044 3854 4100 refer-

2264 4157 2373 4218 tur,
2419 4149 2575 4218 jussu
2618 4147 2733 4213 Dei,
2765 4147 3010 4216 deposito
3038 4142 3238 4213 cilicio,
3273 4142 3450 4197 nudus
3481 4140 3681 4197 ἰιιοιιάἰι
3714 4157 3725 4191 :
3758 4154 3854 4193 ncc

2265 4253 2372 4299 tam
2406 4243 2558 4297 ardui
2593 4240 2851 4312 praecepti
2876 4240 3081 4308 pudore
3100 4237 3390 4293 deterritus
3416 4246 3522 4303 est,
3548 4251 3657 4307 quo
3680 4234 3852 4288 minus

2263 4339 2357 4392 Dei
2400 4337 2685 4405 imperium
2715 4342 3033 4402 sequeretur
3059 4351 3070 4386 :
3098 4334 3220 4402 quia
3266 4331 3396 4385 nihil
3432 4330 3711 4385 honestius
3733 4344 3853 4383 esse

2262 4429 2489 4495 homini,
2520 4442 2681 4498 quam
2729 4442 2828 4481 suo
2858 4424 3089 4480 creatori
3132 4438 3323 4493 parcre
3368 4419 3663 4491 judicabat.
3694 4420 3853 4474 Joan-

2263 4537 2357 4578 nes
2388 4535 2603 4591 quoque
2632 4519 2872 4589 Baptista
2906 4517 3103 4572 nobilis
3129 4526 3183 4571 et
3212 4516 3264 4569 in
3294 4529 3461 4569 carne
3487 4524 3541 4568 et
3575 4513 3629 4567 in
3660 4512 3851 4582 spiritu

560 4609 718 4665 Absit
749 4619 927 4663 tamen
954 4622 984 4661 a
1017 4606 1122 4661 ﬁde
1152 4616 1336 4663 nostra
1366 4618 1423 4662 ut
1450 4608 1684 4680 aliquam
1722 4610 1930 4681 plagam
1973 4608 2149 4672 dicam
2181 4596 2236 4658 Ῑ)
2262 4623 2440 4680 natus,
2471 4612 2709 4668 cilicium
2754 4626 2783 4665 a
2816 4610 3045 4681 pueritia
3076 4609 3130 4663 in
3170 4608 3409 4663 habitum
3440 4606 3640 4677 elegit,
3673 4614 3728 4661 et
3778 4605 3853 4659 lo-

559 4718 702 4771 esse,
736 4718 857 4771 (tua:
879 4716 987 4757 non
1016 4700 1210 4757 habeat
1236 4702 1687 4770 consolationem,
1720 4720 1841 4759 cum
1877 4707 2150 4776 Propheta

558 4797 859 4866 proclamet
902 4813 913 4847 :
960 4794 1234 4864 Numquid
1283 4794 1517 4848 medicus
1571 4813 1673 4850 non
1724 4808 1799 4851 est
1847 4801 1900 4853 in
1946 4798 2153 4857 Calaad

558 4889 575 4953 (
606 4886 800 4941 Jerem.
846 4901 941 4940 vni
965 4884 1023 4957 )‘I
1055 4887 1199 4940 Deus
1229 4887 1372 4940 enim
1402 4888 1647 4956 permisit
1686 4898 1736 4944 te
1768 4891 1921 4946 istius
1965 4894 2152 4950 sreculi

558 4978 816 5031 ﬂuctibus
844 4979 1124 5047 ventisque
1151 4977 1363 5046 jactari,
1401 4988 1459 5033 ut
1495 4991 1751 5049 expertus
1783 4983 2145 5055 naufragium,

554 5067 623 5122 de
655 5077 852 5121 cmtero
876 5068 895 5139 ί
921 5069 1004 5121 At.
1038 5069 1287 5142 αξιοι-[ιο]
1320 5071 1574 5126 similiter
1606 5074 1898 5141 periclitari
1930 5091 2147 5135 caveas.

551 5161 631 5215 Ita
659 5169 853 5214 cuncta
906 5176 1026 5230 quat
1058 5176 1254 5231 passus
1299 5179 1381 5228 es,
1437 5165 1580 5218 sicut
1625 5165 1880 5237 intelligis
1920 5169 2147 5227 vulnera

549 5255 800 5327 carparis
834 5255 909 5309 tui
942 5274 953 5307 2
985 5254 1063 5309 sic
1094 5256 1286 5310 animm
1315 5258 1552 5312 remedia
1594 5270 1744 5313 sunt.
1780 5260 1969 5318 Brevis
1998 5263 2144 5321 enim

549 5348 672 5403 vita:
702 5346 940 5417 spatium
964 5356 1166 5403 aeterna
1200 5350 1459 5403 memoria
1491 5361 1828 5422 compensat.

1125 5438 1352 5495 CAPUT
1396 5442 1559 5497 XXII.

688 5535 769 5589 De
799 5534 1219 5590 tribulationibus
1249 5545 1299 5590 et
1329 5539 1622 5610 opprobriis
1652 5541 1996 5613 perferendis.

615 5626 841 5697 Oportet
880 5645 981 5685 nos
1029 5644 1126 5697 per
1166 5631 1366 5687 multas
1408 5633 1789 5692 tribulatioues
1831 5638 2059 5695 introire
2089 5642 2143 5697 in

2260 4719 2440 4764 custas
2482 4707 2534 4759 in
2575 4705 2757 4759 cibum
2784 4720 2798 4756 :
2824 4704 2929 4773 _qui
2974 4716 3074 4758 nec
3110 4700 3314 4772 peccati
3342 4700 3703 4766 conscientia,
3756 4712 3853 4752 nec

2259 4799 2595 4871 paupertatis
2622 4796 2824 4865 inopia,
2848 4795 2914 4849 ad
2944 4794 3105 4864 hujus
3123 4794 3352 4863 gloriam
3374 4794 3581 4857 oneris,
3612 4791 3709 4846 sed
3736 4790 3851 4844 sola

2256 4894 2425 4949 futuri
2470 4890 2653 4945 saeculi
2694 4887 3030 4944 beatitudine
3062 4886 3397 4942 trahebatur.
3442 4884 3601 4939 Unde
3631 4895 3688 4938 et
3718 4895 3849 4952 apo-

2256 4987 2381 5045 stoli
2412 4986 2581 5052 stulti,
2614 4992 2665 5039 et
2698 4984 2914 5038 inutiles
2940 4991 2994 5036 et
3023 4982 3200 5037 tennis
3234 4980 3353 5035 lidei
3381 4988 3704 5051 arguuntur.

2329 5082 2459 5137 lude
2490 5079 2716 5135 Paulum
2764 5076 3065 5146 apostolum
3113 5078 3406 5146 proteram,
3447 5088 3605 5144 quem
3634 5070 3851 5141 quoties

2258 5181 2404 5250 lego,
2438 5176 2629 5230 videor
2661 5173 2789 5228 mihi
2821 5187 2927 5225 non
2959 5173 3124 5225 verba
3173 5171 3391 5235 audire,
3440 5166 3530 5221 sed
3580 5167 3845 5219 tonitrua.

2252 5272 2354 5340 Qui
2380 5269 2541 5324 oculo
2566 5267 2766 5321 mentis
2793 5264 2968 5320 futura
2997 5262 3396 5331 contemplans,
3430 5258 3648 5315 dicebat
3675 5277 3688 5312 :
3718 5258 3849 5325 Quis

2252 5381 2345 5419 nos
2378 5362 2639 5431 separabit
2676 5377 2707 5412 α
2738 5359 2993 5413 charitate
3022 5354 3214 5411 Christi
3240 5370 3259 5409 :
3290 5353 3581 5417 tribulatio,
3635 5368 3707 5404 att
3754 5366 3849 5403 an-

2250 5455 2438 5530 gustia,
2473 5469 2541 5506 an
2572 5453 2873 5521 persecutio,
2906 5467 2975 5504 an
3001 5455 3182 5520 fames,
3224 5464 3291 5500 an
3316 5447 3551 5510 nuditas,
3596 5462 3667 5498 an
3710 5444 3848 5517 peri-

2250 5548 2449 5613 culum,
2482 5563 2548 5600 an
2571 5547 2775 5617 gladius
2802 5547 2981 5617 (nam.
3016 5543 3178 5614 vin)?
3206 5543 3331 5596 Illos
3356 5539 3596 5610 pericula
3628 5555 3737 5593 non
3762 5554 3847 5593 se-

2249 5649 2464 5711 parant,
2517 5652 2617 5693 nos
2665 5652 2794 5693 vero
2825 5637 3149 5708 voluptates.
3204 5633 3284 5688 llli
3337 5641 3558 5687 catenas
3600 5631 3847 5700 bajulant

622 5741 1205 5828 :‘anrteaatlirmantis
1235 5757 1399 5802 sensu
1419 5787 1435 5815 ,
1469 5748 1578 5804 nati
1606 5765 1805 5807 sumus.
1839 5752 2008 5811 Paulo
2030 5752 2256 5815 inferius
2286 5753 2621 5828 pericopam,
2650 5750 2794 5809 Nam
2820 5768 2960 5809 mors
2991 5761 3170 5808 nostra
3192 5755 3460 5821 peccatum
3482 5756 3590 5811 est.
3623 5746 3844 5806 Rubeus

543 5811 930 5878 praetermittit.
