4012 6190
186 285 300 340 575

192 403 512 458 innocentes

192 494 271 548 Illi
305 495 357 548 in
410 495 720 550 carceribus
759 495 944 560 vincti,
1001 511 1099 549 nos
1150 496 1200 549 in
1250 495 1499 551 tricliniis
1556 495 1796 550 delicati.

196 585 275 640 Illi
302 585 352 639 in
390 603 559 642 nervo
589 588 770 656 positi,
805 588 970 642 Deum
1005 603 1141 657 puro
1181 588 1348 643 corde
1379 597 1434 643 et
1463 589 1678 643 sincera
1709 604 1801 643 co-

195 679 458 749 gitatione
505 679 787 735 laudantes
829 699 841 733 :
878 695 976 736 nos
1023 680 1161 735 forte
1201 681 1256 733 in
1301 681 1418 750 ipsa
1458 680 1701 735 Ecclesia
1733 680 1801 735 de

199 771 506 826 forensibus
558 773 845 826 calumniis
895 775 1219 843 cogitamus.
1272 771 1338 827 Et
1378 789 1500 828 cum
1548 773 1801 828 omnibus

199 864 482 934 aequaliter
509 864 641 935 legis
673 865 794 919 data
827 866 897 919 sit
923 867 1117 935 gratia,
1149 866 1414 936 gehenna,
1449 880 1545 920 seu
1588 873 1612 901 δ
1637 880 1800 935 regna

192 957 464 1024 promissa
495 958 627 1025 sint,
659 957 750 1011 alii
780 958 846 1012 de
875 957 1099 1024 divitiis,
1142 957 1232 1011 alii
1272 957 1340 1013 de
1369 957 1660 1012 virtutibus
1689 973 1801 1013 mc-

192 1049 461 1106 ditantur.
502 1051 747 1122 Cumque
785 1051 990 1106 dictum
1029 1056 1100 1108 sit
1140 1053 1469 1122 generaliter
1497 1053 1750 1106 omnibus
1783 1069 1796 1106 :

193 1140 488 1196 Dominum
537 1143 702 1198 Deum
749 1153 892 1198 tuum
921 1144 1183 1208 adorabis,
1223 1155 1270 1198 et
1309 1143 1393 1197 illi
1420 1143 1519 1198 soli
1561 1145 1750 1198 servies
1779 1161 1798 1198 :

192 1235 322 1289 aliis
358 1237 697 1303 innocentia,
726 1237 1118 1303 misericordia,
1144 1238 1415 1300 castitate,
1435 1235 1658 1307 jejuniis
1687 1237 1797 1292 Dco

193 1326 433 1382 ﬁdeliter
462 1336 516 1382 et
546 1330 664 1382 sine
696 1328 802 1382 line
842 1327 1230 1390 servientibus,
1263 1343 1361 1381 nos
1394 1328 1549 1381 nobis
1580 1327 1794 1382 adulte-

193 1433 286 1471 ros
305 1417 574 1489 eligimus,
601 1419 795 1488 quibus
815 1419 1020 1473 servire
1041 1420 1311 1473 volumus.
1336 1419 1617 1489 Siquidem
1642 1421 1796 1490 juxta

196 1511 473 1580 Evangelii
497 1512 820 1565 sententiam
854 1530 865 1564 :
901 1509 1081 1565 Omnis
1110 1512 1194 1581 qui
1224 1513 1349 1584 facit
1376 1522 1661 1581 peccatum,
1687 1529 1796 1566 ser-

193 1618 283 1654 t‘us
314 1614 384 1655 est
416 1603 611 1673 peccati
636 1604 652 1672 (
678 1600 835 1655 Joan.
869 1617 960 1655 vn
1054 1601 1261 1657 Revera
1311 1604 1354 1657 si
1383 1611 1593 1656 amator
1635 1620 1797 1673 pecu-

191 1696 300 1746 nim
324 1712 468 1761 Sttlll,
499 1695 544 1748 si
587 1695 796 1763 gloriae,
832 1694 877 1748 si
919 1696 1209 1764 superbiae,
1241 1695 1286 1750 si
1318 1694 1653 1759 ambitionis,
1704 1705 1799 1750 aut

761 281 1047 342 REGULA
1084 281 1569 342 MONACIIORUM
1612 285 1707 341 EX
1746 282 2055 342 SCRIPTIS
2096 286 2484 346 IIIERONY‘MI
2523 289 2906 354 COLLECTA.

565 421 579 458 :
626 417 722 458 nos
779 419 968 458 aurum
1011 403 1446 459 circmnferimus
1488 405 1794 460 criminosi.
1825 407 1875 466 Α
1905 405 2019 476 ipse
2052 413 2294 462 tentatus
2323 408 2412 463 sit.
2448 407 2514 463 Et
2544 408 2612 464 de
2643 409 2916 464 Abraham
2940 409 3223 481 Scriptura
3250 421 3508 482 testetur,

3403 299 3512 358 574

1903 499 2048 570 quod
2079 499 2224 555 Deus
2252 502 2537 557 tentaverit
2563 519 2685 558 eum
2711 502 2868 572 (Gen.
2902 505 3060 576 xm).
3087 505 3256 573 Quam
3287 508 3355 562 ob
3377 524 3509 560 cau-

1903 605 2019 646 sam
2048 590 2343 663 Apostolus
2386 595 2666 665 loquitur:
2711 595 3006 651 Gaudentes
3049 597 3103 652 in
3146 599 3508 667 tribulatione,

1904 695 1953 739 et
1980 687 2201 741 scientes
2231 693 2370 756 quod
2412 689 2684 743 tribulatio
2726 690 3034 762 patientiam
3077 703 3324 759 operatur
3351 709 3371 747 :
3411 709 3510 762 pit-

1906 779 2089 832 tientia
2119 781 2483 850 probationem
2507 799 2525 835 :
2555 780 2794 853 probatio
2831 799 2974 853 spent
3004 799 3023 837 :
3054 799 3176 852 spes
3203 795 3373 838 autem
3404 801 3509 839 non

1904 872 2205 940 confundit.
2241 872 2510 945 Scriptum
2535 884 2608 927 est
2635 877 2785 930 etiam
2809 890 2829 928 :
2854 875 2988 940 Quia
3019 886 3232 946 propter
3255 887 3301 930 te
3331 879 3512 930 morti-

1902 963 2122 1031 ﬁcamur
2144 975 2252 1018 tota
2279 966 2400 1021 die:
2428 976 2476 1020 et
2507 968 2751 1021 (estimati
2787 985 2963 1023 sumus
3000 979 3056 1023 ut
3087 986 3202 1024 oves
3235 970 3516 1023 occisionis

1902 1051 1922 1122 (
1949 1054 2102 1108 It’om.
2134 1055 2210 1126 ν).
2239 1057 2346 1112 Sed
2367 1073 2560 1127 magna
2583 1059 2819 1114 miseriae
2837 1061 3142 1115 consolatio
3160 1070 3264 1122 est.
3291 1060 3516 1130 quando

1901 1146 1955 1200 in
1989 1149 2276 1204 tormentis
2306 1151 2429 1220 quis
2461 1152 2699 1220 positus,
2723 1153 2826 1208 scit
2853 1167 3118 1224 prospera
3140 1162 3420 1209 secutura.

2465 1285 2698 1344 CAPUT
2735 1287 2929 1343 XXIII.

1998 1381 2081 1437 De
2109 1382 2292 1438 timore
2320 1383 2491 1438 ultimi
2509 1385 2726 1457 judicii,
2759 1393 2808 1440 et
2838 1387 3038 1457 defectu
3069 1387 3230 1458 hujus
3262 1389 3398 1444 vitae.

1971 1519 2102 1574 inde
2149 1521 2282 1576 satis
2335 1523 2520 1586 lintea,
2579 1537 2648 1575 ne
2700 1522 2750 1575 in
2801 1521 2895 1576 illa
2948 1521 3323 1576 tribulationis
3373 1522 3500 1588 die,

1899 1613 2118 1681 quando
2149 1622 2275 1668 ante
2318 1614 2553 1668 tribunal
2595 1612 2798 1669 Christi
2853 1615 3152 1684 unicuique
3201 1614 3502 1668 secundum

1899 1721 1997 1758 sua
2032 1706 2170 1760 facta
2209 1707 2544 1762 reddendum
2578 1717 2660 1762 est
2692 1724 2705 1760 :
2741 1707 2824 1760 his
2853 1707 2945 1776 qui
2979 1708 3031 1760 in
3068 1708 3304 1761 terrenis
3333 1707 3507 1777 magis

192 1801 405 1855 pompa:
433 1805 444 1839 :
476 1786 602 1839 dum
635 1786 714 1840 illi
755 1800 916 1840 omne
945 1787 1182 1840 studium
1217 1801 1351 1840 mea:
1383 1787 1670 1840 voluntatis
1699 1788 1796 1840 im-
1826 1798 1874 1859 Β
1907 1798 2161 1866 negotiis,
2191 1813 2352 1865 quam
2387 1800 2439 1851 in
2469 1799 2788 1853 cmtesubus
2818 1797 3156 1861 laborarunt,
3196 1797 3329 1866 justi
3360 1798 3508 1865 μιαί-

193 1881 398 1949 pendo,
449 1882 680 1935 Domino
723 1883 932 1936 servire
978 1897 1085 1934 non
1120 1893 1364 1951 poSSltm.
1411 1879 1545 1948 Quia
1585 1881 1797 1936 duobus

190 1974 439 2030 doininis
483 1976 755 2029 neminem
788 1976 997 2029 servire
1035 1989 1194 2044 posse
1224 1974 1484 2044 scriptum
1525 1984 1626 2030 est.
1672 1974 1798 2029 Non

189 2067 318 2120 estis
347 2068 521 2133 vestri,
547 2067 1013 2136 dicitApostolus:
1038 2066 1209 2135 Empti
1233 2068 1352 2121 estis
1377 2069 1541 2137 pretio
1567 2085 1754 2139 magno
1779 2085 1798 2122 :

187 2160 484 2231 gloriﬁcale
502 2169 547 2213 et
566 2172 768 2234 portate
792 2161 1022 2215 Denmin
1045 2177 1260 2229 corpore
1284 2170 1446 2214 vestro
1477 2160 1519 2232 (Ι
1546 2161 1669 2215 Cor.
1698 2160 1794 2234 vt).

267 2252 591 2306 Clementer
621 2231 859 2316 Si'iritus
907 2265 1127 2307 sanctus
1154 2254 1278 2322 jure
1319 2262 1506 2308 nostro
1537 2270 1638 2309 nos
1667 2270 1800 2310 eon-

193 2346 348 2399 vcnit
375 2363 386 2396 :
411 2347 592 2399 sciens
619 2345 720 2398 hoc
753 2351 803 2398 in
835 2361 930 2399 usu
969 2345 1180 2414 publico
1215 2346 1353 2415 apud
1383 2362 1572 2400 omnes
1624 2347 1801 2401 homi-

192 2452 292 2490 nes
323 2436 610 2500 CUstodirt,
646 2443 703 2489 ut
733 2443 884 2490 tanto
915 2452 1104 2491 servus
1135 2437 1187 2491 in
1217 2453 1384 2508 opere
1406 2438 1620 2492 Domini
1653 2449 1800 2495 esset

191 2530 423 2598 cautior,
455 2537 658 2597 quanto
691 2530 886 2598 majori
932 2532 1106 2598 pretio
1138 2541 1284 2585 esset
1324 2541 1668 2602 comparatus
1697 2551 1709 2586 :
1743 2542 1802 2588 ut

195 2623 563 2690 intelligamus
593 2639 751 2693 quam
781 2625 985 2677 strenui
1011 2641 1135 2678 esse
1165 2625 1397 2679 debeant
1430 2627 1480 2679 in
1512 2643 1673 2696 opere
1695 2628 1800 2681 Do-

192 2715 350 2779 mini,
385 2716 476 2785 qui
507 2717 769 2785 redempti
800 2726 925 2770 sunt
955 2719 1218 2786 sanguine
1245 2719 1444 2772 Clu-isti
1475 2738 1488 2772 :
1522 2720 1604 2774 vel
1632 2737 1796 2792 quam

191 2809 470 2862 critninosi
504 2811 737 2863 debeant
766 2811 1024 2880 judicari,
1049 2812 1139 2880 qui
1165 2829 1284 2866 cum
1303 2813 1474 2866 sciant
1501 2831 1596 2880 pro
1623 2817 1798 2886 pretio

194 2918 308 2957 sua!
335 2905 522 2958 salutis
548 2904 750 2959 Christi
790 2905 1106 2976 sanguinem
1135 2922 1256 2962 esse
1284 2908 1490 2973 datum,
1526 2908 1680 2962 alteri
1708 2912 1798 2978 qui

193 2997 334 3052 nihil
379 2998 654 3066 przcstitit,
710 3000 880 3069 magis
929 3000 1211 3069 pra-beant
1261 3004 1598 3057 servitutem.
1650 3003 1799 3073 Rogo

195 3105 306 3158 quo
339 3090 546 3159 pudore
578 3091 822 3158 obsequii
855 3104 948 3145 aut
984 3093 1188 3148 laboris
1219 3095 1300 3148 sui
1333 3096 1640 3150 mercedem
1669 3112 1796 3166 spe-
1856 3120 1862 3126 ·

1901 1889 1970 1942 cii
2005 1889 2364 1956 reSponsione
2395 1889 2607 1943 dicatur
2634 1906 2648 1942 :
2679 1888 2755 1942 [te
2786 1890 2828 1942 si
2863 1889 3093 1956 potestis
3123 1907 3136 1941 :
3175 1897 3230 1942 et
3268 1890 3376 1943 illic
3417 1879 3507 1944 ubi

1903 1989 2014 2035 tota
2045 1981 2340 2034 deVotionc
2385 1981 2675 2046 servistis,
2720 1957 3027 2034 mercedbm
3082 1981 3306 2050 exigite.
3353 1981 3506 2036 Talis

1902 2090 2066 2128 eausa
2102 2075 2373 2143 virginum
2407 2084 2488 2128 cst
2519 2075 2572 2128 in
2605 2074 2905 2143 Evangelio
2932 2073 3170 2144 quinque
3193 2075 3504 2142 stultarum,

1903 2181 2022 2235 quae
2046 2165 2174 2218 dum
2205 2165 2573 2219 sollicitudine
2597 2165 2939 2220 saecularium
2966 2167 3266 2220 vanitatum
3297 2181 3355 2220 se
3379 2181 3511 2220 con-

1905 2268 1984 2312 tra
2037 2257 2396 2327 professionis
2448 2274 2559 2311 sine
2613 2258 2859 2312 ordinem
2913 2267 3277 2326 occuparent,
3325 2258 3505 2314 oleum

1903 2349 2046 2404 unde
2093 2365 2282 2403 verum
2337 2351 2515 2403 lumen
2558 2350 2922 2404 accenderent
2966 2365 3071 2405 non
3122 2350 3405 2416 habentes,
3451 2351 3505 2404 in

1903 2441 2142 2496 tenebris
2172 2451 2570 2495 remanserunt.
2605 2442 2745 2496 Ecce
2763 2444 2907 2495 enim
2937 2441 2982 2495 si
3009 2441 3260 2495 tunbrato
3283 2449 3507 2511 repente

1903 2534 2066 2602 caelo,
2097 2534 2225 2587 solis
2256 2534 2475 2588 claritas
2525 2534 2727 2587 nostris
2756 2534 3073 2602 aSpcctibus
3101 2534 3422 2603 deucgelur,
3452 2546 3508 2589 et

1905 2628 2182 2693 productae
2217 2626 2266 2678 in
2303 2634 2542 2678 nostram
2585 2625 2948 2679 humilitatem
2982 2625 3178 2696 pluvia:
3212 2627 3373 2680 terris
3402 2626 3503 2679 itu-

1903 2715 2183 2773 tnineant:
2218 2720 2262 2772 si
2298 2719 2607 2784 commotis,
2641 2729 2701 2772 ut
2729 2719 2991 2779 assolent,
3021 2718 3330 2782 elementis,
3362 2727 3419 2770 ut
3448 2718 3504 2772 in

1903 2824 2073 2864 rotam
2122 2812 2202 2864 sui
2259 2827 2453 2866 currus
2499 2813 2734 2865 tonitrua
2787 2811 3155 2878 concitentur,
3203 2820 3258 2864 et
3305 2809 3506 2864 dehinc

1903 2903 2173 2973 fulgurum
2210 2905 2389 2976 jacula
2423 2905 2701 2975 palpebris
2731 2905 3048 2959 terribiliter
3077 2903 3291 2974 objecta
3319 2917 3503 2959 corus-

1905 3009 2028 3052 ccnt
2057 3018 2068 3049 τ
2100 3015 2423 3069 quamquam
2469 3009 2523 3052 et
2562 2998 2962 3053 consuetudine
3003 2999 3103 3051 ista
3148 2997 3502 3067 contingant,

1907 3108 2186 3161 pavemus.
2220 3091 2724 3157 contreiniscitnus,
2759 3103 2813 3145 et
2855 3091 3008 3161 proni
3040 3090 3108 3144 ad
3139 3097 3364 3155 terram,
3398 3087 3502 3144 de-

191 3181 341 3235 rabit
374 3197 402 3233 a
433 3183 597 3247 caelo,
627 3182 780 3250 Cujus
804 3182 967 3237 fuerit
996 3184 1314 3238 sollicitudo
1341 3187 1516 3239 omnis
1538 3187 1590 3241 in
1622 3189 1798 3242 terra?
1825 3181 1872 3246 C
1909 3183 2080 3253 pmila
2111 3185 2384 3252 Superbia.
2418 3185 2661 3238 emices
2688 3183 3083 3237 Stlbmillillms-

195 3273 571 3328 Mercenarius
603 3275 788 3328 saeculi
825 3291 928 3328 non
962 3285 1138 3344 potest
1165 3277 1411 3347 accipere
1431 3277 1628 3333 Christi
1661 3296 1800 3334 mer-

193 3368 411 3422 cedem.
441 3367 632 3422 Omnis
664 3369 820 3424 miles
842 3370 893 3422 iu
924 3370 1263 3440 castrisjure
1294 3381 1474 3438 Sperat
1499 3370 1619 3445 [ΑΙ.
1645 3387 1800 3440 Spec-

194 3461 317 3534 tat]
349 3478 622 3517 annonam
653 3504 668 3527 ,
722 3463 810 3533 qui
845 3464 1057 3518 fortiter
1108 3465 1159 3518 in
1214 3465 1401 3534 prmlio
1452 3482 1552 3536 pro
1596 3467 1801 3522 civibus

197 3556 553 3612 Iaboraverit.
592 3555 660 3610 Et
685 3557 879 3628 dignus
909 3567 993 3612 est
1020 3559 1236 3627 quidem
1267 3562 1635 3615 mercenarius
1661 3578 1804 3616 mer-

195 3649 336 3704 cede
383 3665 500 3703 sua.
557 3648 726 3707 Nemo
771 3661 940 3705 tamen
991 3650 1220 3707 militans
1266 3652 1412 3717 Deo.
1463 3655 1695 3725 implicat
1753 3673 1807 3710 se

200 3743 427 3813 negotiis
472 3743 828 3807 swcularibus,
883 3753 940 3798 ut
989 3746 1190 3817 placeat
1244 3747 1292 3800 ei
1341 3747 1426 3801 cui
1472 3763 1525 3802 se
1573 3748 1808 3819 probavit

202 3837 250 3907 (1
282 3836 476 3891 Timot.
506 3853 544 3892 ιι
574 3837 618 3909 ),
653 3848 734 3892 cst
763 3837 1005 3904 Apostoli
1038 3855 1160 3893 Vox.

280 3929 673 3998 Amplectendo
706 3939 790 3983 est
818 3931 982 3999 igitur
1013 3930 1253 3998 tristitia,
1289 3947 1408 4002 qua:
1430 3932 1685 4002 gaudium
1715 3948 1811 4004 pa-

203 4020 279 4075 rit
311 4037 325 4073 :
361 4035 464 4075 nec
487 4021 607 4090 ejus
636 4021 1032 4077 consideranda
1068 4025 1294 4078 materia
1332 4043 1343 4077 :
1379 4027 1504 4095 quia
1543 4042 1688 4097 sccpe
1717 4044 1811 4097 per

202 4113 558 4167 dulcedinem
601 4113 804 4168 fructus
831 4115 1066 4183 placent,
1115 4131 1348 4185 quorum
1396 4133 1636 4172 amarum
1687 4119 1814 4172 hor-

203 4205 320 4261 ruit
358 4206 412 4261 in
454 4207 668 4271 radice;
713 4216 771 4262 et
806 4209 895 4278 qui
937 4209 1240 4263 litterarum
1284 4211 1567 4265 scientiam
1611 4211 1814 4268 habere

207 4298 518 4364 desiderat,
555 4299 599 4352 si
635 4300 878 4354 discendi
912 4315 1017 4354 non
1051 4304 1355 4370 susceperit
1392 4304 1574 4368 tzedia,
1610 4305 1814 4370 peritia:

208 4390 410 4460 gaudia
447 4390 669 4459 adipisci
704 4407 810 4445 non
847 4393 1046 4460 poterit
1069 4410 1094 4470 ⁴ε
1131 4409 1232 4448 nec
1268 4394 1586 4464 cujusquam
1635 4396 1817 4450 erudi-

214 4484 384 4538 tionis
414 4485 703 4553 quiSqnam
745 4484 944 4540 habere
972 4485 1206 4541 sufﬁciet
1247 4487 1498 4559 gloriam,
1549 4491 1648 4544 nisi
1682 4489 1810 4562 [Αἰ.

1973 3280 2110 3345 Quid
2137 3279 2396 3332 faciemus
2421 3279 2470 3330 in
2504 3277 2595 3331 illa
2627 3276 2716 3331 die
2745 3278 2953 3342 miseri,
2979 3253 3230 3346 quando,
3260 3271 3508 3327 revoluto

1901 3373 2062 3435 ccelo,
2095 3385 2216 3424 cum
2242 3368 2501 3439 angelicis
2526 3367 2818 3421 virtutibus
2847 3366 3036 3434 igneus
3067 3363 3329 3418 Dominus
3362 3370 3509 3417 tutus

1902 3461 2184 3516 adveniet?
2215 3460 2466 3527 Quando,
2501 3456 2821 3512 cadentibus
2849 3456 3082 3523 desuper
3119 3455 3316 3519 stellis,
3351 3455 3430 3509 sol
3456 3454 3508 3507 in

1906 3554 2186 3616 tenebras,
2221 3551 2353 3605 etin
2383 3548 2702 3617 sanguinem
2748 3549 2869 3600 luna
2900 3544 3234 3600 mutabitur?
3280 3544 3510 3615 Quando

1908 3657 2120 3701 montes
2150 3646 2289 3699 sicut
2323 3658 2447 3697 cera
2478 3640 2815 3712 liquescent?
2843 3641 3071 3708 Quando
3096 3651 3242 3696 terra
3273 3640 3508 3708 ardebit,

1909 3750 1964 3795 Cl
1985 3749 2237 3795 arescent
2267 3738 2488 3795 ﬂumina
2525 3756 2538 3791 ε
2568 3750 2621 3794 et
2645 3742 2812 3793 maria
2839 3738 3188 3792 siccabuntur
3208 3747 3394 3793 contra
3425 3753 3510 3792 ['8-

1912 3851 2032 3891 t‘llln
2063 3845 2306 3888 naturam
2340 3850 2354 3886 :
2387 3833 2662 3903 insumpta
2686 3831 2952 3886 divinitus
2986 3833 3235 3897 humore,
3281 3831 3507 3885 aridita-

1915 3938 2023 3983 tem
2073 3927 2126 3983 in
2177 3925 2331 3998 aquis
2379 3927 2519 3998 ignis
2561 3925 2912 3995 operabitur?
2940 3923 3168 3991 Quando
3199 3932 3514 3994 peccatores

1914 4023 2096 4078 dicent
2128 4021 2422 4088 montibus,
2448 4018 2630 4074 Cadite
2649 4035 2802 4090 super
2825 4035 2958 4072 nos:
2988 4028 3034 4074 et
3065 4019 3306 4086 collibus,
3337 4017 3518 4088 Trgite

1916 4133 2011 4170 nos
2035 4119 2058 4170 ?
2095 4115 2324 4184 Quando
2354 4115 2624 4169 vocabunt
2662 4114 2910 4168 homines
2937 4124 3167 4168 mortem
3191 4153 3209 4181 ,
3241 4121 3297 4166 et
3326 4121 3517 4165 vocata

1919 4228 2026 4266 non
2057 4210 2280 4266 veniet?
2329 4209 2555 4276 Quando
2583 4210 2897 4265 discrimina
2941 4218 3222 4264 vertentur
3253 4206 3304 4260 in
3351 4215 3470 4258 vota
3499 4247 3516 4271 ,

1919 4313 1972 4357 et
2020 4303 2160 4372 quod
2213 4317 2430 4371 semrer
2473 4303 2709 4358 oderunt
2758 4302 3042 4368 homines,
3092 4296 3520 4366 concupiscent?

1921 4395 2147 4463 Quando
2194 4396 2325 4449 illud
2359 4396 2674 4466 implebitur
2703 4405 2953 4462 tempus,
2996 4391 3139 4461 quod
3173 4387 3388 4459 lugubri
3429 4388 3520 4443 Je-

1923 4488 2124 4542 remias
2156 4487 2285 4542 dicit
2316 4486 2543 4555 atiectu,
2579 4486 2766 4542 dicens
2796 4504 2808 4538 :
2853 4485 3074 4556 Respexi
3116 4485 3168 4535 in
3201 4492 3424 4546 terram,
3474 4490 3520 4534 ct

213 4578 340 4632 add.
376 4578 586 4650 animi]
619 4587 783 4634 cestus
833 4578 994 4633 fuerit
1042 4591 1171 4636 ante
1217 4597 1525 4652 perpessus.
1575 4582 1817 4651 Cumque
1847 4573 1902 4634 D
1927 4599 2038 4638 ecce
2061 4599 2164 4636 non
2191 4592 2334 4635 erant
2363 4581 2691 4635 luminaria:
2742 4579 2867 4632 Vidi
2896 4588 3112 4642 montes,
3148 4585 3193 4631 et
3223 4591 3336 4628 ecce
3379 4583 3524 4627 erant

217 4689 318 4728 nos
345 4673 444 4728 Dei
477 4673 684 4727 auxilio
712 4673 1028 4740 destitutos,
1059 4674 1229 4730 hostis
1254 4675 1539 4744 invaserit,
1573 4678 1819 4732 duxerit-

221 4781 326 4833 que
357 4766 627 4836 captivos,
658 4781 765 4820 non
793 4765 1151 4835 desperemus
1181 4767 1408 4823 salutem
1443 4784 1455 4821 :
1491 4769 1584 4823 sed
1619 4770 1814 4826 iterum

225 4873 505 4912 armetnnr
534 4858 600 4911 ad
644 4858 912 4928 prazlium.
942 4859 1120 4912 Potest
1151 4859 1264 4913 ﬁeri
1309 4869 1365 4914 ut
1389 4861 1696 4926 vincamus,
1731 4863 1818 4918 ubi

223 4950 352 5002 victi
405 4949 609 5003 fuimus
644 4969 656 5002 :
691 4961 743 5003 et
792 4952 843 5004 in
873 4951 1062 5005 eodem
1110 4951 1230 5004 loco
1260 4952 1678 5020 triumpbemus,
1729 4955 1821 5007 ubi

230 5043 430 5097 fuimus
461 5044 755 5113 aliquando
781 5044 998 5110 captivi.
1041 5043 1171 5097 Nam
1198 5044 1240 5095 si
1265 5044 1419 5110 juvat
1443 5044 1702 5099 Dominus
1728 5046 1828 5099 titi-

231 5151 406 5204 seros,
461 5136 725 5189 habemus
773 5137 1024 5190 salutem.
1089 5136 1148 5191 Si
1200 5134 1433 5205 despicit
1488 5146 1825 5206 peccatores,

231 5226 496 5281 habemus
528 5229 860 5296 sepulcrum.

304 5320 469 5374 Multo
494 5324 719 5391 gravior
744 5327 1057 5390 exSpectata
1101 5334 1282 5388 mors,
1329 5335 1488 5389 quant
1538 5320 1708 5376 illata.
1753 5321 1831 5376 Ad

235 5412 340 5466 hoc.
370 5415 513 5468 enim
549 5415 888 5480 laboremus,
927 5421 981 5466 et
1024 5414 1077 5467 in
1119 5414 1305 5468 srrculi
1339 5414 1710 5483 periclitemur
1737 5416 1838 5468 mi-

233 5505 371 5572 litia,
404 5517 459 5562 ut
483 5508 536 5560 in
579 5507 764 5561 futuro
786 5506 989 5560 sarculo
1017 5522 1342 5561 coronemur
1365 5505 1580 5580 (Matth.
1606 5511 1686 5577 v).
1729 5506 1841 5561 Nec

236 5599 434 5655 mirum
482 5599 588 5655 hoc
635 5597 704 5653 de
755 5598 1064 5654 hominibus
1105 5598 1363 5667 credere,
1413 5615 1536 5654 cum
1582 5598 1844 5656 Dominus

241 5847 248 5853 _
324 5789 351 5820 ι
379 5779 609 5839 Lectum
642 5786 804 5838 antea
832 5779 1000 5850 male,
1023 5795 1114 5837 seu
1135 5779 1316 5854 regula
1344 5781 1616 5854 promissa,
1648 5789 1752 5840 etc.

1930 4686 2216 4740 trementes,
2251 4685 2298 4729 ct
2331 4676 2600 4729 universos
2631 4675 2790 4727 colles
2822 4670 3019 4724 turbari
3049 4668 3289 4724 :intcndi
3319 4683 3486 4720 aerem
3508 4712 3521 4736 ,

1930 4779 1976 4823 et
2013 4785 2128 4823 ecce
2165 4786 2268 4822 non
2298 4777 2405 4821 erat
2453 4768 2604 4818 homo
2635 4781 2652 4818 :
2699 4775 2745 4818 et
2794 4779 2966 4815 omnes
3009 4762 3240 4814 volucres
3273 4761 3385 4812 caeli
3429 4777 3526 4831 pa-

1932 4865 2132 4916 rebant.
2177 4860 2332 4927 Vidi,
2377 4869 2424 4913 et
2468 4875 2583 4912 ecce
2621 4855 2890 4910 Carmelus
2936 4854 3212 4907 desertus:
3256 4862 3302 4905 et
3351 4868 3527 4906 omnes

1934 4954 2157 5006 civitates
2194 4967 2450 5003 sttcccnsm
2475 4950 2586 5020 igni
2614 4966 2643 4999 a
2673 4949 2808 5016 [acie
2842 4946 3056 5000 Domini
3080 4988 3094 5010 ,
3126 4954 3173 4999 et
3219 4962 3248 4996 a
3282 4945 3412 5016 facie
3442 4945 3534 4998 ira!

1937 5042 2312 5112 indignationis
2336 5045 2471 5113 ejus,
2495 5051 2544 5093 et
2576 5040 2882 5092 interierunt
2917 5040 3152 5094 universa
3185 5039 3398 5113 (Jcrem.
3432 5042 3528 5108 ιγ).

2014 5138 2208 5190 Verum
2236 5150 2302 5188 ne
2334 5151 2395 5187 ex
2425 5133 2773 5202 suggestione
2797 5132 2998 5186 diaboli
3025 5133 3138 5189 haec
3163 5136 3228 5189 ad
3263 5147 3532 5191 terrorem

1940 5230 2102 5295 dicta,
2139 5225 2340 5279 nonad
2361 5226 2646 5278 veritatem
2675 5223 2989 5290 credantur,
3023 5225 3090 5279 de
3119 5228 3413 5295 prtitterilis
3444 5224 3534 5278 fu-

1940 5329 2056 5374 tura
2090 5313 2648 5386 probantur:qnando
2674 5313 2797 5366 talia
2826 5313 2877 5366 in
2907 5314 3135 5385 diluvio,
3170 5319 3224 5370 in
3257 5316 3533 5382 Sodomis,

1945 5412 1998 5466 in
2032 5411 2296 5481 1E3ypto,
2331 5409 2383 5462 in
2413 5405 2802 5477 Jerosolymis,
2854 5421 2998 5475 saepe
3029 5409 3098 5462 ob
3125 5409 3326 5463 delicta
3359 5407 3536 5462 homi-

1949 5521 2077 5560 num
2105 5506 2241 5556 l'acta
2275 5499 2605 5556 referuntur.
2641 5499 2746 5554 Sed
2773 5499 2952 5553 veniet
2979 5498 3066 5552 illa
3093 5499 3242 5566 dies,
3276 5513 3379 5568 qua
3418 5514 3542 5553 cor-

1951 5595 2227 5667 ruptivum
2257 5593 2360 5649 hoc
2395 5602 2451 5648 et
2493 5591 2758 5662 mortale,
2808 5590 3235 5660 incorruptivum
3268 5589 3452 5648 induet
3489 5597 3546 5646 et
