4012 6190
505 183 614 244 575

510 408 637 450 cum
674 393 895 465 populis
929 412 940 447 :
981 400 1035 447 et
1068 399 1130 445 tu
1163 389 1445 461 gaudebis.
1483 388 1798 445 Judicaturo
1839 388 2105 456 Domino,

511 487 749 559 lugubre
775 486 1010 541 mundus
1040 482 1323 553 immugiet
1352 500 1365 535 :
1401 482 1575 537 tribus
1608 480 1676 535 ad
1710 481 1884 537 tribus
1914 480 2113 536 ferient

510 588 755 651 pectora.
788 574 1164 632 Potentissimi
1205 573 1478 645 quondam
1505 588 1660 643 reges
1698 573 1845 627 nudo
1887 580 2112 642 pectore

510 668 882 741 palpitabunt.
908 665 1275 722 Exhibebitur
1297 672 1425 719 tunc
1445 680 1569 720 cum
1601 664 1755 732 prole
1780 680 1877 720 sua
1901 664 2108 720 Venus.

509 760 665 817 Tunc
692 759 895 829 ignitus
922 756 1137 829 Jupiter
1164 756 1468 813 adducetur
1495 774 1508 810 :
1540 765 1595 813 et
1627 771 1751 812 cum
1775 756 1889 813 suis
1914 756 2113 813 stultus

511 852 667 909 Plato
696 851 982 922 discipulis
1014 868 1028 905 :
1068 850 1355 907 Aristoteli
1402 860 1723 923 argumenta
1762 866 1871 907 non
1916 850 2115 922 prode-

508 954 661 1002 runt.
694 943 868 1012 Tunc,
892 943 1203 999 rusticanus
1223 951 1279 999 et
1302 958 1529 1014 pauper,
1556 942 1858 999 exsultabis
1889 954 1944 999 et
1970 942 2117 998 ride-

507 1035 625 1101 his,
674 1044 730 1092 et
770 1034 920 1091 dices
961 1051 978 1091 :
1022 1035 1163 1091 Ecce
1207 1035 1502 1091 cruciﬁxus
1544 1035 1694 1091 Deus
1742 1050 1900 1091 meus
1938 1053 1952 1090 :
1989 1050 2118 1091 ecce

507 1130 709 1201 judex,
741 1130 834 1202 qui
873 1129 1148 1186 involutus
1198 1128 1393 1200 pannis
1424 1129 1478 1183 in
1511 1128 1777 1199 prtesepio
1801 1127 1988 1199 vagiit.
2023 1128 2120 1183 llic

510 1233 599 1281 est
618 1223 713 1280 ille
744 1224 985 1297 operarii
1012 1231 1069 1279 et
1095 1222 1447 1296 qumstuarize
1477 1222 1620 1277 ﬁlius
1647 1239 1661 1276 :
1688 1220 1776 1277 hic
1805 1222 1899 1292 qui
1926 1220 2118 1276 matris

513 1328 760 1393 gestatus
785 1320 930 1388 sinu,
962 1319 1241 1375 hominem
1268 1319 1415 1374 Deus
1433 1317 1571 1390 fugit
1607 1317 1664 1373 in
1680 1317 1975 1389 .IEgyptum
1997 1335 2010 1372 :
2031 1316 2121 1373 hic

513 1426 600 1473 est
644 1416 876 1473 vestitus
915 1417 1187 1473 coccino:
1239 1415 1327 1471 hic
1356 1414 1449 1486 qui
1500 1414 1748 1471 sentibus
1792 1422 2118 1470 coronatus.

514 1510 693 1568 Cerne
722 1524 938 1576 manus,
967 1509 1179 1577 Iudaee,
1207 1524 1345 1581 quas
1366 1508 1601 1575 ﬁxeras;
1633 1524 1797 1565 cerne
1822 1509 1985 1576 latus,
2014 1508 2123 1563 Ilo-

516 1618 703 1672 mane,
733 1602 881 1674 quod
902 1601 1143 1659 foderas.
1168 1602 1366 1659 Videte
1386 1617 1588 1674 corpus
1609 1617 1680 1657 an
1703 1601 1846 1657 idem
1874 1602 1946 1657 sit
1972 1600 2119 1673 quod

518 1695 791 1753 dicebatis
813 1695 952 1751 clam
978 1703 1137 1751 nocte
1163 1694 1358 1751 tulisse
1374 1694 1698 1765 discipulos.

592 1790 639 1845 O
685 1798 823 1861 quot
870 1789 1109 1861 virgines
1160 1796 1215 1845 et
1240 1799 1568 1859 quantorum
1597 1797 1625 1826 α
1672 1787 1933 1844 infamata
1964 1787 2125 1858 pudi-

518 1882 649 1940 citia
678 1896 707 1936 a
739 1882 855 1938 Deo
876 1881 1059 1952 judice
1081 1881 1469 1938 coronabiturl
1502 1880 1548 1936 Ο
1573 1881 1794 1952 quantis
1826 1880 1882 1936 in
1913 1882 2004 1937 illa
2033 1882 2123 1938 die

518 1977 854 2048 expedisset,
884 1976 932 2031 si
962 1975 1338 2031 membrorum
1372 1988 1536 2031 sensu
1559 1984 1616 2031 et
1637 1974 1908 2031 viscerum
1931 1974 2124 2046 vigore

518 2072 575 2127 in
616 2069 719 2125 hac
759 2068 871 2125 vita
919 2067 1265 2123 caruissent!
1314 2078 1369 2123 et
1406 2067 1594 2138 quanti
1622 2066 1739 2123 illic
1774 2066 2024 2138 elingues
2069 2075 2126 2123 et

518 2163 655 2220 muti
684 2160 961 2218 feliciores
987 2161 1312 2232 loquacibus
1345 2170 1507 2217 erunt
1534 2160 1549 2215 l
1581 2168 1638 2216 et
1665 2159 1855 2232 quanti
1879 2169 2126 2231 pastores

519 2255 906 2330 philosophis:
933 2254 1127 2327 quanti
1156 2254 1350 2311 rustici
1383 2254 1718 2321 oratoribus,
1743 2264 1796 2310 et
1817 2253 1999 2325 quanti
2032 2254 2128 2310 he-

519 2353 674 2409 betes
694 2352 1030 2423 argumentis
1060 2349 1169 2423 [Αι.
1199 2347 1445 2421 argutiis]
1466 2348 1793 2419 prtefcrendi
1816 2358 1943 2403 sunt
1964 2348 2125 2404 Cice-

518 2449 702 2505 ronis!
732 2447 809 2503 lbi
837 2447 983 2503 enim
1011 2462 1136 2502 cum
1163 2454 1289 2501 ante
1307 2444 1539 2501 tribunal
1560 2443 1765 2499 Christi
1790 2444 2123 2511 venerimus,

522 2543 765 2612 scimus,
809 2555 912 2597 nec
957 2539 1097 2607 Job,
1143 2553 1245 2595 nec
1291 2536 1573 2593 Danielem
1599 2578 1614 2604 ,
1657 2552 1759 2593 nec
1786 2536 1902 2593 Noe
1932 2551 2129 2609 rogare

518 2650 689 2707 posse
736 2649 835 2706 pro
884 2646 1164 2704 quoquam
1210 2649 1225 2688 :
1268 2630 1365 2688 sed
1412 2644 1856 2702 unumquemque
1907 2640 2129 2701 portare

524 2744 667 2787 onus
711 2743 895 2785 suum.

600 2822 789 2893 igitur,
812 2821 929 2877 sive
957 2820 1127 2891 leges,
1156 2818 1276 2877 sive
1304 2819 1578 2885 dormies,
1606 2818 1722 2874 sive
1753 2816 1985 2883 scribes,
2014 2815 2130 2873 sive

525 2912 804 2986 vigilabis,
828 2914 995 2969 Amos
1016 2913 1111 2968 tibi
1130 2926 1346 2983 semper
1366 2911 1596 2967 buccina
1622 2911 1675 2965 in
1697 2911 1920 2966 auribus
1946 2919 2128 2965 sonet.

528 3005 602 3062 Et
622 3004 852 3078 apostoli
878 3006 975 3077 qui
1002 3005 1147 3062 hunc
1172 3005 1510 3061 horrendum
1536 3004 1681 3060 diem
1712 3004 1895 3073 impiis
1916 3012 1971 3060 et
1993 3019 2127 3075 pec-

526 3098 809 3156 caloribus
857 3098 1161 3169 prtevidere
1212 3108 1577 3166 meruerunt,

524 3204 775 3251 mortuos
800 3197 1131 3250 suscitantes
1164 3209 1179 3247 :
1212 3201 1270 3249 et
1294 3206 1395 3248 nos
1416 3206 1581 3263 super
1604 3206 1796 3247 omnes
1824 3190 2125 3262 erigimur:

526 3286 618 3357 qui
660 3285 939 3358 peccando
967 3284 1217 3357 quotidie
1252 3284 1621 3355 nosmetipsos
1663 3283 1986 3353 occidimus,
2016 3300 2127 3342 non

523 3379 883 3450 respicientes
911 3378 1154 3436 ﬂebilem
1189 3378 1577 3449 infirmamque
1607 3386 1859 3433 naturam
1878 3419 1893 3445 ,
1920 3392 2043 3448 quae
2074 3378 2128 3434 in

527 3472 774 3529 adversis
802 3472 978 3538 fortis,
1030 3480 1086 3527 et
1125 3485 1228 3527 nec
1269 3470 1326 3527 in
1374 3472 1654 3541 prosperis
1700 3469 1995 3540 aliquando
2034 3484 2127 3525 se-

527 3579 682 3621 cura.
716 3564 777 3621 Si
806 3562 953 3619 enim
996 3562 1355 3634 intemperate
1384 3563 1541 3617 cibus
1578 3569 1865 3632 sumptus,
1897 3569 1992 3616 aut
2021 3562 2127 3616 im-

523 3657 809 3715 moderate
847 3667 1009 3727 potus
1038 3664 1295 3727 acceptus
1316 3698 1330 3720 ,
1371 3656 1549 3711 levem
1578 3654 1802 3726 corpori
1830 3653 2128 3711 febriciun-

526 3750 707 3807 cuiam
764 3748 1125 3805 concitaverit
1187 3764 1203 3802 :
1252 3747 1542 3818 dejicimus
1626 3748 1910 3815 animam,
1986 3746 2129 3802 afﬂi-

533 3844 737 3916 gimur,
787 3843 1149 3913 suspiramus.
1198 3841 1353 3898 Nulla
1409 3856 1541 3898 cura
1583 3850 1713 3897 tunc
1755 3841 1938 3897 saeculi
1990 3851 2119 3911 est,

539 3937 694 3993 nulla
750 3936 1048 4003 villarum,
1112 3950 1273 3992 nemo
1330 3933 1399 3991 de
1477 3933 1803 4004 patrimonio
1881 3934 2128 4005 cogitat,

528 4046 695 4088 nemo
749 4030 820 4086 de
890 4028 1030 4085 foro.
1088 4027 1292 4085 Omnes
1340 4026 1671 4093 calumniae,
1732 4026 1914 4082 omnia
1975 4025 2126 4080 lucra

527 4125 586 4181 in
640 4122 885 4195 periculo
932 4122 1179 4192 corporis
1231 4122 1666 4192 conquiescunt,
1735 4120 1974 4174 curritur
2050 4118 2119 4174 ad

529 4216 774 4273 medicos
813 4232 828 4274 :
870 4224 926 4272 et
982 4229 1083 4287 pro
1129 4214 1372 4270 remedio
1446 4212 1654 4269 carnali
1728 4212 2125 4281 promittuntur

524 4324 753 4366 munera
776 4352 791 4378 ,
823 4323 1018 4363 aurum
1047 4317 1103 4363 ct
1136 4316 1455 4379 argentum,
1523 4304 1797 4361 interdum
1852 4314 1908 4361 et
1965 4320 2123 4359 man-

523 4404 663 4474 cipia
724 4403 1070 4459 traduntur:
1114 4410 1169 4459 et
1241 4418 1380 4471 pene
1454 4409 1630 4456 totum
1692 4401 2121 4471 patrimonium,

1550 180 1610 239 S.
1652 178 2037 239 HIERONYMI
2074 178 2363 242 OPERUM
2402 179 2772 240 MANTISSA.

503 299 999 359 immortalitatem.
1028 297 1183 355 Tunc
1216 297 1285 354 ad
1312 310 1500 355 vocem
1534 296 1675 351 tubae
1703 297 1929 367 pavebit
1961 305 2109 351 terra
2135 295 2193 358 Α
2218 306 2429 353 natura:
2473 297 2697 368 respicit
2746 296 3118 353 conditionem
3172 314 3184 351 :

2147 1680 2197 1742 B

3720 180 3835 242 376

3246 312 3406 354 nemo
3452 300 3832 370 considerat,

2216 407 2376 447 nemo
2407 392 2731 458 retractat,‘
2755 406 2892 446 vana
2939 406 3063 447 esse
3103 393 3287 445 omnia
3322 408 3443 463 quae
3484 393 3675 464 aliquo
3721 396 3834 452 fine

2216 483 2565 539 clauduntur.
2607 483 2889 539 Labantur
2918 484 3065 540 enim
3108 492 3357 555 tempora
3391 504 3403 539 :
3451 496 3505 541 et
3543 488 3834 556 praeterita

2217 575 2608 645 relinquentia',
2660 575 2728 630 ad
2779 576 2955 631 futura
2996 575 3281 632 festinant.
3336 577 3445 633 Sed
3476 586 3531 633 et
3562 577 3835 635 Dominus

2217 670 2311 725 scit
2339 670 2672 742 cogitationes
2700 668 2992 735 hominum,
3022 671 3269 740 quoniam
3299 686 3448 725 uana:
3476 682 3623 726 sunt.
3654 671 3833 727 Cum-

2219 779 2326 835 que
2358 764 2539 818 omnia
2579 763 2946 834 cogitaverint
2972 779 3070 833 per
3112 765 3331 835 triginta
3360 779 3555 831 annos,
3591 782 3707 822 una
3750 766 3831 823 fe-

2219 858 2561 914 briciuncula
2595 858 2782 924 venit,
2814 865 2871 913 et
2908 857 3056 913 tollit
3090 872 3285 913 omnes
3319 859 3697 930 cogitationes
3735 875 3829 917 eo-

2221 968 2362 1008 rum.
2416 951 2550 1006 Nam
2597 952 2739 1007 sicut
2786 966 2946 1006 mane
2989 952 3177 1007 virens
3224 951 3393 1008 herba
3443 961 3499 1008 et
3535 951 3564 992 δ
3623 953 3832 1010 ﬂorens

2223 1044 2457 1100 delecmt
2498 1043 2688 1098 oculos
2718 1043 3235 1112 contemplantium,
3270 1043 3647 1115 paulatimque
3678 1060 3829 1100 mar-

2224 1154 2481 1204 cescens,
2524 1136 2988 1209 pulchritudinem
3030 1137 3247 1206 perdit,
3290 1147 3345 1193 et
3372 1138 3427 1193 in
3454 1137 3640 1194 fenum
3676 1139 3829 1210 quod

2224 1232 2613 1290 conterendum
2645 1241 2728 1287 est
2756 1231 2995 1287 transit:
3029 1230 3105 1286 ita
3142 1229 3358 1300 species
3392 1229 3681 1286 hominum
3710 1247 3839 1287 ver-

2224 1335 2319 1383 nat
2348 1327 2401 1382 in
2433 1324 2703 1396 parvulis,
2752 1324 2912 1380 floret
2947 1323 3003 1378 in
3045 1322 3361 1393 juvenibus,
3408 1323 3553 1394 viget
3594 1324 3656 1379 in
3702 1340 3837 1395 per-

2224 1419 2383 1475 fectae
2424 1419 2599 1474 aetatis
2628 1416 2758 1472 viris
2797 1434 2810 1469 :
2854 1424 2909 1471 et
2948 1426 3176 1486 repente
3206 1414 3333 1470 dum
3371 1416 3650 1481 senescit,
3684 1416 3840 1471 inca-

2224 1513 2398 1571 nescit
2436 1522 2602 1582 caput
2630 1552 2644 1578 ,
2694 1517 2922 1581 rugatur
2962 1509 3165 1581 facies,
3208 1510 3351 1566 cutis
3397 1510 3551 1582 prius
3601 1516 3841 1567 extensa

2224 1608 2590 1666 contrahitur.

2299 1702 2413 1759 Hoc
2460 1702 2623 1757 etiam
2678 1701 2907 1773 languor
2953 1700 3085 1758 facit
3131 1708 3186 1757 et
3233 1698 3457 1766 inedia,
3540 1705 3604 1753 ut
3655 1698 3841 1753 vultus

2229 1794 2404 1866 primo
2457 1793 2891 1863 pulcherrimus,
2942 1793 3010 1849 ad
3060 1803 3265 1849 tantam
3316 1800 3563 1847 transeat
3610 1790 3839 1847 foedita-

2232 1898 2339 1944 tem
2368 1896 2391 1924 ο
2428 1904 2443 1943 :
2476 1897 2656 1943 tamen
2685 1888 2775 1958 qui
2802 1886 3046 1958 quotidie
3076 1885 3400 1942 recordatur
3440 1899 3503 1940 se
3545 1899 3675 1941 esse
3721 1900 3839 1939 mo-

2229 1980 2485 2045 riturum,
2518 1979 2817 2034 contemnit
2846 1978 3161 2048 praesentia,
3189 1986 3245 2032 et
3269 1975 3339 2031 ad
3368 1976 3550 2031 futura
3590 1974 3835 2032 festinat.

2230 2074 2339 2130 Sed
2368 2082 2571 2145 quanto
2604 2073 2655 2127 in
2688 2074 2793 2127 hoc
2822 2071 3027 2127 szeculo
3052 2070 3555 2142 persecutionibus,
3600 2084 3839 2140 pauper-

2231 2174 2371 2234 tate,
2419 2165 2761 2220 inimicorum
2802 2162 3047 2231 potentia
3075 2206 3090 2231 ,
3133 2162 3221 2218 vel
3263 2161 3587 2217 morborum
3630 2162 3841 2216 crucia-

2232 2260 2374 2316 tibus
2402 2256 2663 2315 fuerimus
2687 2255 2874 2312 afilicti
2909 2274 2922 2311 :
2954 2263 3107 2311 tanto
3134 2264 3263 2326 post
3290 2254 3756 2311 resurrectionem
3783 2254 3838 2310 in

2232 2353 2415 2407 futuro
2446 2350 2652 2422 majora
2700 2350 2923 2419 praemia
2970 2363 3396 2417 consequemur.
3450 2348 3623 2417 Igitur
3664 2348 3720 2402 in
3746 2347 3834 2403 die

2228 2447 2421 2518 judicii
2448 2462 2673 2502 securus
2701 2447 3028 2513 invenietur,
3056 2445 3103 2500 si
3135 2444 3282 2500 nulla
3312 2444 3409 2500 Dei
3436 2443 3649 2499 offensa
3680 2458 3837 2515 repe-

2233 2539 2426 2595 riatur.
2468 2538 2546 2593 De
2595 2538 2679 2594 his
2723 2554 2855 2609 ergo
2895 2547 3105 2593 tantum
3151 2535 3590 2593 sollicitudinem
3642 2535 3839 2590 habere

2232 2631 2497 2688 debemus
2519 2648 2534 2690 ;
2563 2630 2820 2687 Ambiant
2848 2640 3066 2687 terrena
3094 2630 3347 2702 gentiles,
3372 2630 3574 2701 quibus
3594 2629 3838 2686 ccelestia

2234 2739 2344 2781 non
2386 2723 2675 2779 debentur.
2725 2724 3131 2795 Concupiscant
3176 2722 3508 2794 praesentia,
3541 2721 3637 2794 qui
3662 2720 3836 2777 futura

2233 2832 2343 2874 non
2377 2816 2627 2873 credunt.

2798 2892 3029 2985 CAPUT
3078 2927 3273 2984 xxw.

1634 3065 1877 3153 humi'les
1921 3065 2124 3166 ergm’
2156 3074 2205 3141 α
2236 3066 2315 3125 De
2354 3067 2539 3123 virtute
2590 3066 2905 3121 humilitatis
2958 3075 3007 3121 et
3050 3065 3437 3139 simplicitatis,
3494 3082 3562 3121 ac
3618 3065 3829 3121 tumenti

2809 3162 2982 3217 animo
3022 3160 3257 3215 vitando.

2301 3295 2445 3354 Cave
2479 3313 2559 3353 ne
2583 3296 2923 3352 rumusculos
2954 3296 3241 3352 hominum
3271 3298 3567 3367 aucuperis
3588 3342 3603 3365 ,
3652 3310 3718 3351 ne
3742 3293 3822 3349 of-

2231 3391 2442 3449 fensam
2476 3390 2572 3445 Dei
2602 3391 2925 3461 populorum
2953 3389 3113 3445 laude
3147 3398 3471 3446 commutes.
3500 3390 3610 3445 Per
3635 3389 3823 3443 bonam

2231 3491 2288 3541 et
2325 3483 2522 3539 malam
2563 3483 2800 3549 famam,
2845 3497 2877 3538 a
2923 3481 3133 3538 dextris
3179 3491 3236 3538 et
3272 3497 3303 3537 a
3343 3482 3588 3537 sinistris
3625 3479 3822 3536 Christi

2233 3579 2391 3633 miles
2434 3578 2701 3648 graditur,
2760 3591 2862 3633 nec
2905 3576 3066 3632 laude
3110 3576 3414 3645 extollitur,
3462 3591 3569 3632 nec
3613 3576 3816 3645 vitupe—

2231 3672 2443 3729 ratione
2471 3670 2737 3742 frangitur
2767 3688 2780 3724 :
2816 3684 2924 3725 non
2966 3669 3170 3725 divitiis
3203 3678 3415 3735 tumet,
3466 3684 3579 3723 non
3617 3678 3826 3722 contra-

2232 3764 2383 3820 hitur
2411 3773 2757 3834 paupertate,
2807 3770 2862 3817 et
2888 3761 3010 3817 lzeta
3040 3761 3345 3818 contemnit
3370 3768 3428 3816 et
3467 3760 3665 3816 tristia.
3699 3756 3821 3812 Nam

2226 3858 2357 3930 justi
2406 3864 2462 3911 et
2502 3855 2657 3910 fortis
2696 3854 2800 3911 viri
2844 3862 2969 3921 est,
3019 3868 3120 3910 nec
3170 3854 3425 3909 adversis
3466 3852 3683 3924 frangi,
3730 3863 3823 3903 nec

2231 3950 2511 4022 prOSperis
2552 3947 2829 4005 sublevari
2864 3965 2877 4001 :
2920 3946 3019 4003 sed
3058 3946 3113 4002 in
3145 3955 3379 4017 utroque
3414 3961 3542 4002 esse
3580 3942 3820 4000 modera—

2231 4051 2365 4098 tum.
2397 4040 2533 4096 Nolo
2564 4049 2615 4096 te
2643 4054 2805 4095 orare
2833 4039 2886 4093 in
2915 4038 3133 4109 angulis
3163 4039 3485 4109 platearum,
3521 4053 3589 4093 ne
3619 4044 3817 4091 rectum

2231 4137 2341 4194 iter
2370 4150 2587 4205 precum
2619 4142 2833 4190 tuarum
2867 4135 3077 4204 frangat
3106 4147 3239 4188 aura
3273 4133 3576 4205 popularis.
3602 4128 3731 4186 Nolo
3769 4135 3817 4178 te

2232 4228 2460 4285 dilatare
2503 4226 2780 4292 ﬁmbrias,
2824 4235 2880 4281 et
2914 4226 3156 4282 ostentui
3209 4225 3413 4281 habere
3456 4219 3812 4297 phylacteria:

2231 4332 2288 4378 et
2316 4322 2648 4379 conscientia
2672 4330 3025 4392 repugnante,
3060 4318 3366 4390 pharisaica
3395 4318 3692 4374 ambitione
3716 4311 3817 4367 cir-

2231 4414 2473 4471 cumdari
2486 4455 2501 4469 .

522 4509 617 4552 aut
640 4496 956 4568 negligitur,
983 4504 1073 4550 aut
1092 4495 1351 4563 donatur,
1378 4504 1435 4549 ut
1457 4494 1776 4550 consulatur
1798 4495 1920 4548 vita:
1947 4510 2117 4563 quau-

2301 4508 2506 4564 Fidelis
2544 4520 2755 4563 mecum
2797 4506 2975 4562 lector
3020 4506 3283 4576 intelligis
3323 4505 3450 4577 quid
3496 4514 3734 4579 taceam,
3765 4505 3816 4551 et

520 4588 700 4659 doque
728 4587 1001 4658 peritum.
1032 4586 1101 4641 Et
1127 4601 1227 4657 pro
1267 4597 1473 4642 aeterna
1505 4585 1686 4641 salute
1712 4585 1892 4640 omnis
1923 4585 2117 4641 admo-

522 4680 651 4736 dum
681 4679 846 4735 homo
876 4679 1157 4749 negligens
1188 4687 1301 4747 est,
1335 4676 1514 4734 omnis
1543 4692 1743 4732 avarus
1768 4678 1781 4729 l

593 4772 710 4829 Illic
738 4771 917 4829 omnis
963 4770 1251 4843 frugalitas
1292 4770 1566 4840 largitoris
1611 4769 1776 4824 animi
1822 4772 2120 4830 tenacitate

519 4864 934 4935 constringitur,
960 4862 1064 4919 ubi
1100 4862 1401 4934 promptior
1441 4861 1716 4927 voluntas,
1744 4860 1809 4933 fet
1837 4863 2116 4933 copiosior

518 4958 748 5027 largitas
788 4956 1015 5013 deberet
1044 4956 1285 5028 operari.
1333 4956 1403 5012 Et
1449 4971 1573 5014 cum
1604 4957 1889 5027 Scriptura
1920 4962 2069 5017 dicat
2104 4980 2116 5016 :

520 5050 704 5105 Nolite
738 5050 955 5123 diligere
1004 5050 1291 5121 mundum,
1340 5068 1503 5124 neque
1548 5070 1611 5109 ea
1657 5072 1772 5127 qua:
1819 5058 1873 5111 in
1924 5058 2117 5112 mundo

515 5151 637 5196 sunt
679 5157 698 5194 :
745 5142 828 5196 sic
865 5141 1102 5197 humana
1154 5144 1594 5213 concupiscimus
1624 5191 1639 5215 ,
1694 5150 1776 5205 sic
1827 5164 2112 5218 amamus,

516 5236 673 5307 quasi
723 5236 930 5307 aliquid
979 5247 1269 5293 nascentes
1317 5238 1661 5297 intulerimus
1710 5244 1763 5300 in
1809 5245 2066 5300 saeculum
2095 5290 2109 5316 ,

517 5339 611 5385 aut
657 5328 978 5385 recedentes
1022 5329 1093 5386 de
1138 5331 1340 5386 saeculo
1385 5332 1669 5389 nobiscum
1715 5335 1933 5394 auferre
1988 5352 2114 5407 pos-

518 5424 713 5481 simus.
754 5422 925 5480 Nemo
972 5422 1043 5477 ad
1093 5422 1422 5481 brevitatem
1471 5429 1778 5499 temporis,
1835 5446 1998 5487 nemo
2047 5432 2113 5488 ad

590 5580 617 5608 ιι
636 5569 747 5644 Alii
777 5567 905 5644 libri
935 5566 1514 5644 addunttquantorum
1541 5584 1749 5638 sperata
1779 5577 2032 5644 pudicitia
2059 5578 2113 5633 in

517 5642 599 5694 die
618 5640 809 5711 judicii
832 5639 907 5711 de‘
926 5637 1301 5711 honestatibus,
1323 5637 1636 5711 quantorum
1659 5687 1673 5709 ,
1715 5637 1820 5703 etc.

594 5707 629 5752 ιί
656 5710 784 5772 Plus
823 5707 1024 5765 habent
1063 5710 1195 5776 alii,
1243 5719 1289 5765 et
1336 5707 1445 5769 suis
1492 5707 1709 5786 ﬂoribus
1755 5734 1977 5778 vernans
2022 5722 2115 5778 dc-

2227 4601 2355 4675 quid
2387 4601 2617 4657 tacendo
2647 4601 2818 4670 magis
2848 4600 3064 4670 loquar.
3096 4600 3313 4666 Quanto
3345 4598 3540 4653 melius
3560 4603 3678 4651 erat
3706 4591 3815 4644 haec

2226 4697 2282 4750 in
2313 4694 2481 4751 corde
2512 4701 2749 4764 portare,
2780 4707 2944 4763 quam
2973 4693 3025 4747 in
3054 4706 3309 4760 corpore,
3340 4700 3393 4745 et
3421 4691 3588 4744 Deum
3621 4683 3814 4740 habere

2225 4788 2491 4844 fautorem
2518 4826 2533 4852 ,
2576 4801 2685 4841 non
2716 4794 2973 4854 aSpectus
3018 4783 3334 4839 hominum!
3387 4779 3645 4850 Quamvis
3675 4774 3811 4829 cuitu

2227 4879 2349 4934 aliis
2398 4878 2546 4933 vitiis
2595 4890 2786 4933 carere
2842 4890 3176 4946 possumus,
3234 4874 3590 4945 hypocriseos
3639 4878 3808 4922 tamen

2230 4973 2495 5030 maculam
2523 4986 2631 5027 non
2672 4970 2901 5036 habere,
2933 4978 3029 5024 aut
3056 4968 3332 5023 nullorum
3354 5011 3368 5037 ,
3399 4978 3491 5023 aut
3521 4970 3807 5036 paucorum

2228 5076 2331 5122 est.
2385 5063 2495 5121 Sed
2549 5062 2693 5119 sicut
2739 5061 3083 5131 deprecantis
3110 5060 3389 5115 humilitas
3416 5065 3654 5115 meretur
3675 5062 3807 5119 prae-

2225 5159 2371 5214 mia:
2416 5158 2487 5210 ita
2530 5155 2789 5226 superbia
2827 5152 3153 5209 conﬁdentis
3198 5150 3317 5225 [ΑΙ.
3349 5138 3802 5210 contemnentis],

2224 5252 2320 5306 Dei
2362 5251 2566 5306 auxilio
2611 5249 2902 5306 deseritur.
2938 5246 3021 5301 Tu
3066 5256 3248 5303 autem
3276 5291 3290 5314 ,
3346 5246 3540 5309 frater,
3589 5234 3805 5295 inferius

2220 5345 2504 5409 accumbe,
2538 5353 2629 5408 ut,
2676 5343 2888 5397 minore
2913 5340 3189 5405 veniente,
3220 5354 3434 5395 sursum
3460 5332 3697 5408 jubearis
3724 5340 3807 5379 as-

2221 5436 2475 5492 cendere.
2510 5434 2681 5505 Super
2718 5449 2867 5504 quem
2893 5433 3063 5502 enim,
3099 5432 3177 5487 ait
3217 5428 3497 5495 Dominus,
3542 5421 3804 5495 requiescet

2222 5582 2396 5641 lactat,
2438 5584 2543 5632 etc.

2295 5662 2317 5690 ε
2336 5649 2555 5706 Addunt
2581 5648 2698 5717 alii,
2733 5655 2787 5703 ut
2816 5663 2962 5704 amor
2993 5648 3044 5700 in
3070 5646 3248 5701 odium
3282 5648 3635 5699 commutatur.
