4012 6190
187 244 296 304 577

763 242 1049 304 REGULA
1088 241 1571 303 MONACHORUM
1610 244 1706 302 EX
1741 243 2048 305 SCRIPTIS
2089 245 2476 307 lllERONYMl
2515 247 2903 308 COLLECTA.

3388 250 3496 312 378

188 336 404 433 spiritus
440 374 615 430 meus,
655 359 756 415 nisi
802 376 957 433 super
985 359 1237 415 humilem
1264 370 1312 415 et
1342 361 1571 431 quietum
1604 371 1654 415 et
1685 371 1786 417 tre-
1811 361 1867 423 Δ
1892 370 1974 417 εει
2002 362 2224 430 docere,
2260 365 2403 434 quod
2432 366 2648 421 noverit
2691 365 2787 421 ille
2811 380 2972 435 quem
3003 365 3225 425 doceas.
3254 367 3374 426 Vox
3425 384 3494 427 ex

190 462 411 509 mentem
436 453 587 508 verba
612 455 773 509 mea?

263 547 369 603 Sed
399 548 482 602 vis
531 547 673 602 scire
718 548 911 616 quales
958 555 1182 603 ornatus
1227 548 1495 605 Dominus
1542 550 1788 621 quaerat?

194 638 377 694 Habeo
403 637 770 709 prudentiam,
800 638 1069 707 justitiam
1098 682 1111 699 ,
1144 642 1563 711 temperantiam
1590 686 1604 711 ,
1636 641 1791 697 forti-

194 732 460 787 tudinem.
513 732 603 786 llis
640 732 809 801 plagis
854 733 979 788 cmli
1033 733 1356 799 includere,
1399 734 1517 790 haec
1569 745 1620 789 te
1652 751 1787 804 qua-

192 826 344 896 driga
374 870 387 893 ,
442 826 591 880 velut
636 826 881 895 aurigam
923 826 1166 892 Christi,
1223 825 1291 882 ad
1342 837 1543 882 metant
1575 829 1788 883 concita

191 922 347 975 ferat.
395 918 539 975 Nihil
585 919 689 975 hoc
733 919 922 974 monili
964 920 1277 989 pretiosius,
1325 921 1459 976 nihil
1504 921 1603 977 hac
1633 937 1788 992 gem-

192 1027 402 1067 marum
424 1013 687 1068 varietate
708 1012 1017 1068 distinctius
1047 1031 1060 1067 :
1088 1030 1155 1068 ex
1187 1014 1334 1068 omni
1368 1022 1519 1082 parte
1548 1023 1573 1051 ει
1604 1014 1788 1069 decori

190 1115 247 1163 et
278 1116 604 1164 ornamento
646 1107 743 1164 tibi
795 1109 904 1163 sint
929 1118 983 1164 et
1015 1108 1280 1167 tutamini.
1330 1109 1785 1179 Philosophorum

189 1200 467 1255 sententia
511 1210 614 1269 est,
666 1198 768 1254 sibi
818 1197 1028 1254 haerere
1056 1200 1325 1254 virtutes:
1358 1209 1413 1255 et
1436 1199 1668 1269 apostoli
1698 1198 1788 1254 Ja-

186 1294 314 1350 cobi
335 1338 351 1362 ,
384 1295 473 1350 cui
502 1308 606 1350 una
636 1293 900 1361 defuerit,
932 1308 1122 1348 omnes
1146 1292 1359 1348 deesse.
1386 1292 1453 1347 Et
1483 1293 1625 1347 sicut
1653 1308 1788 1363 qua-

191 1398 317 1443 tuor
354 1396 482 1442 sunt
511 1386 539 1425 δ
571 1388 822 1453 virtutes,
866 1387 1059 1458 quibus
1090 1401 1390 1457 pugnamus
1421 1394 1477 1441 et
1505 1386 1737 1456 tegimur
1769 1406 1783 1439 :

188 1480 272 1535 sic
308 1488 540 1550 quatuor
566 1480 692 1534 vitia
724 1487 874 1545 sunt,
918 1479 1111 1549 quibus
1139 1479 1208 1533 ab
1232 1478 1393 1533 hoste
1425 1479 1783 1547 percutimur,

189 1572 450 1639 stultitia,
497 1572 767 1643 iniquitas,
818 1572 1059 1637 luxuria,
1106 1573 1339 1629 formido
1378 1589 1392 1627 :
1441 1573 1537 1629 sed
1583 1573 1785 1628 malit’a

188 1664 352 1719 finem
379 1681 483 1720 non
514 1665 695 1722 habet.
727 1665 983 1735 Cognata:
1004 1680 1217 1735 quoque
1248 1665 1354 1719 sibi
1384 1673 1510 1720 sunt
1530 1666 1777 1730 virtutes,

186 1757 457 1812 rectitude
501 1765 558 1813 et
598 1757 921 1828 simplicitas
964 1774 977 1810 :

184 1862 414 1923 queunt.
463 1851 705 1920 Simplex
737 1860 794 1907 et
830 1851 1050 1905 humilis
1078 1860 1133 1906 et
1173 1851 1408 1907 rusticus
1447 1852 1539 1922 qui
1584 1866 1783 1907 arcana

181 1946 473 2014 sapientia:
509 1944 973 2017 comprehendere
1006 1947 1228 2017 nequit,
1272 1940 1538 2001 si‘tamen
1571 1947 1785 2017 sapien-

182 2045 301 2090 tum
339 2038 591 2107 exempla
636 2038 867 2093 vivendo
899 2046 1158 2106 sectetur,
1188 2038 1311 2107 jure
1339 2037 1482 2093 inter
1508 2039 1783 2109 sapientes

181 2130 687 2185 connumerabitur.
728 2131 917 2187 Melius
962 2140 1045 2187 est
1090 2131 1233 2187 enim
1282 2145 1443 2200 parva
1486 2131 1625 2187 bona
1658 2146 1781 2186 cum

180 2220 453 2277 charitate
475 2222 655 2279 facere
682 2223 800 2279 sine
823 2225 1069 2293 scientia,
1094 2240 1252 2295 quam
1285 2224 1496 2294 magnis
1521 2223 1784 2294 effulgere

180 2315 477 2372 virtutibus
505 2331 629 2372 cum
660 2319 1000 2375 admixtione
1026 2319 1334 2375 discordias.
1368 2319 1601 2374 Excelsa
1630 2334 1781 2375 nam-

184 2424 290 2477 que
316 2410 670 2479 periculosius
691 2420 838 2467 stant
867 2428 887 2468 :
910 2422 964 2468 et
989 2412 1148 2468 citius
1176 2421 1438 2468 corruunt
1465 2427 1585 2483 qua:
1612 2412 1780 2467 subli-

181 2502 290 2557 mia
314 2515 462 2558 sunt.

261 2596 369 2653 Sed
411 2597 755 2667 perspicuum
786 2607 867 2652 est
899 2611 1116 2652 omnem
1156 2605 1494 2663 creaturam,
1530 2597 1778 2664 quamvis

180 2696 246 2751 ad
278 2692 668 2766 perfectionem
692 2693 904 2749 venerit
935 2733 951 2758 ,
985 2702 1163 2745 tamen
1198 2691 1439 2761 indigere
1471 2690 1778 2745 misericor-

178 2791 263 2846 dia
298 2791 423 2855 Dei,
454 2797 508 2843 et
533 2787 747 2858 plenam
778 2784 1166 2853 perfectionem
1199 2800 1264 2840 ex
1294 2784 1462 2855 gratia
1501 2783 1597 2838 Dei
1618 2824 1633 2850 ,
1668 2797 1776 2838 non

178 2901 249 2942 ex
277 2885 469 2939 merito
495 2881 795 2953 possidere.
826 2880 969 2935 Nihil
999 2880 1078 2935 sic
1106 2880 1286 2950 placet
1317 2880 1425 2933 Deo
1454 2879 1595 2933 sicut
1640 2878 1775 2932 sim-

178 2980 395 3052 plicitas
422 2988 479 3035 et
505 2978 835 3033 innocentia.
864 2975 1019 3033 Unde
1061 2974 1295 3045 Spiritus
1331 2982 1550 3027 sanctus
1593 2973 1645 3026 in
1676 2986 1774 3027 vo-

174 3077 419 3133 latilibus
460 3090 567 3129 non
613 3071 899 3144 apparuit,
951 3071 1054 3126 nisi
1107 3071 1159 3125 in
1207 3068 1455 3126 columba
1483 3109 1499 3135 _.
1550 3075 1774 3138 propter

1891 452 2161 509 industria
2204 456 2359 525 quasi
2404 457 2651 512 confecta
2682 456 2902 527 jejuniis
2925 499 2939 523 ,
2970 460 3146 515 tenuis
3191 477 3297 515 non
3331 463 3399 517 sit
3435 470 3493 518 et

1890 545 2170 603 deficiens.
2199 548 2339 605 Sunt
2361 550 2560 621 quippe
2591 550 2837 605 nonnulli
2866 553 3296 609 exterminantes
3319 553 3486 610 facies

1890 653 2039 706 suas,
2066 649 2124 695 ut
2148 650 2448 712 appareant
2469 642 2777 697 hominibus
2797 644 3116 714 jejunantes
3140 662 3155 698 :
3183 647 3271 716 qui
3301 648 3483 703 statim

1890 745 2015 786 cum
2048 732 2286 803 aliquem
2315 733 2588 801 viderint,
2633 736 2992 806 ingemiscunt
3016 778 3032 803 ,
3066 736 3357 794 demittunt
3397 754 3487 795 su-

1892 826 2203 895 percilium,
2229 837 2283 883 et
2310 838 2498 895 operta
2526 829 2682 895 facie,
2712 830 2797 884 vix
2826 830 3065 887 liberant
3085 848 3248 887 unum
3273 834 3485 890 oculum

1891 917 1957 971 ad
1988 918 2299 973 videndum.
2332 920 2512 976 Vestis
2559 922 2701 991 pulla
2729 963 2744 988 ,
2788 924 3064 994 cingulum
3095 940 3343 982 sacceum
3366 969 3384 995 ,
3437 936 3494 984 et

1891 1010 2125 1066 sordidis
2155 1013 2409 1069 manibus
2440 1014 2796 1087 pedibusque,
2829 1029 3022 1073 venter
3047 1022 3220 1087 solus,
3255 1021 3377 1091 quia
3409 1020 3487 1076 vi-

1890 1102 2009 1156 deri
2043 1118 2149 1157 non
2180 1114 2386 1174 potest,
2422 1117 2616 1161 :estuat
2650 1110 2791 1163 cibo.
2840 1109 2937 1165 llis
2977 1112 3222 1181 quotidie
3255 1116 3492 1183 psalmus

1888 1193 1981 1250 ille
2010 1206 2262 1251 cantatur
2292 1215 2306 1251 :
2337 1197 2480 1252 Deus
2511 1200 2784 1272 dissipavit
2810 1220 2927 1256 ossa
2957 1204 3226 1261 hominum
3254 1208 3351 1261 sibi
3378 1207 3493 1279 pla-

1887 1289 2111 1343 centium
2151 1289 2349 1362 (Psal.
2380 1292 2511 1361 ut).
2554 1292 2860 1349 Tristitiam
2894 1297 3197 1365 simulant,
3238 1311 3293 1355 et
3337 1302 3491 1372 quasi

1889 1381 2044 1452 longa
2068 1381 2270 1452 jejunia
2304 1383 2518 1439 furtivis
2549 1388 2787 1442 noctium
2821 1391 2959 1444 cibis
3003 1394 3352 1460 protrahunt.
3386 1396 3490 1449 Pu-

1887 1473 1978 1529 det
2005 1476 2212 1545 reliqua
2237 1477 2442 1547 dicere,
2480 1494 2550 1534 ne
2568 1479 2756 1535 videar
2780 1482 2956 1551 potius
2981 1483 3158 1540 int-ehi
3181 1502 3340 1556 quam
3370 1503 3488 1542 mo-

1890 1583 2038 1623 nere.
2065 1566 2257 1624 Omnia
2292 1570 2407 1626 bzrc
2433 1582 2751 1642 argumenta
2782 1584 2910 1629 sunt
2933 1575 3160 1632 diaboli.

1960 1662 2179 1716 Imitare
2210 1664 2371 1733 igitur
2396 1681 2517 1720 eum
2540 1668 2737 1735 potius,
2768 1667 2927 1738 cujus
2955 1670 3132 1740 pallor
3153 1686 3219 1727 ex
3236 1671 3485 1743 jejuniis,

1024 1772 1124 1812 nec
1168 1757 1237 1811 ah
1265 1758 1497 1812 invicem
1541 1758 1780 1827 separari
1814 1751 1862 1811 B
1889 1754 2251 1828 cleemosynat
2288 1757 2341 1812 in
2373 1774 2664 1830 pauperes,
2693 1760 3015 1833 obsequium
3050 1764 3105 1819 in
3130 1780 3318 1821 servos
3349 1768 3442 1823 Dei
3476 1808 3493 1835 ,

1890 1848 2163 1904 humilitas
2206 1860 2259 1906 et
2284 1852 2467 1907 cordis
2496 1862 2550 1907 et
2578 1854 2833 1920 vestium,
2878 1872 2942 1910 ac
2975 1857 3027 1912 in
3062 1859 3275 1915 cunctis
3298 1874 3483 1916 sermo

1886 1942 2223 1999 moderatus.
2276 1944 2727 2017 Trade,quoque
2788 1959 2841 2004 te
2896 1950 3008 2019 illi,
3083 1952 3240 2022 cujus
3300 1968 3488 2011 sermo

1885 2042 1942 2090 et
1986 2035 2201 2092 habitus
2247 2047 2302 2093 et
2330 2038 2574 2093 incessus
2595 2081 2610 2105 ,
2644 2039 2889 2096 doctrina
2934 2043 3195 2100 virtutum
3228 2058 3334 2103 est.
3366 2048 3487 2104 Non

1885 2130 2265 2185 ccthurnatam
2302 2130 2523 2187 alfectes
2561 2133 2930 2204 eloquentiam
2965 2153 2979 2192 :
3029 2152 3130 2192 nec
3172 2154 3323 2195 more
3357 2156 3489 2211 pue-

1884 2240 2090 2293 rorum,
2122 2236 2342 2296 argutas
2362 2228 2715 2283 sententiolas
2739 2228 2791 2283 in
2824 2229 3081 2285 clausulis
3111 2243 3312 2289 strues.

1957 2318 2083 2373 llrec
2116 2321 2442 2389 praeteriens
2466 2322 2642 2391 tetigi,
2678 2332 2733 2376 ut
2757 2324 2991 2378 eruditis
3015 2334 3309 2383 contentus
3337 2327 3487 2383 auri-

1884 2410 2005 2474 bus,
2040 2426 2145 2464 non
2176 2426 2509 2481 magnopere
2536 2428 2695 2468 cures
2716 2414 2847 2485 quid
2878 2415 3252 2486 imperitorum
3304 2420 3374 2475 de
3403 2423 3487 2476 in-

1880 2502 2042 2574 genio
2070 2513 2161 2559 tuo
2188 2506 2485 2560 rumusculi
2507 2507 2756 2575 jaetitent
2780 2526 2794 2562 :
2821 2509 2915 2564 sed
2939 2512 3325 2580 prophetarum
3352 2531 3489 2584 quo-

1882 2593 2013 2650 tidie
2043 2594 2310 2651 medullas
2340 2597 2511 2651 bibas.
2538 2598 2690 2666 Quod
2724 2601 2931 2669 patricii
2956 2605 3176 2672 generis
3199 2605 3342 2660 inter
3366 2622 3485 2661 tuc-

1879 2686 2081 2742 nachos
2108 2704 2230 2743 esse
2256 2690 2488 2758 cmpisti,
2524 2706 2628 2745 non
2661 2692 2753 2745 tibi
2779 2693 2855 2746 sit
2890 2695 3136 2761 tumoris,
3173 2696 3269 2752 sed
3302 2697 3486 2753 humi-

1879 2780 2045 2835 litatis
2072 2782 2289 2837 occasio
2322 2800 2336 2838 :
2362 2795 2383 2822 ο
2416 2793 2476 2838 ιιι
2505 2783 2733 2839 imiteris
2761 2784 2933 2841 lilium
2961 2785 3221 2857 hominis,
3252 2791 3341 2861 qui
3368 2806 3479 2849 non

1879 2873 2028 2928 venit
2055 2874 2374 2941 ministrari,
2406 2877 2500 2931 sed
2534 2878 2870 2933 ministrare.
2906 2878 3038 2933 Nam
3070 2894 3276 2950 quanto
3302 2882 3478 2938 humi—

1879 2967 2002 3031 lior,
2036 2975 2187 3023 tanto
2214 2970 2495 3026 sublimior
2519 2986 2579 3027 es
2605 2988 2619 3026 :
2643 2971 2786 3028 lucet
2816 2974 3101 3043 margarita
3125 2975 3177 3029 in
3202 2979 3482 3034 sordibus.

1878 3061 2382 3134 Quantumcumque
2404 3066 2549 3120 enim
2574 3074 2626 3120 te
2648 3065 2939 3135 deieceris,
2973 3065 3233 3122 humilior
3257 3068 3478 3127 Christo

172 3171 575 3241 simplicitatem
607 3188 620 3222 :
675 3169 729 3223 in
776 3166 1216 3239 quadrupedibus
1261 3164 1314 3219 in
1363 3178 1496 3228 ove,
1546 3169 1767 3232 propter
1794 3138 1841 3202 ο
1875 3168 1982 3209 non
2014 3155 2143 3209 eris.
2190 3154 2317 3211 ldeo
2344 3171 2674 3227 quamquam
2712 3156 2842 3211 mihi
2876 3159 3172 3213 multorum
3204 3173 3325 3213 sum
3350 3177 3482 3216 con-

171 3262 666 3318 mansueludinem.
700 3260 835 3317 Illud
862 3275 1075 3332 quoque
1103 3257 1193 3314 tibi
1224 3256 1502 3312 vitandum
1533 3265 1621 3311 est
1642 3270 1769 3310 cau-

169 3356 280 3410 tius
307 3395 322 3420 ,
376 3371 447 3411 ne
486 3369 639 3409 vanae
684 3352 869 3423 gloria:
914 3352 1111 3407 ardore
1155 3350 1408 3418 capiaris.
1456 3350 1587 3405 Cum
1636 3347 1769 3403 facis

168 3449 597 3520 eleentosynam,
641 3447 783 3503 Deus
807 3446 958 3501 solus
986 3444 1182 3501 videat.
1216 3442 1350 3499 Cum
1378 3442 1613 3513 jejunas,
1645 3441 1767 3497 lmta

169 3543 239 3598 sit
276 3542 441 3598 facies
483 3552 569 3596 tua
592 3585 605 3608 ,
652 3555 720 3596 ne
749 3539 815 3594 ad
862 3548 914 3595 te
944 3538 1101 3593 obvia
1136 3537 1575 3608 prcetereuntium
1609 3536 1767 3589 turba

168 3637 451 3699 consistat,
480 3644 533 3692 et
561 3634 728 3705 digito
747 3633 1161 3689 demonstreris.
1184 3631 1295 3688 Nec
1316 3631 1451 3686 satis
1481 3630 1769 3699 religiosus

166 3728 308 3783 velis
336 3726 540 3791 videri,
574 3741 673 3782 nec
702 3726 820 3795 plus
852 3724 1073 3779 humilis
1099 3738 1258 3792 quam
1286 3736 1511 3778 necesse
1540 3729 1627 3776 est
1654 3736 1669 3776 :
1700 3736 1770 3776 ne

165 3818 394 3889 gloriam
427 3818 702 3887 fugiendo,
736 3830 971 3886 quaeras.
1003 3816 1197 3871 Plures
1226 3816 1370 3869 enim
1405 3812 1766 3882 panpertatis,

166 3908 561 3965 misericordia:
610 3924 673 3963 ac
719 3908 911 3977 jejunii
957 3906 1191 3961 arbitros
1236 3904 1569 3961 declinantes
1596 3942 1613 3969 ,
1664 3900 1768 3955 hoc

164 4002 285 4071 ipso
319 4002 534 4073 placere
565 4000 811 4070 cupiunt,
851 3999 992 4071 quod
1031 4000 1246 4068 placere
1278 4002 1637 4052 contemnunt
1666 4012 1679 4049 :
1713 4002 1769 4048 ct

165 4095 365 4149 mirum
407 4094 460 4148 in
493 4093 711 4148 modum
746 4092 863 4146 laus
889 4092 1015 4146 dum
1045 4091 1266 4155 vitatur,
1312 4089 1605 4159 appetitur.
1649 4087 1768 4140 Cte-

160 4186 298 4242 teris
336 4184 859 4254 perturbationibus,
894 4183 1088 4254 quibus
1119 4197 1276 4238 mens
1309 4180 1543 4236 hominis
1572 4178 1768 4251 gaudet

161 4288 219 4334 et
249 4278 536 4349 aegrescit,
566 4285 826 4347 speratet
849 4276 1068 4340 metuit,
1102 4273 1287 4344 plures
1327 4273 1543 4329 invenio
1587 4282 1766 4327 extra-

159 4387 317 4428 neos.
370 4371 483 4427 lloc
512 4371 643 4426 vitio
672 4372 829 4440 pauci
876 4369 1165 4425 admodum
1194 4376 1321 4424 sunt
1354 4367 1447 4438 qui
1469 4368 1763 4422 caruerint.

236 4465 403 4535 Igitur
427 4479 532 4518 non
563 4479 775 4532 quzcras
802 4463 1026 4534 gloriam
1063 4482 1077 4518 :
1118 4468 1175 4516 et
1207 4476 1329 4516 cum
1358 4458 1618 4530 inglorius
1648 4458 1763 4513 fuco

1872 3249 2017 3303 scius
2041 3248 2387 3311 delictorum.
2409 3260 2464 3305 et
2488 3251 2731 3321 quotidie
2759 3252 2810 3304 in
2834 3249 3084 3305 oratione
3120 3250 3275 3305 ﬂexis
3306 3266 3481 3322 genu-

1873 3343 1974 3398 bus
2017 3343 2209 3413 loquar
2242 3361 2256 3399 :
2288 3343 2492 3399 Delicta
2527 3345 2822 3415 jurentutis
2860 3360 2988 3399 mea:
3036 3360 3098 3399 ne
3143 3344 3436 3400 memineris
3465 3388 3481 3413 ,

1872 3433 2090 3490 Domine
2114 3435 2348 3507 (Psalm.
2383 3435 2542 3504 xxiv)
2575 3451 2593 3488 :
2623 3442 2807 3489 tamen
2839 3434 2948 3505 [Αἰ.
2980 3434 3147 3504 unde]
3187 3435 3367 3490 sciens
3394 3437 3478 3492 tli-

1870 3538 2017 3585 ctum
2051 3529 2398 3597 abApostolo
2428 3545 2442 3580 :
2472 3526 2555 3581 Ne
2583 3528 2803 3597 inflatus
2830 3528 2882 3578 in
2910 3527 3151 3597 superbia
3181 3528 3387 3583 incidas
3418 3531 3473 3584 in

1861 3622 2123 3692 judicium
2151 3619 2341 3673 diaboli
2370 3620 2413 3691 (Ι
2434 3620 2571 3674 Tim.
2602 3620 2682 3689 ιιι)
2705 3638 2718 3673 :
2744 3629 2796 3675 et
2822 3620 2873 3674 in
2899 3620 3009 3675 alio
3032 3620 3151 3675 loco
3176 3621 3436 3691 scriptum
3464 3644 3476 3680 :

1873 3715 2126 3786 Superbis
2160 3712 2298 3768 Dens
2317 3714 2511 3768 resistit
2544 3758 2558 3782 ,
2612 3712 2898 3767 humilibus
2923 3723 3095 3767 autem
3133 3715 3224 3769 dat
3253 3717 3474 3786 gratiam

1876 3806 2081 3879 (Iacob.
2127 3823 2201 3875 tv,
2231 3806 2290 3877 6)
2342 3824 2355 3861 :
2405 3807 2539 3861 nihil
2569 3810 2636 3860 ita
2688 3823 2716 3860 a
2766 3807 2994 3876 pueritia
3020 3807 3193 3864 vitare
3247 3820 3476 3867 conatus

1871 3920 2013 3973 sum,
2046 3919 2204 3974 quam
2237 3912 2531 3959 tumentem
2557 3903 2795 3957 animum
2824 3913 2875 3958 et
2907 3911 3148 3957 erectam
3181 3905 3477 3977 cervicem,

1872 3996 1965 4052 Dei
1995 4004 2184 4051 contra
2211 4010 2269 4050 se
2325 3995 2454 4049 odia
2508 4002 2913 4063 provocantem.
2945 3995 3083 4051 Novi
3124 3999 3269 4052 enim
3305 4001 3478 4067 magi-

1871 4099 2042 4144 strum
2072 4087 2359 4142 Dominum
2389 4098 2439 4143 et
2467 4088 2635 4142 Deum
2666 4102 2843 4142 meum
2878 4088 2931 4142 in
2960 4089 3148 4144 carnis
3169 4089 3476 4146 humilitate

1871 4181 2075 4237 dixisse
2106 4199 2118 4236 :
2152 4180 2348 4235 Discite
2373 4198 2404 4233 a
2434 4196 2531 4251 nte,
2557 4181 2680 4252 quia
2702 4182 2840 4235 mitis
2864 4198 2981 4235 sunt
3005 4192 3051 4235 et
3072 4181 3288 4237 humilis
3319 4186 3476 4237 corde

1872 4274 2104 4347 (Matth.
2138 4271 2253 4345 χι).
2289 4274 2355 4329 Et
2390 4282 2515 4329 ante
2567 4290 2660 4343 per
2707 4289 2769 4328 os
2800 4275 2969 4329 David
3003 4273 3272 4330 cecinisse
3301 4292 3313 4327 :
3351 4273 3467 4328 Me-

1870 4379 2061 4435 mento,
2093 4369 2335 4437 Domine,
2368 4366 2560 4433 David,
2603 4378 2649 4423 et
2681 4369 2847 4423 omnis
2900 4368 3313 4423 mansuetudinis
3359 4372 3473 4441 ejus

1870 4462 2053 4534 (Psal.
2086 4463 2312 4535 cxxn).
2343 4464 2407 4517 Et
2430 4463 2481 4518 in
2512 4462 2618 4518 alio
2647 4464 2771 4518 loco
2795 4463 3025 4533 legimus
3050 4480 3063 4516 :
3088 4466 3222 4516 Ante
3246 4462 3470 4532 gloriam

164 4534 275 4627 ris,
308 4574 418 4613 non
449 4557 681 4614 dolebis.
713 4558 815 4625 Qui
846 4557 992 4612 enim
1021 4556 1184 4612 verba
1218 4555 1550 4625 increpantis
1580 4554 1758 4609 humi-
1788 4534 1839 4594 Ῑ)
1866 4555 2175 4610 ltumiliatnr
2202 4572 2293 4610 cor
2322 4556 2420 4609 viri
2452 4572 2471 4608 :
2500 4565 2549 4609 et
2602 4564 2725 4609 ante
2774 4556 2983 4609 ruinam
3041 4553 3291 4607 eleuatur.
3323 4553 3470 4609 Nihil

160 4652 287 4707 liter
317 4651 547 4722 recipit,
580 4651 689 4721 jam
735 4651 1091 4723 propinquam
1126 4650 1288 4707 habet
1315 4651 1531 4706 veniam
1576 4660 1759 4706 reatus

161 4762 323 4816 quem
353 4747 545 4816 gessit.
596 4744 829 4802 Gravius
872 4754 959 4801 est
1003 4744 1148 4801 enim
1200 4746 1463 4815 perlicere
1511 4745 1711 4799 malum
1742 4784 1757 4806 ,

159 4856 322 4908 quam
364 4842 564 4897 lacere.
596 4839 713 4895 Non
742 4847 826 4895 est
853 4848 1035 4895 tamen
1081 4846 1244 4894 tanta:
1282 4839 1501 4895 virtutis
1539 4839 1609 4893 ab
1636 4838 1759 4893 aliis

159 4931 358 4987 factam
391 4930 646 5003 injuriam
692 4931 968 4987 sustinere
993 4975 1009 5001 ,
1058 4941 1276 5001 quantae.
1315 4930 1504 5001 gratia:
1543 4929 1758 4986 Domini

161 5032 283 5089 est,
337 5024 524 5079 mitem
567 5032 729 5095 atque
762 5024 1110 5094 tranquillum
1154 5022 1407 5092 injuriam
1440 5021 1620 5077 facere
1649 5039 1755 5077 non

164 5131 345 5185 posse.
372 5114 561 5186 Neque
583 5131 713 5173 vero
738 5127 788 5172 te
814 5130 1033 5181 moneo,
1060 5129 1128 5170 ne
1150 5114 1217 5170 de
1243 5097 1450 5169 divitiis
1479 5114 1755 5183 glorieris,

164 5223 234 5263 ne
260 5208 329 5264 de
356 5209 576 5280 generis
603 5209 885 5266 nobilitate
908 5218 960 5265 te
983 5208 1179 5278 jactes,
1204 5223 1274 5263 ne
1302 5215 1355 5262 te
1381 5206 1596 5262 caeteris
1626 5222 1762 5277 prae-

158 5300 324 5357 feras.
356 5301 483 5358 Scio
511 5302 870 5357 humilitatem
902 5310 1051 5355 tuam
1085 5316 1100 5353 :
1132 5300 1248 5355 scio
1274 5314 1339 5355 ex
1365 5298 1561 5353 aﬂ'ectu
1591 5305 1642 5354 te
1670 5298 1758 5352 di-

159 5408 325 5451 cere:
366 5394 624 5465 Domine,
657 5412 758 5450 non
790 5405 865 5450 est
901 5395 1190 5451 exaltatum
1228 5412 1316 5449 cor
1346 5410 1513 5448 meum
1545 5411 1563 5449 :
1597 5411 1759 5464 neque

159 5488 284 5544 elati
308 5500 432 5544 sunt
457 5492 594 5545 oculi
617 5491 716 5545 mei
739 5490 909 5563 (Psal.
935 5490 1121 5564 cxxx).
1144 5490 1533 5548 Stultissimum
1558 5491 1757 5560 quippe

234 5635 262 5665 ⁸
295 5630 442 5697 Aput
479 5628 751 5693 Ruheum,
784 5638 947 5699 atque
987 5628 1155 5694 alios,
1196 5628 1477 5696 decoratis,
1509 5627 1754 5700 cingeris,

162 5708 313 5773 atque
352 5702 658 5773 protegeris,
683 5709 729 5754 et
762 5709 1082 5766 ornamento,
1112 5710 1216 5755 etc.

234 5769 259 5811 ⁵
285 5769 533 5843 ibidem",
575 5782 692 5827 sunt
720 5782 865 5828 scuta
890 5774 1159 5842 virtutum,
1190 5773 1489 5843 prudentia,
1515 5769 1756 5841 justitia,

1869 4649 2035 4714 enim,
2064 4657 2121 4702 ut
2150 4648 2344 4702 crebro
2361 4647 2617 4712 diximus,
2653 4656 2758 4700 tam
2787 4646 3148 4716 periculosum
3177 4654 3281 4710 est,
3307 4661 3469 4716 quam

1866 4739 2051 4812 glorizc
2078 4741 2346 4809 cupiditas
2378 4747 2434 4791 ct
2464 4739 2724 4805 jactantia
2750 4747 2804 4793 et
2852 4747 3070 4792 tumens
3098 4737 3314 4793 animus
3341 4751 3469 4790 ροη-

1868 4836 2092 4891 scientia
2142 4836 2418 4889 virtutum.
2475 4832 2681 4887 Idcirco
2721 4831 2842 4900 plus
2894 4840 2976 4884 est
3016 4830 3256 4882 animum
3292 4830 3461 4899 depo-

1867 4929 2041 4983 suisse
2062 4943 2220 4996 quam
2246 4926 2473 4980 cultum.
2510 4924 2794 4978 Difficilius
2817 4924 3151 4992 arrogantia,
3179 4938 3339 4992 quam
3368 4940 3467 4977 au-

1864 5038 1925 5078 ro
1952 5034 2202 5075 caremus
2228 5027 2283 5073 et
2326 5018 2578 5087 gemmis.
2612 5016 2693 5068 Nil
2751 5016 2931 5082 itaque
2966 5013 3184 5082 prodest
3210 5016 3314 5070 vile
3338 5018 3458 5087 pal-

1868 5114 2079 5178 liolum,
2108 5110 2247 5164 fulva
2275 5109 2477 5169 tunica,
2510 5107 2758 5174 corporis
2784 5107 3021 5167 illuvies,
3051 5108 3300 5163 simulata
3331 5126 3461 5179 pau-

1869 5216 2069 5275 pertas,
2110 5204 2153 5257 si
2195 5202 2431 5257 nominis
2463 5199 2777 5267 dignitatem
2810 5199 3064 5267 operibus
3103 5199 3354 5254 destruas
3379 5216 3391 5251 :
3418 5200 3464 5253 si

1869 5302 2009 5355 inter
2050 5298 2238 5353 sordes
2269 5308 2322 5349 et
2359 5293 2594 5362 inopitm
2631 5301 2846 5361 peccata
2880 5308 2986 5346 non
3018 5308 3234 5347 caveas.
3280 5293 3464 5346 Fidele

1869 5408 2099 5462 namque
2138 5389 2501 5445 testimoniuttt
2533 5383 2712 5452 οδε,βί
2746 5399 2854 5435 non
2898 5384 3056 5439 habet
3085 5399 3276 5437 causas
3312 5397 3463 5437 mett-

1872 5485 2054 5540 tiendi.
2086 5481 2182 5538 Cui
2213 5481 2355 5536 cnim
2403 5478 2524 5549 plus
2552 5474 2812 5539 creditur,
2847 5474 2915 5528 ab
2944 5489 3010 5528 eo
3054 5475 3172 5542 plus
3203 5472 3460 5542 exigitur.

1868 5624 2246 5695 temperantia,
2282 5618 2561 5695 fortiyftlo-
2642 5688 2672 5695 η
2715 5686 2726 5695 _
2780 5685 2798 5695 ,
3017 5683 3083 5695 ,...
3211 5680 3223 5695 .
3337 5680 3347 5690 -
3396 5680 3406 5690 -

1941 5680 1981 5734 ε’
2007 5697 2125 5758 ΑΙ..
2168 5680 2347 5749 scienti
2397 5690 2599 5745 Filium
2637 5686 2726 5741 Dei
2772 5685 2967 5756 [τισιν-η
3006 5683 3172 5758 ﬁlium
3204 5680 3455 5737 hominis.

1868 5766 1922 5823 Ν
1925 5782 2028 5835 aut,
2062 5777 2173 5823 etc.
