4012 6190
493 249 598 308 579

1540 260 1598 317 S.
1641 259 2025 322 IIIERONYMI
2064 260 2348 322 OPERUM
2385 265 2750 329 MANTISSA.

3691 295 3804 354 580

496 363 750 428 Ροιεηιεε
791 381 1022 443 potenter
1048 379 1302 428 tormenta
1338 375 1594 447 patientur
1635 378 1790 450 (Sap.
1838 381 1938 450 vi).
1983 379 2170 440 NecA
2198 393 2461 452 praestare
2506 405 2616 445 non
2675 391 2856 460 lmsus,
2903 397 2996 468 qui
3053 408 3260 459 tantum
3319 406 3550 467 donaret
3602 413 3805 474 iratus.

497 459 598 516 sibi
630 464 912 535 quisquam
937 464 1004 518 de
1024 465 1269 532 corporis
1301 469 1674 526 tantummodo
1695 471 1946 526 castitate
1969 487 2095 541 sup-

501 551 753 620 plaudat:
787 569 906 609 cum
942 553 1102 607 etiam
1137 555 1439 612 convicium
1473 560 1524 614 in
1559 559 1776 615 fratrem
1816 561 2094 620 homicidii

497 643 566 698 sit
597 653 799 698 reatus.
842 644 994 699 Cadit
1029 646 1246 715 quidem
1288 649 1542 720 mundus,
1576 661 1631 707 et
1673 653 1860 708 cervix
1910 666 2090 710 erecta

497 746 601 785 non
659 731 911 788 flectitur.
959 735 1199 790 Pereunt
1247 738 1476 810 divitiae,
1526 758 1866 814 nequaquam
1912 756 2094 802 cessat

495 823 740 878 avaritia.
771 823 1112 896 Congrcgare
1142 846 1299 900 quam
1327 835 1481 890 multi
1515 835 1790 904 festinant,
1822 855 1939 910 qua:
1968 858 2093 897 rur-

494 929 586 970 sus
615 916 684 971 ab
713 917 831 972 aliis
855 931 1185 989 occupentur
1214 924 1227 976 !

1070 1034 1300 1096 CAPUT
1341 1041 1506 1098 XXV.

633 1121 715 1178 De
736 1125 1028 1182 humilitate
1049 1127 1266 1200 Christi,
1291 1152 1441 1205 quem
1461 1139 1654 1194 imitari
1681 1141 1941 1201 debemus.

557 1259 805 1318 Christus
845 1273 868 1300 ι·
906 1265 1214 1335 baptizatur
1242 1284 1268 1323 a
1299 1286 1478 1335 servo.
1510 1283 1565 1331 et
1590 1292 1617 1330 a
1650 1278 1762 1334 Deo
1794 1281 1962 1336 Filius
1990 1299 2087 1354 ap-

489 1354 722 1422 pellatur
748 1373 761 1408 :
790 1357 930 1412 inter
971 1360 1312 1429 publicanos,
1339 1368 1655 1424 meretrices
1687 1383 1739 1424 et
1769 1386 2086 1442 peccatores

485 1445 551 1498 ad
587 1447 862 1503 lavacrum
893 1452 1059 1518 venit,
1097 1463 1152 1508 et
1185 1456 1426 1510 sanetior
1458 1470 1542 1514 est
1570 1463 1797 1530 baptista
1830 1481 1928 1521 suo
1955 1482 1968 1522 :
1994 1470 2083 1539 qui

485 1537 553 1592 de
585 1541 724 1595 caelo
756 1543 900 1596 venit
933 1545 986 1598 in
1015 1558 1228 1602 uterum
1257 1569 1268 1603 :
1315 1551 1384 1606 de
1411 1562 1564 1610 utero
1596 1556 1649 1609 in
1699 1575 1941 1630 praesepe
1971 1581 1983 1616 :
2018 1563 2085 1618 de

486 1649 728 1705 praisepe
753 1637 804 1690 in
825 1653 1045 1694 crucem
1072 1660 1085 1693 :
1113 1641 1180 1697 de
1209 1659 1370 1700 cruce
1398 1647 1450 1701 in
1478 1653 1728 1719 sepulcro
1750 1653 1815 1706 ad
1843 1656 2081 1712 inferos:

484 1725 555 1780 de
588 1727 776 1783 inferis
813 1731 991 1786 victor
1021 1737 1283 1789 remeavit
1320 1740 1384 1792 ad
1418 1743 1603 1796 cmlos.
1636 1743 1914 1801 Imitemur
1953 1764 2047 1818 erg

483 1815 825 1876 Salvatorem
893 1834 1136 1880 nostrum
1174 1845 1188 1880 :
1230 1830 1352 1898 quia
1407 1834 1521 1900 ipse
1567 1836 1712 1890 mitis
1759 1848 1814 1892 et
1862 1839 2081 1898 humilis

486 1924 691 1978 pastor,
749 1930 920 1986 agnus
961 1929 1014 1972 et
1052 1921 1198 1976 aries
1244 1926 1574 1994 appellatur.
1627 1929 1728 1997 Qui
1774 1948 1868 2001 pro
1922 1936 2080 1991 nobis

482 2001 796 2059 immolatus
825 2016 927 2060 est.
955 2009 1053 2075 Qui
1076 2013 1143 2063 ab
1172 2011 1324 2068 ls:tac
1341 2020 1596 2073 cornibus
1622 2031 1837 2077 tenetur
1868 2028 1918 2079 iu
1950 2043 2076 2081 sen-

481 2094 642 2148 tibus.
696 2096 771 2150 Ex
823 2115 932 2168 quo
987 2101 1060 2155 nil
1112 2103 1211 2159 hac
1259 2107 1569 2165 humilitate
1616 2115 1921 2172 sublimius.
1975 2121 2076 2188 Qui

481 2185 800 2245 Bethlehem
821 2185 872 2245 in
898 2194 1001 2248 hoc
1022 2211 1188 2261 parvo
1211 2211 1368 2254 terrae
1388 2204 1651 2259 foramine
1667 2210 1926 2263 cmlomm
1948 2229 2078 2267 con-

474 2279 617 2336 ditor
664 2296 822 2339 natus
863 2296 964 2341 est.
1001 2289 1098 2344 llic
1132 2291 1408 2350 involutus
1437 2301 1674 2364 pannis:
1725 2305 1811 2356 hic
1851 2306 1996 2358 visus
2043 2322 2072 2360 a

477 2375 784 2440 pastoribus
817 2395 830 2429 :
869 2376 956 2432 hic
989 2392 1322 2438 monstratus
1358 2403 1386 2439 a
1421 2391 1600 2458 stella,
1643 2391 1728 2446 hic
1760 2395 2016 2450 adoratus
2043 2414 2072 2453 a

476 2466 664 2538 Magis.
710 2473 766 2524 In
807 2472 1080 2543 baptismo
1121 2477 1398 2534 humilitas
1425 2481 1648 2551 Christi,
1680 2500 1862 2542 nuStra
1904 2492 2076 2547 subli-

479 2564 662 2619 mitas.
693 2565 844 2621 "iiiis
865 2583 1025 2635 crux,
1053 2581 1236 2624 nostra
1271 2575 1493 2630 victoria
1521 2595 1533 2630 :
1567 2578 1714 2633 illius
1750 2583 2068 2651 patibulum,

479 2665 668 2710 noster
698 2659 1006 2726 triumphus
1031 2672 1134 2716 est.

555 2746 686 2800 Cum
716 2749 879 2819 igitur
901 2752 1176 2809 lavacrum
1201 2765 1252 2810 et
1285 2762 1459 2816 crucis
1490 2764 1700 2832 signum
1729 2770 1780 2823 in
1807 2769 2070 2831 frontibus

471 2837 686 2893 daemon
717 2846 1016 2913 aspexerit,
1050 2855 1443 2912 contremiscit.
1487 2860 1588 2928 Qui
1621 2877 1781 2919 aurea
1814 2870 2069 2938 capitolia

475 2947 581 2987 non
613 2933 822 2998 timent,
856 2955 1073 2994 crucem
1102 2943 1309 3000 timent.
1345 2949 1442 3015 Qui
1473 2963 1827 3012 contemnunt
1855 2977 2068 3034 sceptra

474 3028 698 3097 regalia,
730 3039 784 3083 et
817 3047 1079 3101 purpuras
1105 3036 1400 3106 Cmsarnm,
1437 3055 1489 3099 et
1524 3049 1689 3118 dapes
1734 3050 2072 3114 Christiano-

473 3137 590 3175 rum
620 3139 633 3175 :
685 3125 878 3180 sordes
912 3138 1089 3185 tamen
1143 3143 1194 3187 et
1218 3134 1420 3205 jejunio
1453 3144 1860 3210 pertimescunt.
1910 3151 2070 3209 Jubet
2101 3160 2145 3223 C

472 3214 616 3269 enim
647 3215 920 3285 Christus,
956 3237 1022 3275 ne
1051 3224 1174 3294 quis
1195 3226 1584 3298 discipulorum
1613 3235 1780 3302 dicat,
1808 3242 1927 3310 quia
1956 3245 2072 3313 ipse

471 3317 558 3361 est
606 3309 881 3366 ChriStus.
915 3315 1050 3371 Mira
1100 3322 1256 3386 ratio,
1309 3339 1420 3379 non
1469 3330 1581 3383 vult
1625 3333 1928 3407 prtedicari,
1979 3344 2071 3412 qui

471 3400 670 3470 gaudet
693 3403 948 3476 intelligi,
975 3413 1198 3479 agnosci
1217 3428 1382 3482 amat,
1414 3429 1466 3474 et
1489 3421 1603 3477 odit
1627 3430 1843 3484 ostendi
1866 3450 1876 3482 :
1901 3437 2070 3504 magis

467 3490 586 3545 vult
608 3508 667 3547 se
699 3495 976 3551 inventum
1006 3516 1147 3565 esse,
1172 3519 1331 3575 quam
1363 3511 1636 3578 proditum
1661 3534 1674 3569 :
1698 3527 1760 3572 ut
1783 3519 1951 3578 virtus
1974 3540 2070 3582 sua

467 3582 642 3646 illum,
698 3603 802 3640 non
853 3590 1010 3646 favor
1049 3598 1368 3657 ostenderet
1418 3603 1654 3661 alienus.
1705 3612 1839 3678 Qua:
1888 3627 2068 3672 autem

468 3674 648 3743 major
675 3688 850 3745 potest
895 3696 1020 3738 esse
1070 3687 1381 3758 cleo-tentia,
1417 3710 1576 3765 quam
1628 3709 1685 3755 ut
1733 3702 1902 3762 Filius
1949 3708 2067 3778 Dei,

473 3768 620 3821 filius
654 3768 890 3827 hominis
931 3787 1268 3844 nasceretur,
1315 3786 1500 3841 decem
1549 3793 1815 3849 mensium
1856 3798 2070 3856 fastidia

469 3859 786 3927 sustineret,
843 3875 1029 3934 partus
1080 3884 1423 3940 exspectaret
1463 3881 1777 3952 adventum,
1828 3889 2073 3948 involve-

472 3961 624 4006 retur
656 3955 870 4023 pannis,
919 3960 1281 4031 subjiceretur
1329 3975 1665 4042 parentibus,
1703 3996 1799 4050 per
1828 3983 2068 4056 singulas

470 4044 717 4102 adoleret
750 4057 962 4116 aetates,
995 4063 1049 4109 et
1083 4066 1203 4122 post
1228 4067 1585 4122 contumelias
1617 4085 1829 4141 vocum,
1858 4078 2064 4148 alapas,

467 4144 522 4190 et
570 4138 801 4209 flagella,
836 4145 1015 4199 crucis
1046 4162 1261 4218 quoque
1293 4169 1390 4223 pro
1435 4158 1539 4229 [ΑΙ.
1594 4172 1695 4218 tac.
1747 4138 1866 4241 pro]
1915 4138 2068 4227 nobis

471 4229 626 4285 fieret
657 4235 1031 4306 maledictmu,
1080 4251 1137 4295 ut
1170 4260 1264 4298 nos
1306 4263 1333 4300 a
1380 4253 1669 4310 maledicto
1708 4259 1842 4330 legis
1885 4264 2067 4320 absol-

469 4333 638 4377 veret.
672 4323 815 4380 Patri
866 4327 1039 4385 factus
1083 4347 1166 4390 est
1197 4338 1457 4398 obedicns
1498 4361 1670 4416 usque
1719 4353 1784 4406 ad
1834 4369 2064 4414 mortem

463 4415 638 4486 (Phil.
665 4420 764 4491 tt):
799 4432 858 4477 ut
890 4425 939 4479 id
973 4441 1139 4496 opere
1191 4432 1462 4504 impleret,
1493 4415 1636 4510 quod
1681 4458 1808 4503 aute
1845 4466 1908 4505 ex
1938 4469 2064 4523 per-

464 4525 595 4567 sona
630 4517 943 4575 mediatoris
976 4523 1150 4580 fuerat
1191 4529 1540 4604 deprecatus,
1588 4540 1775 4598 dicens
1807 4565 1820 4600 :
1877 4547 2058 4619 Pater,

468 4607 604 4676 volo,
639 4615 898 4681 quomodo
925 4627 976 4671 et
1003 4636 1095 4690 ego
1140 4632 1190 4676 et
1223 4635 1276 4678 tu
1315 4645 1476 4684 unum
1501 4650 1680 4690 sumus
1708 4654 1728 4692 :
1756 4641 1829 4695 ita
1873 4645 1958 4699 isti
2003 4648 2060 4704 in

463 4701 607 4758 nobis
638 4721 798 4760 unum
822 4710 928 4764 sint
953 4712 1135 4785 (Joan.
1171 4721 1326 4790 ιιι-ιι).

532 4797 675 4868 Ergo
712 4803 836 4871 quia
880 4808 946 4859 ad
981 4807 1082 4864 hoc
1133 4826 1383 4880 venerat,
1431 4828 1490 4874 ut
1527 4824 1672 4892 quod
1719 4827 2061 4899 impossibile

458 4898 579 4941 erat
623 4891 749 4961 legi,
799 4897 922 4965 quia
953 4916 1115 4955 nemo
1149 4891 1573 4980 justifirabatur,
1607 4891 1863 4975 ineffabili
1900 4928 2061 4982 misc-

457 4980 687 5034 riconha
721 4985 961 5043 vinceret
989 5010 1000 5043 :
1048 4996 1362 5060 publicanos
1405 5013 1459 5057 et
1491 5022 1804 5072 peccatores
1834 5018 1900 5071 ad
1942 5037 2056 5090 poe-

1494 5071 1500 5072 γ
1942 5071 2026 5090 ρ.

462 5071 748 5126 nitentiam
782 5084 1128 5144 provocabat.
1168 5089 1321 5146 Unde
1365 5110 1560 5152 novum
1607 5110 1661 5156 et
1693 5107 1939 5166 mirabile
1970 5125 2056 5170 est

467 5163 609 5230 ame
653 5181 773 5230 nos,
824 5169 1079 5230 Dominus
1122 5181 1274 5236 solus
1323 5198 1571 5252 petentes
1618 5210 1678 5251 se
1707 5213 1872 5265 amat,
1907 5209 2058 5262 solus

459 5257 713 5312 irascitur
762 5261 864 5315 nisi
897 5277 1131 5334 petatur.
1181 5274 1280 5329 Illo
1310 5281 1453 5336 enim
1504 5294 1748 5359 tempore
1788 5313 1897 5367 quo
1929 5315 2058 5374 ευρ-

462 5349 615 5374 nl2._2..
655 5355 838 5374 ..-Α-,1.
861 5373 893 5374 η
925 5371 933 5374 .
1061 5362 1096 5374 n

462 5349 618 5412 plicia
655 5355 1030 5425 merebantur,
1061 5362 1200 5420 Deus
1225 5383 1598 5439 argumentum

1623 5385 1938 5446 salvationis
1963 5411 2055 5449 os-

460 5441 702 5496 tenditur
748 5461 762 5496 :

830 5445 1134 5521 intelligere
1189 5474 1475 5527 possumus
1531 5485 1790 5540 quantum
1850 5489 2055 5543 valeret

460 5618 527 5664 “7"
548 5625 596 5688 ι’,
617 5621 696 5676 Et
729 5632 1084 5712 Sltpposititiis
1111 5639 1350 5736 scriptis,
1379 5661 1606 5723 excepto
1654 5643 1812 5732 εμιθηι
1859 5673 2047 5736 ηυδε,

467 5703 596 5736 mus
639 5692 779 5736 Ιιιεη-
813 5711 876 5736 pr
912 5715 1046 5736 an...
1113 5708 1176 5736 ..Α
1263 5727 1441 5736 ..-ηηα

467 5703 596 5745 mus
637 5692 881 5760 tecm—ex
912 5703 1071 5770 epist.
1111 5708 1176 5762 ad
1216 5692 1828 5807 biﬁhiiiif‘ZxS'e'iiiii
1859 5692 2048 5811 laticis;

2198 474 2457 533 Amemus
2481 488 2536 535 et
2560 497 2657 538 nos
2680 483 2979 556 Christum,
3002 492 3228 565 ejusque
3251 513 3468 570 semper
3487 519 3806 573 quaeramus

2197 568 2479 638 amplexus
2507 592 2519 627 :
2549 585 2603 630 et
2631 577 2785 634 facile
2813 582 3086 641 videbitur
3113 605 3276 645 omne
3303 568 3526 652 difficile
3553 616 3564 652 :
3612 599 3802 658 brevia

2200 663 2506 730 putabimus
2540 669 2789 726 universa
2821 691 2942 745 qua:
2971 679 3132 751 longa
3162 695 3309 740 sunt.
3343 686 3611 760 Quodque
3641 694 3800 752 beata

2196 752 2290 808 Dei
2325 758 2604 824 genitrixa
2636 762 2773 820 Filio
2791 783 2891 823 suo
2917 787 3024 826 non
3047 774 3262 846 didicit,
3297 785 3464 837 etelos
3500 785 3794 857 fabricare,

2196 848 2417 916 angelos
2447 866 2662 923 creare,
2695 859 2830 914 mira
2874 862 3090 920 deitatis
3135 870 3368 942 insignia
3399 878 3616 944 operari
3645 897 3658 932 :
3703 883 3798 937 sed

2197 947 2399 995 tantum
2451 943 2747 1019 humiliari,
2801 965 3110 1029 cmteraque
3153 963 3413 1023 virtutum
3463 971 3798 1031 documenta

2197 1029 2334 1088 intra
2365 1035 2685 1097 humilitatis
2714 1049 3018 1106 custodiam
3049 1071 3368 1127 aggregare.

2765 1179 2994 1239 CAPUT
3021 1185 3213 1245 XXVI.

2534 1291 2613 1347 De
2628 1294 2838 1364 justitia
2869 1310 2914 1354 et
2941 1303 3057 1357 eitw
3093 1308 3414 1368 rectitudine.

2264 1399 2457 1471 Etjam
2477 1405 2545 1461 de
2567 1407 2771 1476 justitia
2802 1414 3159 1487 disseramus,
3192 1440 3310 1494 qua:
3340 1437 3422 1483 est
3443 1430 3790 1503 singularum

2191 1506 2370 1548 rerum
2403 1507 2454 1551 et
2491 1515 2844 1569 personarum
2889 1513 3198 1580 a'quissima
3230 1518 3546 1578 distributio
3574 1545 3588 1580 :
3624 1543 3789 1597 quam

2190 1587 2311 1652 quis
2333 1587 2604 1658 obtinens,
2628 1605 2679 1648 et
2703 1597 2790 1650 cui
2823 1603 2945 1668 quis
2965 1605 3276 1674 adlucrens,
3306 1614 3470 1668 vitam
3493 1633 3645 1670 suam
3671 1621 3790 1675 dis-

2189 1678 2368 1746 posite
2427 1693 2480 1735 et
2537 1683 2653 1740 sine
2704 1691 3008 1750 turbatione
3056 1713 3376 1770 conservat,
3437 1711 3680 1766 custodit
3729 1714 3787 1770 in

2053 1767 2083 1804 0
2116 1773 2159 1832 Β
2192 1774 2443 1830 omnibus
2471 1781 2773 1848 mquitatetn
2807 1803 2819 1838 :
2849 1790 2951 1843 scit
2981 1793 3106 1859 quid
3144 1797 3252 1852 Deo
3280 1799 3496 1869 debeat,
3523 1806 3652 1871 quid
3677 1823 3785 1866 non

2185 1862 2417 1935 deneget
2444 1876 2799 1936 potestatibus
2822 1878 2986 1949 hujus
3009 1886 3189 1939 saeculi
3218 1905 3230 1940 :
3254 1891 3381 1960 quid
3405 1893 3506 1948 sibi
3527 1898 3778 1968 retineat,

2183 1961 2310 2026 quid
2347 1967 2594 2028 proximo
2643 1984 2934 2042 competat,
2963 1981 3090 2046 quid
3135 1984 3329 2041 alienis
3370 1993 3659 2064 ceucedat,
3691 2008 3782 2053 aut

2181 2066 2461 2122 congruat.
2494 2057 2704 2115 Justutn
2744 2077 2825 2119 est
2857 2069 3001 2124 enim
3037 2074 3201 2129 lleum
3246 2082 3429 2136 colere
3471 2094 3524 2138 et
3553 2087 3781 2158 diligere

2179 2159 2241 2198 ex
2283 2156 2395 2201 toto
2422 2153 2611 2219 corde,
2637 2165 2691 2210 et
2721 2174 2783 2212 ex
2815 2171 2922 2216 tota
2963 2169 3164 2234 anima,
3200 2183 3252 2225 et
3285 2188 3348 2228 ex
3382 2185 3492 2232 tota
3530 2182 3776 2238 virtute:

2179 2251 2400 2295 sanctos
2425 2253 2479 2297 ct
2501 2251 2805 2312 (“ozequales
2829 2254 3121 2326 honorare,
3148 2272 3203 2318 ct
3229 2267 3427 2321 tributa
3461 2269 3778 2341 impendere

2181 2335 2544 2397 potestatibus
2580 2357 2590 2391 :
2622 2345 2913 2410 superbum
2947 2365 3048 2405 non
3082 2370 3226 2423 esse,
3263 2360 3356 2413 sed
3389 2366 3559 2434 magis
3587 2369 3776 2422 mitem

2177 2431 2230 2475 et
2260 2423 2545 2495 humilem,
2572 2436 2854 2500 proximos
2881 2455 3151 2514 tamquam
3184 2464 3246 2502 se
3271 2453 3492 2524 diligere
3527 2460 3778 2516 :alicnos

2176 2529 2228 2571 et
2253 2520 2503 2577 inimicos
2526 2543 2630 2582 non
2659 2536 2906 2604 prosequi
2933 2539 3076 2605 odio,
3102 2543 3195 2594 sed
3222 2561 3412 2603 aurore
3435 2567 3446 2601 :
3471 2551 3776 2620 subjectum

2177 2626 2300 2666 esse
2332 2616 2626 2689 prioribus,
2670 2626 2754 2678 vel
2782 2640 2942 2684 {etate
2975 2633 3269 2702 majoribus
3304 2658 3316 2694 :
3349 2643 3469 2706 quia
3504 2654 3559 2699 et
3589 2646 3778 2700 Domi-

2178 2719 2276 2758 nus
2308 2707 2431 2762 dum
2458 2724 2604 2768 esset
2634 2719 2872 2773 omnium
2907 2721 3186 2792 Dominus,
3220 2745 3248 2782 a
3287 2730 3497 2790 Joanne
3529 2738 3619 2806 qui
3654 2755 3774 2794 It-ta-

2172 2798 2262 2865 jor
2291 2813 2369 2856 cst
2407 2803 2456 2856 in
2491 2809 2632 2863 natis
2666 2811 2974 2884 mulierum,
3008 2821 3132 2885 quia
3176 2825 3323 2892 prior
3364 2829 3457 2882 illo
3493 2833 3542 2884 in
3578 2833 3773 2889 na'iti-

2177 2899 2285 2946 tate
2315 2894 2590 2952 hominum
2616 2914 2753 2972 erat,
2792 2905 3124 2975 baptizatur:
3151 2925 3202 2968 et
3229 2918 3306 2973 sic
3332 2921 3620 2992 adimpleri
3645 2944 3771 2982 om-

2176 2998 2298 3038 nem
2345 2987 2610 3056 jnstitiam
2676 3008 3029 3063 pt'otestatur.
3093 3005 3170 3062 Ex
3231 3008 3331 3065 hac
3386 3014 3771 3076 misericordia

2177 3079 2440 3147 nascitur,
2470 3084 2788 3154 obsequium
2807 3091 3057 3150 deificam
3085 3113 3399 3169 generatur.

2249 3171 2306 3225 In
2342 3174 2422 3228 his
2463 3179 2716 3236 omnibus
2745 3187 2835 3255 qui
2883 3189 3191 3260 invenitur,
3248 3212 3353 3250 non
3399 3197 3679 3257 immerito
3711 3203 3768 3260 in

2177 3264 2394 3322 Christo
2440 3271 2641 3327 dicitur
2685 3293 3001 3345 permanere
3057 3303 3070 3337 :
3115 3290 3368 3357 quoniam
3419 3291 3539 3350 hate
3587 3298 3772 3353 omnia

2177 3357 2294 3429 ipse
2320 3360 2569 3419 Christus
2598 3379 2700 3423 εει.
2755 3371 2955 3430 Paulus
2986 3395 3085 3433 nos
3130 3384 3400 3451 gloriosus
3431 3388 3695 3446 informat
3718 3401 3774 3448 et

2178 3451 2394 3507 inStruit
2428 3455 2498 3511 de
2535 3458 2752 3516 Christo
2779 3509 2793 3533 ,
2825 3467 3014 3524 dicens
3055 3490 3068 3525 :
3104 3474 3206 3539 Qui
3247 3486 3322 3531 est
3352 3482 3524 3547 [actus
3563 3484 3710 3539 nobis
3738 3503 3773 3540 a

2176 3539 2286 3596 Deo
2318 3548 2531 3618 justitia
2557 3593 2572 3615 ,
2601 3561 2646 3604 et
2675 3559 3022 3628 sanctiﬁcatio
3067 3574 3111 3618 et
3143 3567 3425 3640 redemptio
3465 3573 3510 3646 (Ι
3542 3573 3665 3631 Cor.
3704 3577 3769 3651 ι).

2179 3635 2309 3690 Item
2361 3639 2414 3693 in
2467 3642 2574 3696 alio
2614 3644 2734 3702 loco
2768 3667 2782 3703 :
2818 3653 2920 3718 Qui
2963 3665 3036 3709 est
3084 3660 3443 3718 misericordia
3487 3677 3534 3721 et
3574 3688 3680 3739 pax
3721 3685 3774 3728 et

2174 3729 2402 3797 dilectio,
2443 3750 2602 3805 quam
2631 3738 2806 3798 (ἶνα)ρὶ
2837 3748 3039 3822 ἀγάπην
3081 3766 3297 3810 voeant.
3342 3759 3566 3832 Iniquus
3621 3767 3770 3823 enim

2174 3824 2218 3876 si
2252 3827 2498 3895 sequitur
2521 3829 2787 3900 justitiam
2809 3879 2823 3899 ,
2856 3854 3015 3912 negat
3059 3845 3418 3916 iniquitatem.
3443 3824 3680 3913 -Stultus
3721 3860 3768 3914 si

2175 3925 2440 3986 sequatur
2468 3922 2561 3977 Dei
2590 3927 2935 3995 sapientiam.
2967 3949 3127 4008 negat
3154 3943 3440 3999 stultitiam
3475 3966 3485 4000 :
3517 3952 3772 4023 quodque

2175 4008 2441 4076 sapientia
2474 4055 2488 4079 ,
2516 4015 2794 4088 fortitudo,
2828 4031 3212 4098 temperantia,
3242 4043 3294 4088 et
3322 4039 3546 4093 castitas
3591 4044 3769 4100 Solum

2177 4103 2401 4169 prodest
2432 4105 2757 4166 habentibus
2809 4132 2821 4168 :
2864 4116 3075 4186 justitia
3112 4138 3240 4179 vero
3278 4128 3402 4182 aliis
3451 4141 3506 4185 et
3554 4135 3769 4192 miseris

2176 4193 2396 4260 prodest
2437 4215 2602 4268 :qua:
2648 4214 2859 4272 patrem
2907 4211 2988 4264 vel
3031 4212 3254 4270 fratrem
3290 4236 3395 4272 non
3440 4225 3589 4278 novit
3616 4268 3629 4290 ,
3672 4228 3768 4282 sed

2176 4288 2326 4340 novit
2357 4293 2641 4348 veritatem
2676 4315 2688 4350 :
2726 4313 3013 4368 personam
3061 4323 3170 4362 non
3228 4314 3464 4382 accipit,
3511 4330 3564 4374 et
3599 4320 3766 4376 Deum

2177 4375 2435 4434 imitatur.
2473 4383 2677 4440 Discite
2726 4405 2856 4457 ergo
2901 4393 3036 4449 bene
3068 4397 3264 4456 facere.
3300 4403 3486 4463 Virtus
3514 4411 3656 4466 enim
3686 4414 3772 4468 di-

2173 4471 2374 4524 scenda
2414 4485 2517 4528 est.
2552 4477 2660 4532 Nec
2709 4493 2917 4540 natura:
2950 4496 3156 4546 tantum
3208 4495 3404 4552 bonum
3452 4505 3656 4560 sufficit
3702 4510 3772 4565 ad

2088 4551 2143 4613 D
2169 4559 2458 4630 justitiam,
2488 4569 2590 4624 nisi
2617 4574 2736 4641 quis
2760 4577 3006 4634 rudiatur
3040 4589 3292 4657 congruis
3326 4592 3653 4666 disciplinis.
3682 4603 3774 4660 Di-

2171 4659 2369 4712 scenda
2394 4670 2477 4714 est
2506 4678 2636 4733 ergo
2660 4668 2887 4736 justitia,
2915 4687 2964 4728 et
2988 4681 3375 4748 magistrorum
3398 4693 3619 4747 terenda
3645 4709 3774 4754 sunt

2170 4748 2379 4806 limina.
2413 4754 2704 4816 Szecularis
2734 4773 2915 4821 autem
2944 4769 3132 4842 judex,
3158 4780 3395 4849 aet-eptis
3422 4788 3767 4856 muneribus,

2169 4843 2496 4900 condemnat
2533 4849 2803 4909 insontem
2830 4900 2845 4923 ,
2876 4871 2930 4914 ct
2961 4878 3112 4918 reum
3148 4867 3360 4924 liberat.
3393 4871 3550 4940 Quod
3599 4881 3771 4934 inter-

2168 4935 2293 4991 dum
2323 4939 2389 4993 dc
2421 4942 2680 5002 Ecclesia:
2713 4954 3050 5022 principibus
3086 4963 3190 5018 dici
3227 4935 3434 5037 potest,
3456 4973 3604 5040 quod
3639 4991 3769 5043 pro-

2166 5038 2288 5100 pter
2318 5051 2537 5090 mnnera
2570 5042 2810 5100 laterent
2837 5049 3009 5118 legem
3039 5072 3050 5106 :
3077 5065 3131 5109 et
3159 5074 3266 5113 non
3296 5061 3594 5130 perducunt
3614 5067 3768 5135 judi-

2171 5123 2312 5178 cium
2348 5129 2412 5184 ad
2443 5130 2629 5188 finem.

2698 5205 2930 5268 CAPUT
2971 5191 3184 5274 xsvn.

2602 5299 2678 5354 De
2715 5305 2838 5371 ﬁde,
2880 5325 2990 5379 spe,
3033 5323 3080 5365 et
3120 5316 3322 5370 timore.

2238 5411 2294 5465 Si
2337 5423 2520 5469 autem
2557 5417 2727 5485 fides,
2771 5433 2826 5478 ut
2871 5426 3044 5496 inquit
3077 5435 3357 5500 apostolus
3392 5433 3592 5494 Paulus
3621 5489 3634 5512 ,
3672 5444 3771 5502 Eat

2164 5507 2449 5562 substantia
2495 5514 2873 5581 spcrandarum
2921 5536 3096 5575 rerum
3130 5524 3314 5595 (Hebr.
3367 5545 3418 5583 χι
3447 5572 3462 5598 ,
3502 5532 3590 5605 It),
3632 5555 3772 5609 quas

2157 5689 2335 5744 omnia
2365 5701 2510 5819 snnp
2543 5693 2619 5751 lta
2644 5707 2697 5753 et
2728 5699 2965 5757 maxima
2989 5717 3115 5774 pars
3143 5705 3260 5776 ejus
3291 5709 3433 5779 quod
3465 5713 3767 5790 subsequi-

2157 5767 2247 5816 tur
2281 5773 2465 5819 caottu
2493 5781 2532 5819 ι.

2157 5767 2247 5816 tur
2281 5767 2532 5833 capituli.
