  <div class='ocr_page' id='page_1' title='image "/cluster/home/n/w/nwhite01/storage/ocr_20150623/30/uva.x000826572/198.png"; bbox 0 0 4048 6340; ppageno 0'>
   <div class='ocr_carea' id='block_1_1' title="bbox 282 330 385 393">
    <p class='ocr_par' dir='ltr' id='par_1_1' title="bbox 282 330 385 393">
     <span class='ocr_line' id='line_1_1' title="bbox 282 330 385 393; baseline -0.019 0"><span class='ocrx_word' id='word_1_1' title='bbox 282 330 385 393; x_wconf 77' lang='grc'><strong>’581</strong></span> 
     </span>
    </p>
   </div>
   <div class='ocr_carea' id='block_1_2' title="bbox 871 287 2986 389">
    <p class='ocr_par' dir='ltr' id='par_1_2' title="bbox 871 287 2986 389">
     <span class='ocr_line' id='line_1_2' title="bbox 871 287 2986 389; baseline -0.001 -3"><span class='ocrx_word' id='word_1_2' title='bbox 871 328 1153 389; x_wconf 76' lang='lat' dir='ltr'><strong>REGULA</strong></span> <span class='ocrx_word' id='word_1_3' title='bbox 1189 287 1675 386; x_wconf 61' lang='lat' dir='ltr'><strong>MONACIIORUbi</strong></span> <span class='ocrx_word' id='word_1_4' title='bbox 1711 328 1807 386; x_wconf 80' lang='lat' dir='ltr'><strong>EX</strong></span> <span class='ocrx_word' id='word_1_5' title='bbox 1844 325 2152 386; x_wconf 78' lang='lat' dir='ltr'><strong>SCRIPTIS</strong></span> <span class='ocrx_word' id='word_1_6' title='bbox 2191 324 2567 385; x_wconf 79' lang='lat' dir='ltr'><strong>HIERONYMI</strong></span> <span class='ocrx_word' id='word_1_7' title='bbox 2603 326 2986 386; x_wconf 79' lang='lat' dir='ltr'><strong>COLLECTA.</strong></span> 
     </span>
    </p>
   </div>
   <div class='ocr_carea' id='block_1_3' title="bbox 3483 330 3592 388">
    <p class='ocr_par' dir='ltr' id='par_1_3' title="bbox 3483 330 3592 388">
     <span class='ocr_line' id='line_1_3' title="bbox 3483 330 3592 388; baseline 0 0"><span class='ocrx_word' id='word_1_8' title='bbox 3483 330 3592 388; x_wconf 73' lang='lat'><strong>58?.</strong></span> 
     </span>
    </p>
   </div>
   <div class='ocr_carea' id='block_1_4' title="bbox 283 412 3590 527">
    <p class='ocr_par' dir='ltr' id='par_1_4' title="bbox 283 412 3590 527">
     <span class='ocr_line' id='line_1_4' title="bbox 283 412 3590 527; baseline -0.001 -16"><span class='ocrx_word' id='word_1_9' title='bbox 283 470 577 525; x_wconf 76' lang='lat' dir='ltr'><strong>speramus</strong></span> <span class='ocrx_word' id='word_1_10' title='bbox 598 499 616 521; x_wconf 89' lang='lat'><strong>,</strong></span> <span class='ocrx_word' id='word_1_11' title='bbox 643 463 701 511; x_wconf 91' lang='lat' dir='ltr'><strong>et</strong></span> <span class='ocrx_word' id='word_1_12' title='bbox 738 454 901 512; x_wconf 89' lang='lat' dir='ltr'><strong>index</strong></span> <span class='ocrx_word' id='word_1_13' title='bbox 930 468 1112 512; x_wconf 86' lang='lat' dir='ltr'><strong>rerum</strong></span> <span class='ocrx_word' id='word_1_14' title='bbox 1150 470 1287 527; x_wconf 82' lang='lat' dir='ltr'><strong>quas</strong></span> <span class='ocrx_word' id='word_1_15' title='bbox 1319 470 1430 512; x_wconf 74' lang='lat' dir='ltr'><strong>non</strong></span> <span class='ocrx_word' id='word_1_16' title='bbox 1463 454 1708 511; x_wconf 82' lang='lat' dir='ltr'><strong>videmus</strong></span> <span class='ocrx_word' id='word_1_17' title='bbox 1735 473 1749 510; x_wconf 90' lang='lat'><strong>:</strong></span> <span class='ocrx_word' id='word_1_18' title='bbox 1774 468 1891 512; x_wconf 86' lang='lat' dir='ltr'><strong>ere-</strong></span> <span class='ocrx_word' id='word_1_19' title='bbox 1919 452 1971 513; x_wconf 80' lang='grc' dir='ltr'>Α</span> <span class='ocrx_word' id='word_1_20' title='bbox 2000 452 2252 508; x_wconf 91' lang='lat' dir='ltr'><strong>omnibus</strong></span> <span class='ocrx_word' id='word_1_21' title='bbox 2281 452 2457 523; x_wconf 80' lang='lat' dir='ltr'><strong>major</strong></span> <span class='ocrx_word' id='word_1_22' title='bbox 2487 460 2591 509; x_wconf 85' lang='lat' dir='ltr'><strong>est.</strong></span> <span class='ocrx_word' id='word_1_23' title='bbox 2620 452 2767 508; x_wconf 83' lang='lat' dir='ltr'><strong>Inter</strong></span> <span class='ocrx_word' id='word_1_24' title='bbox 2795 460 2993 508; x_wconf 70' lang='lat' dir='ltr'><strong>caztera</strong></span> <span class='ocrx_word' id='word_1_25' title='bbox 3016 452 3095 509; x_wconf 91' lang='lat' dir='ltr'><strong>sic</strong></span> <span class='ocrx_word' id='word_1_26' title='bbox 3127 452 3326 510; x_wconf 93' lang='lat' dir='ltr'><strong>fatetur</strong></span> <span class='ocrx_word' id='word_1_27' title='bbox 3354 412 3590 509; x_wconf 71' lang='lat' dir='ltr'><strong>Paulus:</strong></span> 
     </span>
    </p>
   </div>
   <div class='ocr_carea' id='block_1_5' title="bbox 283 548 1886 620">
    <p class='ocr_par' dir='ltr' id='par_1_5' title="bbox 283 548 1886 620">
     <span class='ocr_line' id='line_1_5' title="bbox 283 548 1886 620; baseline -0.001 -15"><span class='ocrx_word' id='word_1_28' title='bbox 283 549 416 606; x_wconf 84' lang='lat' dir='ltr'><strong>dere</strong></span> <span class='ocrx_word' id='word_1_29' title='bbox 460 557 518 604; x_wconf 87' lang='lat' dir='ltr'><strong>et</strong></span> <span class='ocrx_word' id='word_1_30' title='bbox 546 548 713 605; x_wconf 82' lang='lat' dir='ltr'><strong>fidere</strong></span> <span class='ocrx_word' id='word_1_31' title='bbox 739 550 864 620; x_wconf 88' lang='lat' dir='ltr'><strong>quis</strong></span> <span class='ocrx_word' id='word_1_32' title='bbox 898 549 1101 617; x_wconf 89' lang='lat' dir='ltr'><strong>debet,</strong></span> <span class='ocrx_word' id='word_1_33' title='bbox 1133 550 1277 619; x_wconf 88' lang='lat' dir='ltr'><strong>quod</strong></span> <span class='ocrx_word' id='word_1_34' title='bbox 1325 548 1470 606; x_wconf 82' lang='lat' dir='ltr'><strong>Deus</strong></span> <span class='ocrx_word' id='word_1_35' title='bbox 1496 562 1561 604; x_wconf 85' lang='lat' dir='ltr'><strong>ea</strong></span> <span class='ocrx_word' id='word_1_36' title='bbox 1589 562 1711 619; x_wconf 66' lang='lat' dir='ltr'><strong>qua:</strong></span> <span class='ocrx_word' id='word_1_37' title='bbox 1756 562 1886 619; x_wconf 88' lang='lat' dir='ltr'><strong>pro-</strong></span> 
     </span>
    </p>
   </div>
   <div class='ocr_carea' id='block_1_6' title="bbox 282 640 1885 712">
    <p class='ocr_par' dir='ltr' id='par_1_6' title="bbox 282 640 1885 712">
     <span class='ocr_line' id='line_1_6' title="bbox 282 640 1885 712; baseline 0.001 -16"><span class='ocrx_word' id='word_1_38' title='bbox 282 640 477 707; x_wconf 89' lang='lat' dir='ltr'><strong>mittit,</strong></span> <span class='ocrx_word' id='word_1_39' title='bbox 505 651 699 711; x_wconf 81' lang='lat' dir='ltr'><strong>patens</strong></span> <span class='ocrx_word' id='word_1_40' title='bbox 728 652 817 697; x_wconf 87' lang='lat' dir='ltr'><strong>est</strong></span> <span class='ocrx_word' id='word_1_41' title='bbox 843 641 1183 712; x_wconf 84' lang='lat' dir='ltr'><strong>adimplere:</strong></span> <span class='ocrx_word' id='word_1_42' title='bbox 1208 652 1263 699; x_wconf 88' lang='lat' dir='ltr'><strong>et</strong></span> <span class='ocrx_word' id='word_1_43' title='bbox 1290 657 1441 712; x_wconf 83' lang='lat' dir='ltr'><strong>spem</strong></span> <span class='ocrx_word' id='word_1_44' title='bbox 1471 657 1624 697; x_wconf 84' lang='lat' dir='ltr'><strong>suam</strong></span> <span class='ocrx_word' id='word_1_45' title='bbox 1656 643 1708 696; x_wconf 91' lang='lat' dir='ltr'><strong>in</strong></span> <span class='ocrx_word' id='word_1_46' title='bbox 1740 640 1885 697; x_wconf 83' lang='lat' dir='ltr'><strong>futu-</strong></span> 
     </span>
    </p>
   </div>
   <div class='ocr_carea' id='block_1_7' title="bbox 282 734 1886 806">
    <p class='ocr_par' dir='ltr' id='par_1_7' title="bbox 282 734 1886 806">
     <span class='ocr_line' id='line_1_7' title="bbox 282 734 1886 806; baseline 0.002 -17"><span class='ocrx_word' id='word_1_47' title='bbox 282 749 399 789; x_wconf 90' lang='lat' dir='ltr'><strong>rum</strong></span> <span class='ocrx_word' id='word_1_48' title='bbox 435 734 737 791; x_wconf 88' lang='lat' dir='ltr'><strong>transferre</strong></span> <span class='ocrx_word' id='word_1_49' title='bbox 768 753 783 790; x_wconf 87' lang='lat'><strong>:</strong></span> <span class='ocrx_word' id='word_1_50' title='bbox 814 747 944 791; x_wconf 87' lang='lat' dir='ltr'><strong>tunc</strong></span> <span class='ocrx_word' id='word_1_51' title='bbox 992 736 1152 806; x_wconf 81' lang='lat' dir='ltr'><strong>plena</strong></span> <span class='ocrx_word' id='word_1_52' title='bbox 1198 736 1304 792; x_wconf 85' lang='lat' dir='ltr'><strong>fide</strong></span> <span class='ocrx_word' id='word_1_53' title='bbox 1348 738 1549 806; x_wconf 89' lang='lat' dir='ltr'><strong>poterit</strong></span> <span class='ocrx_word' id='word_1_54' title='bbox 1577 736 1644 791; x_wconf 87' lang='lat' dir='ltr'><strong>ad</strong></span> <span class='ocrx_word' id='word_1_55' title='bbox 1678 752 1739 790; x_wconf 81' lang='lat' dir='ltr'><strong>ea</strong></span> <span class='ocrx_word' id='word_1_56' title='bbox 1766 752 1886 806; x_wconf 69' lang='lat' dir='ltr'><strong>qua:</strong></span> 
     </span>
    </p>
   </div>
   <div class='ocr_carea' id='block_1_8' title="bbox 281 828 1883 896">
    <p class='ocr_par' dir='ltr' id='par_1_8' title="bbox 281 828 1883 896">
     <span class='ocr_line' id='line_1_8' title="bbox 281 828 1883 896; baseline 0.004 -16"><span class='ocrx_word' id='word_1_57' title='bbox 281 828 551 896; x_wconf 75' lang='lat' dir='ltr'><strong>promissa</strong></span> <span class='ocrx_word' id='word_1_58' title='bbox 580 838 727 896; x_wconf 84' lang='lat' dir='ltr'><strong>sunt,</strong></span> <span class='ocrx_word' id='word_1_59' title='bbox 756 828 919 886; x_wconf 79' lang='lat' dir='ltr'><strong>facile</strong></span> <span class='ocrx_word' id='word_1_60' title='bbox 946 832 1260 895; x_wconf 84' lang='lat' dir='ltr'><strong>pervenire.</strong></span> <span class='ocrx_word' id='word_1_61' title='bbox 1287 831 1417 887; x_wconf 63' lang='lat' dir='ltr'><strong>Ha&#39;c</strong></span> <span class='ocrx_word' id='word_1_62' title='bbox 1448 832 1606 887; x_wconf 85' lang='lat' dir='ltr'><strong>nobis</strong></span> <span class='ocrx_word' id='word_1_63' title='bbox 1631 832 1883 887; x_wconf 84' lang='lat' dir='ltr'><strong>universa</strong></span> 
     </span>
    </p>
   </div>
   <div class='ocr_carea' id='block_1_9' title="bbox 282 921 1884 993">
    <p class='ocr_par' dir='ltr' id='par_1_9' title="bbox 282 921 1884 993">
     <span class='ocr_line' id='line_1_9' title="bbox 282 921 1884 993; baseline 0.002 -19"><span class='ocrx_word' id='word_1_64' title='bbox 282 921 580 976; x_wconf 75' lang='lat' dir='ltr'><strong>invisibilia</strong></span> <span class='ocrx_word' id='word_1_65' title='bbox 608 932 739 976; x_wconf 89' lang='lat' dir='ltr'><strong>ante</strong></span> <span class='ocrx_word' id='word_1_66' title='bbox 780 922 972 977; x_wconf 84' lang='lat' dir='ltr'><strong>oculos</strong></span> <span class='ocrx_word' id='word_1_67' title='bbox 1000 924 1171 993; x_wconf 83' lang='lat' dir='ltr'><strong>ponit.</strong></span> <span class='ocrx_word' id='word_1_68' title='bbox 1208 924 1286 980; x_wconf 80' lang='lat' dir='ltr'><strong>Ad</strong></span> <span class='ocrx_word' id='word_1_69' title='bbox 1320 925 1460 980; x_wconf 78' lang='lat' dir='ltr'><strong>hanc</strong></span> <span class='ocrx_word' id='word_1_70' title='bbox 1490 924 1740 993; x_wconf 75' lang='lat' dir='ltr'><strong>ingressi,</strong></span> <span class='ocrx_word' id='word_1_71' title='bbox 1769 924 1884 978; x_wconf 89' lang='lat' dir='ltr'><strong>dia-</strong></span> 
     </span>
    </p>
   </div>
   <div class='ocr_carea' id='block_1_10' title="bbox 278 1012 1881 1085">
    <p class='ocr_par' dir='ltr' id='par_1_10' title="bbox 278 1012 1881 1085">
     <span class='ocr_line' id='line_1_10' title="bbox 278 1012 1881 1085; baseline 0.002 -16"><span class='ocrx_word' id='word_1_72' title='bbox 278 1012 387 1069; x_wconf 81' lang='lat' dir='ltr'><strong>boli</strong></span> <span class='ocrx_word' id='word_1_73' title='bbox 412 1024 467 1067; x_wconf 87' lang='lat' dir='ltr'><strong>et</strong></span> <span class='ocrx_word' id='word_1_74' title='bbox 490 1024 821 1083; x_wconf 81' lang='lat' dir='ltr'><strong>potestatum</strong></span> <span class='ocrx_word' id='word_1_75' title='bbox 845 1016 1006 1085; x_wconf 83' lang='lat' dir='ltr'><strong>hujus</strong></span> <span class='ocrx_word' id='word_1_76' title='bbox 1027 1016 1213 1071; x_wconf 86' lang='lat' dir='ltr'><strong>mundi</strong></span> <span class='ocrx_word' id='word_1_77' title='bbox 1238 1029 1293 1069; x_wconf 90' lang='lat' dir='ltr'><strong>et</strong></span> <span class='ocrx_word' id='word_1_78' title='bbox 1314 1017 1503 1072; x_wconf 75' lang='lat' dir='ltr'><strong>harum</strong></span> <span class='ocrx_word' id='word_1_79' title='bbox 1530 1018 1881 1073; x_wconf 78' lang='lat' dir='ltr'><strong>tenebrarum</strong></span> 
     </span>
    </p>
   </div>
   <div class='ocr_carea' id='block_1_11' title="bbox 280 1107 1877 1180">
    <p class='ocr_par' dir='ltr' id='par_1_11' title="bbox 280 1107 1877 1180">
     <span class='ocr_line' id='line_1_11' title="bbox 280 1107 1877 1180; baseline 0.004 -21"><span class='ocrx_word' id='word_1_80' title='bbox 280 1107 538 1161; x_wconf 79' lang='lat' dir='ltr'><strong>universa</strong></span> <span class='ocrx_word' id='word_1_81' title='bbox 570 1107 878 1163; x_wconf 84' lang='lat' dir='ltr'><strong>deserimus</strong></span> <span class='ocrx_word' id='word_1_82' title='bbox 912 1126 926 1163; x_wconf 88' lang='lat'><strong>:</strong></span> <span class='ocrx_word' id='word_1_83' title='bbox 959 1110 1069 1163; x_wconf 88' lang='lat' dir='ltr'><strong>Deo</strong></span> <span class='ocrx_word' id='word_1_84' title='bbox 1097 1125 1220 1165; x_wconf 91' lang='lat' dir='ltr'><strong>cum</strong></span> <span class='ocrx_word' id='word_1_85' title='bbox 1250 1109 1442 1165; x_wconf 82' lang='lat' dir='ltr'><strong>ﬁducia</strong></span> <span class='ocrx_word' id='word_1_86' title='bbox 1486 1112 1877 1180; x_wconf 75' lang='lat' dir='ltr'><strong>proximamus.</strong></span> 
     </span>
    </p>
   </div>
   <div class='ocr_carea' id='block_1_12' title="bbox 274 1195 1880 1269">
    <p class='ocr_par' dir='ltr' id='par_1_12' title="bbox 274 1195 1880 1269">
     <span class='ocr_line' id='line_1_12' title="bbox 274 1195 1880 1269; baseline 0.004 -19"><span class='ocrx_word' id='word_1_87' title='bbox 274 1195 515 1254; x_wconf 85' lang='lat' dir='ltr'><strong>Credere</strong></span> <span class='ocrx_word' id='word_1_88' title='bbox 565 1201 711 1254; x_wconf 89' lang='lat' dir='ltr'><strong>enim</strong></span> <span class='ocrx_word' id='word_1_89' title='bbox 765 1212 821 1255; x_wconf 90' lang='lat' dir='ltr'><strong>et</strong></span> <span class='ocrx_word' id='word_1_90' title='bbox 872 1215 1101 1267; x_wconf 86' lang='lat' dir='ltr'><strong>sperare</strong></span> <span class='ocrx_word' id='word_1_91' title='bbox 1153 1214 1380 1257; x_wconf 88' lang='lat' dir='ltr'><strong>necesse</strong></span> <span class='ocrx_word' id='word_1_92' title='bbox 1435 1211 1520 1256; x_wconf 89' lang='lat' dir='ltr'><strong>est</strong></span> <span class='ocrx_word' id='word_1_93' title='bbox 1564 1217 1688 1269; x_wconf 71' lang='lat' dir='ltr'><strong>qua:</strong></span> <span class='ocrx_word' id='word_1_94' title='bbox 1738 1201 1880 1257; x_wconf 84' lang='lat' dir='ltr'><strong>Deus</strong></span> 
     </span>
    </p>
   </div>
   <div class='ocr_carea' id='block_1_13' title="bbox 268 1288 1873 1363">
    <p class='ocr_par' dir='ltr' id='par_1_13' title="bbox 268 1288 1873 1363">
     <span class='ocr_line' id='line_1_13' title="bbox 268 1288 1873 1363; baseline 0.004 -20"><span class='ocrx_word' id='word_1_95' title='bbox 268 1288 438 1355; x_wconf 80' lang='lat' dir='ltr'><strong>jussit</strong></span> <span class='ocrx_word' id='word_1_96' title='bbox 473 1309 484 1345; x_wconf 87' lang='lat'><strong>:</strong></span> <span class='ocrx_word' id='word_1_97' title='bbox 516 1306 637 1345; x_wconf 91' lang='lat' dir='ltr'><strong>cum</strong></span> <span class='ocrx_word' id='word_1_98' title='bbox 666 1308 787 1358; x_wconf 68' lang='lat' dir='ltr'><strong>quas</strong></span> <span class='ocrx_word' id='word_1_99' title='bbox 821 1291 1073 1347; x_wconf 87' lang='lat' dir='ltr'><strong>diabolus</strong></span> <span class='ocrx_word' id='word_1_100' title='bbox 1120 1292 1464 1360; x_wconf 79' lang='lat' dir='ltr'><strong>inseruerat,</strong></span> <span class='ocrx_word' id='word_1_101' title='bbox 1515 1294 1873 1363; x_wconf 61' lang='lat' dir='ltr'><strong>ahuegamus.</strong></span> 
     </span>
    </p>
   </div>
   <div class='ocr_carea' id='block_1_14' title="bbox 274 1381 1878 1454">
    <p class='ocr_par' dir='ltr' id='par_1_14' title="bbox 274 1381 1878 1454">
     <span class='ocr_line' id='line_1_14' title="bbox 274 1381 1878 1454; baseline 0.004 -20"><span class='ocrx_word' id='word_1_102' title='bbox 274 1381 465 1436; x_wconf 85' lang='lat' dir='ltr'><strong>Fidem</strong></span> <span class='ocrx_word' id='word_1_103' title='bbox 494 1398 621 1451; x_wconf 86' lang='lat' dir='ltr'><strong>spes</strong></span> <span class='ocrx_word' id='word_1_104' title='bbox 652 1384 900 1452; x_wconf 82' lang='lat' dir='ltr'><strong>sequitur</strong></span> <span class='ocrx_word' id='word_1_105' title='bbox 936 1402 947 1439; x_wconf 95' lang='lat'>:</span> <span class='ocrx_word' id='word_1_106' title='bbox 983 1386 1165 1454; x_wconf 82' lang='lat' dir='ltr'><strong>itaque</strong></span> <span class='ocrx_word' id='word_1_107' title='bbox 1195 1386 1264 1441; x_wconf 91' lang='lat' dir='ltr'><strong>de</strong></span> <span class='ocrx_word' id='word_1_108' title='bbox 1294 1385 1407 1451; x_wconf 84' lang='lat' dir='ltr'><strong>ipsa</strong></span> <span class='ocrx_word' id='word_1_109' title='bbox 1441 1386 1748 1453; x_wconf 74' lang='lat' dir='ltr'><strong>loquamur.</strong></span> <span class='ocrx_word' id='word_1_110' title='bbox 1781 1386 1878 1441; x_wconf 84' lang='lat' dir='ltr'><strong>Est</strong></span> 
     </span>
    </p>
   </div>
   <div class='ocr_carea' id='block_1_15' title="bbox 272 1473 1872 1545">
    <p class='ocr_par' dir='ltr' id='par_1_15' title="bbox 272 1473 1872 1545">
     <span class='ocr_line' id='line_1_15' title="bbox 272 1473 1872 1545; baseline 0.003 -18"><span class='ocrx_word' id='word_1_111' title='bbox 272 1473 437 1542; x_wconf 82' lang='lat' dir='ltr'><strong>igitur</strong></span> <span class='ocrx_word' id='word_1_112' title='bbox 474 1489 601 1545; x_wconf 87' lang='lat' dir='ltr'><strong>spes</strong></span> <span class='ocrx_word' id='word_1_113' title='bbox 646 1476 988 1543; x_wconf 77' lang='lat' dir='ltr'><strong>exspectatio</strong></span> <span class='ocrx_word' id='word_1_114' title='bbox 1028 1492 1208 1532; x_wconf 88' lang='lat' dir='ltr'><strong>rerum</strong></span> <span class='ocrx_word' id='word_1_115' title='bbox 1252 1476 1493 1531; x_wconf 86' lang='lat' dir='ltr'><strong>omnium</strong></span> <span class='ocrx_word' id='word_1_116' title='bbox 1529 1476 1829 1532; x_wconf 87' lang='lat' dir='ltr'><strong>futurarum</strong></span> <span class='ocrx_word' id='word_1_117' title='bbox 1856 1519 1872 1541; x_wconf 90' lang='lat'><strong>,</strong></span> 
     </span>
    </p>
   </div>
   <div class='ocr_carea' id='block_1_16' title="bbox 272 1566 1874 1639">
    <p class='ocr_par' dir='ltr' id='par_1_16' title="bbox 272 1566 1874 1639">
     <span class='ocr_line' id='line_1_16' title="bbox 272 1566 1874 1639; baseline 0.006 -23"><span class='ocrx_word' id='word_1_118' title='bbox 272 1582 433 1633; x_wconf 90' lang='lat' dir='ltr'><strong>quam</strong></span> <span class='ocrx_word' id='word_1_119' title='bbox 467 1567 519 1622; x_wconf 93' lang='lat' dir='ltr'><strong>iu</strong></span> <span class='ocrx_word' id='word_1_120' title='bbox 556 1566 662 1622; x_wconf 85' lang='lat' dir='ltr'><strong>fide</strong></span> <span class='ocrx_word' id='word_1_121' title='bbox 713 1568 982 1624; x_wconf 82' lang='lat' dir='ltr'><strong>habemus</strong></span> <span class='ocrx_word' id='word_1_122' title='bbox 1007 1612 1023 1634; x_wconf 89' lang='lat'><strong>,</strong></span> <span class='ocrx_word' id='word_1_123' title='bbox 1051 1586 1153 1639; x_wconf 90' lang='lat' dir='ltr'><strong>qua</strong></span> <span class='ocrx_word' id='word_1_124' title='bbox 1186 1570 1484 1631; x_wconf 86' lang='lat' dir='ltr'><strong>salvamur,</strong></span> <span class='ocrx_word' id='word_1_125' title='bbox 1530 1571 1697 1626; x_wconf 87' lang='lat' dir='ltr'><strong>Paulo</strong></span> <span class='ocrx_word' id='word_1_126' title='bbox 1739 1571 1874 1625; x_wconf 88' lang='lat' dir='ltr'><strong>seri-</strong></span> 
     </span>
    </p>
   </div>
   <div class='ocr_carea' id='block_1_17' title="bbox 270 1659 1871 1735">
    <p class='ocr_par' dir='ltr' id='par_1_17' title="bbox 270 1659 1871 1735">
     <span class='ocr_line' id='line_1_17' title="bbox 270 1659 1871 1735; baseline 0.002 -22"><span class='ocrx_word' id='word_1_127' title='bbox 270 1659 433 1715; x_wconf 89' lang='lat' dir='ltr'><strong>bente</strong></span> <span class='ocrx_word' id='word_1_128' title='bbox 472 1661 775 1731; x_wconf 84' lang='lat' dir='ltr'><strong>apostolo:</strong></span> <span class='ocrx_word' id='word_1_129' title='bbox 819 1663 930 1732; x_wconf 97' lang='lat' dir='ltr'><strong>Spe</strong></span> <span class='ocrx_word' id='word_1_130' title='bbox 979 1664 1115 1716; x_wconf 86' lang='lat' dir='ltr'><strong>enim</strong></span> <span class='ocrx_word' id='word_1_131' title='bbox 1158 1664 1293 1717; x_wconf 85' lang='lat' dir='ltr'><strong>salvi</strong></span> <span class='ocrx_word' id='word_1_132' title='bbox 1328 1664 1455 1733; x_wconf 76' lang='lat' dir='ltr'><strong>facti</strong></span> <span class='ocrx_word' id='word_1_133' title='bbox 1494 1681 1693 1719; x_wconf 80' lang='lat' dir='ltr'><strong>sumus.</strong></span> <span class='ocrx_word' id='word_1_134' title='bbox 1738 1662 1871 1735; x_wconf 86' lang='lat' dir='ltr'><strong>Spes</strong></span> 
     </span>
    </p>
   </div>
   <div class='ocr_carea' id='block_1_18' title="bbox 270 1754 1868 1825">
    <p class='ocr_par' dir='ltr' id='par_1_18' title="bbox 270 1754 1868 1825">
     <span class='ocr_line' id='line_1_18' title="bbox 270 1754 1868 1825; baseline 0.003 -20"><span class='ocrx_word' id='word_1_135' title='bbox 270 1761 443 1807; x_wconf 85' lang='lat' dir='ltr'><strong>autem</strong></span> <span class='ocrx_word' id='word_1_136' title='bbox 464 1768 582 1823; x_wconf 78' lang='lat' dir='ltr'><strong>qua:</strong></span> <span class='ocrx_word' id='word_1_137' title='bbox 609 1754 834 1821; x_wconf 83' lang='lat' dir='ltr'><strong>videtur,</strong></span> <span class='ocrx_word' id='word_1_138' title='bbox 858 1771 963 1809; x_wconf 84' lang='lat' dir='ltr'><strong>non</strong></span> <span class='ocrx_word' id='word_1_139' title='bbox 986 1764 1059 1809; x_wconf 87' lang='lat' dir='ltr'><strong>est</strong></span> <span class='ocrx_word' id='word_1_140' title='bbox 1082 1771 1198 1823; x_wconf 86' lang='lat' dir='ltr'><strong>spes</strong></span> <span class='ocrx_word' id='word_1_141' title='bbox 1223 1754 1404 1823; x_wconf 79' lang='lat' dir='ltr'><strong>(Rom.</strong></span> <span class='ocrx_word' id='word_1_142' title='bbox 1430 1771 1545 1818; x_wconf 87' lang='lat' dir='ltr'><strong>vm,</strong></span> <span class='ocrx_word' id='word_1_143' title='bbox 1571 1754 1686 1825; x_wconf 69' lang='grc'>24).</span> <span class='ocrx_word' id='word_1_144' title='bbox 1714 1755 1868 1821; x_wconf 84' lang='lat' dir='ltr'><strong>Quod</strong></span> 
     </span>
    </p>
   </div>
   <div class='ocr_carea' id='block_1_19' title="bbox 1991 544 3586 617">
    <p class='ocr_par' dir='ltr' id='par_1_19' title="bbox 1991 544 3586 617">
     <span class='ocr_line' id='line_1_19' title="bbox 1991 544 3586 617; baseline 0.003 -18"><span class='ocrx_word' id='word_1_145' title='bbox 1991 544 2207 601; x_wconf 74' lang='lat' dir='ltr'><strong>Manent</strong></span> <span class='ocrx_word' id='word_1_146' title='bbox 2249 554 2423 599; x_wconf 83' lang='lat' dir='ltr'><strong>autem</strong></span> <span class='ocrx_word' id='word_1_147' title='bbox 2474 547 2576 599; x_wconf 96' lang='lat' dir='ltr'><strong>tria</strong></span> <span class='ocrx_word' id='word_1_148' title='bbox 2620 545 2760 613; x_wconf 64' lang='lat' dir='ltr'><strong>hac,</strong></span> <span class='ocrx_word' id='word_1_149' title='bbox 2807 545 2974 615; x_wconf 81' lang='lat' dir='ltr'><strong>ﬁdes,</strong></span> <span class='ocrx_word' id='word_1_150' title='bbox 3012 562 3165 617; x_wconf 85' lang='lat' dir='ltr'><strong>spes,</strong></span> <span class='ocrx_word' id='word_1_151' title='bbox 3227 556 3275 601; x_wconf 90' lang='lat' dir='ltr'><strong>et</strong></span> <span class='ocrx_word' id='word_1_152' title='bbox 3324 547 3586 603; x_wconf 76' lang='lat' dir='ltr'><strong>dilectio:</strong></span> 
     </span>
    </p>
   </div>
   <div class='ocr_carea' id='block_1_20' title="bbox 1991 636 3589 711">
    <p class='ocr_par' dir='ltr' id='par_1_20' title="bbox 1991 636 3589 711">
     <span class='ocr_line' id='line_1_20' title="bbox 1991 636 3589 711; baseline 0.001 -17"><span class='ocrx_word' id='word_1_153' title='bbox 1991 638 2099 694; x_wconf 83' lang='lat' dir='ltr'><strong>Sed</strong></span> <span class='ocrx_word' id='word_1_154' title='bbox 2127 642 2295 708; x_wconf 81' lang='lat' dir='ltr'><strong>major</strong></span> <span class='ocrx_word' id='word_1_155' title='bbox 2321 639 2401 693; x_wconf 89' lang='lat' dir='ltr'><strong>his</strong></span> <span class='ocrx_word' id='word_1_156' title='bbox 2433 638 2642 693; x_wconf 82' lang='lat' dir='ltr'><strong>dilectio</strong></span> <span class='ocrx_word' id='word_1_157' title='bbox 2674 647 2747 693; x_wconf 83' lang='lat' dir='ltr'><strong>est</strong></span> <span class='ocrx_word' id='word_1_158' title='bbox 2777 638 2817 711; x_wconf 92' lang='grc' dir='ltr'>(ι</span> <span class='ocrx_word' id='word_1_159' title='bbox 2847 636 2968 692; x_wconf 85' lang='lat' dir='ltr'><strong>Cor.</strong></span> <span class='ocrx_word' id='word_1_160' title='bbox 2996 641 3138 705; x_wconf 85' lang='lat' dir='ltr'><strong>xm).</strong></span> <span class='ocrx_word' id='word_1_161' title='bbox 3175 639 3270 693; x_wconf 86' lang='lat' dir='ltr'><strong>Est</strong></span> <span class='ocrx_word' id='word_1_162' title='bbox 3300 655 3428 708; x_wconf 85' lang='lat' dir='ltr'><strong>ergo</strong></span> <span class='ocrx_word' id='word_1_163' title='bbox 3454 640 3589 696; x_wconf 82' lang='lat' dir='ltr'><strong>dile-</strong></span> 
     </span>
    </p>
   </div>
   <div class='ocr_carea' id='block_1_21' title="bbox 1988 731 3582 800">
    <p class='ocr_par' dir='ltr' id='par_1_21' title="bbox 1988 731 3582 800">
     <span class='ocr_line' id='line_1_21' title="bbox 1988 731 3582 800; baseline 0.001 -14"><span class='ocrx_word' id='word_1_164' title='bbox 1988 731 2098 786; x_wconf 83' lang='lat' dir='ltr'><strong>etin</strong></span> <span class='ocrx_word' id='word_1_165' title='bbox 2130 731 2403 787; x_wconf 86' lang='lat' dir='ltr'><strong>vinculum</strong></span> <span class='ocrx_word' id='word_1_166' title='bbox 2445 731 2775 794; x_wconf 88' lang='lat' dir='ltr'><strong>animorum,</strong></span> <span class='ocrx_word' id='word_1_167' title='bbox 2799 740 2968 800; x_wconf 90' lang='lat' dir='ltr'><strong>casta,</strong></span> <span class='ocrx_word' id='word_1_168' title='bbox 3004 740 3059 787; x_wconf 91' lang='lat' dir='ltr'><strong>et</strong></span> <span class='ocrx_word' id='word_1_169' title='bbox 3088 731 3326 797; x_wconf 82' lang='lat' dir='ltr'><strong>sincera,</strong></span> <span class='ocrx_word' id='word_1_170' title='bbox 3368 741 3421 787; x_wconf 88' lang='lat' dir='ltr'><strong>et</strong></span> <span class='ocrx_word' id='word_1_171' title='bbox 3463 734 3582 789; x_wconf 83' lang='lat' dir='ltr'><strong>sino</strong></span> 
     </span>
    </p>
   </div>
   <div class='ocr_carea' id='block_1_22' title="bbox 1988 825 3583 881">
    <p class='ocr_par' dir='ltr' id='par_1_22' title="bbox 1988 825 3583 881">
     <span class='ocr_line' id='line_1_22' title="bbox 1988 825 3583 881; baseline 0.001 -2"><span class='ocrx_word' id='word_1_172' title='bbox 1988 826 2334 880; x_wconf 77' lang='lat' dir='ltr'><strong>:rmulatione</strong></span> <span class='ocrx_word' id='word_1_173' title='bbox 2362 825 2631 880; x_wconf 85' lang='lat' dir='ltr'><strong>charitas:</strong></span> <span class='ocrx_word' id='word_1_174' title='bbox 2667 827 3067 880; x_wconf 83' lang='lat' dir='ltr'><strong>consummatio</strong></span> <span class='ocrx_word' id='word_1_175' title='bbox 3094 827 3333 881; x_wconf 90' lang='lat' dir='ltr'><strong>omnium</strong></span> <span class='ocrx_word' id='word_1_176' title='bbox 3360 827 3583 881; x_wconf 84' lang='lat' dir='ltr'><strong>manda-</strong></span> 
     </span>
    </p>
   </div>
   <div class='ocr_carea' id='block_1_23' title="bbox 1989 916 3584 988">
    <p class='ocr_par' dir='ltr' id='par_1_23' title="bbox 1989 916 3584 988">
     <span class='ocr_line' id='line_1_23' title="bbox 1989 916 3584 988; baseline 0.004 -19"><span class='ocrx_word' id='word_1_177' title='bbox 1989 925 2189 982; x_wconf 80' lang='lat' dir='ltr'><strong>turum,</strong></span> <span class='ocrx_word' id='word_1_178' title='bbox 2212 917 2393 972; x_wconf 82' lang='lat' dir='ltr'><strong>brevis</strong></span> <span class='ocrx_word' id='word_1_179' title='bbox 2412 916 2655 971; x_wconf 90' lang='lat' dir='ltr'><strong>omnium</strong></span> <span class='ocrx_word' id='word_1_180' title='bbox 2683 927 3076 985; x_wconf 69' lang='lat' dir='ltr'><strong>prmceptorum</strong></span> <span class='ocrx_word' id='word_1_181' title='bbox 3105 933 3294 988; x_wconf 91' lang='lat' dir='ltr'><strong>:quam</strong></span> <span class='ocrx_word' id='word_1_182' title='bbox 3324 934 3444 973; x_wconf 89' lang='lat' dir='ltr'><strong>eum</strong></span> <span class='ocrx_word' id='word_1_183' title='bbox 3465 920 3584 987; x_wconf 79' lang='lat' dir='ltr'><strong>quis</strong></span> 
     </span>
    </p>
   </div>
   <div class='ocr_carea' id='block_1_24' title="bbox 1988 1009 3587 1074">
    <p class='ocr_par' dir='ltr' id='par_1_24' title="bbox 1988 1009 3587 1074">
     <span class='ocr_line' id='line_1_24' title="bbox 1988 1009 3587 1074; baseline 0.003 -11"><span class='ocrx_word' id='word_1_184' title='bbox 1988 1009 2468 1074; x_wconf 61' lang='lat' dir='ltr'><strong>habueritmmnia</strong></span> <span class='ocrx_word' id='word_1_185' title='bbox 2496 1010 2705 1064; x_wconf 83' lang='lat' dir='ltr'><strong>habet:</strong></span> <span class='ocrx_word' id='word_1_186' title='bbox 2749 1009 2871 1065; x_wconf 84' lang='lat' dir='ltr'><strong>sine</strong></span> <span class='ocrx_word' id='word_1_187' title='bbox 2925 1009 3026 1064; x_wconf 88' lang='lat' dir='ltr'><strong>hac</strong></span> <span class='ocrx_word' id='word_1_188' title='bbox 3075 1011 3127 1063; x_wconf 91' lang='lat' dir='ltr'><strong>iu</strong></span> <span class='ocrx_word' id='word_1_189' title='bbox 3174 1010 3297 1065; x_wconf 86' lang='lat' dir='ltr'><strong>aliis</strong></span> <span class='ocrx_word' id='word_1_190' title='bbox 3342 1020 3587 1067; x_wconf 85' lang='lat' dir='ltr'><strong>remanet</strong></span> 
     </span>
    </p>
   </div>
   <div class='ocr_carea' id='block_1_25' title="bbox 1983 1101 3588 1173">
    <p class='ocr_par' dir='ltr' id='par_1_25' title="bbox 1983 1101 3588 1173">
     <span class='ocr_line' id='line_1_25' title="bbox 1983 1101 3588 1173; baseline 0.002 -19"><span class='ocrx_word' id='word_1_191' title='bbox 1983 1101 2351 1169; x_wconf 78' lang='lat' dir='ltr'><strong>imperfectus.</strong></span> <span class='ocrx_word' id='word_1_192' title='bbox 2383 1102 2450 1156; x_wconf 84' lang='lat' dir='ltr'><strong>Et</strong></span> <span class='ocrx_word' id='word_1_193' title='bbox 2473 1110 2534 1155; x_wconf 90' lang='lat' dir='ltr'><strong>ut</strong></span> <span class='ocrx_word' id='word_1_194' title='bbox 2555 1111 2853 1171; x_wconf 76' lang='lat' dir='ltr'><strong>cognoscat</strong></span> <span class='ocrx_word' id='word_1_195' title='bbox 2874 1110 3058 1155; x_wconf 84' lang='lat' dir='ltr'><strong>vestra</strong></span> <span class='ocrx_word' id='word_1_196' title='bbox 3083 1102 3394 1170; x_wconf 84' lang='lat' dir='ltr'><strong>prudentia,</strong></span> <span class='ocrx_word' id='word_1_197' title='bbox 3414 1118 3588 1173; x_wconf 80' lang='lat' dir='ltr'><strong>quan-</strong></span> 
     </span>
    </p>
   </div>
   <div class='ocr_carea' id='block_1_26' title="bbox 1983 1194 3581 1265">
    <p class='ocr_par' dir='ltr' id='par_1_26' title="bbox 1983 1194 3581 1265">
     <span class='ocr_line' id='line_1_26' title="bbox 1983 1194 3581 1265; baseline 0.005 -21"><span class='ocrx_word' id='word_1_198' title='bbox 1983 1204 2093 1246; x_wconf 89' lang='lat' dir='ltr'><strong>tum</strong></span> <span class='ocrx_word' id='word_1_199' title='bbox 2125 1194 2365 1248; x_wconf 89' lang='lat' dir='ltr'><strong>charitas</strong></span> <span class='ocrx_word' id='word_1_200' title='bbox 2398 1194 2575 1249; x_wconf 91' lang='lat' dir='ltr'><strong>valeat</strong></span> <span class='ocrx_word' id='word_1_201' title='bbox 2610 1213 2620 1247; x_wconf 90' lang='lat'>:</span> <span class='ocrx_word' id='word_1_202' title='bbox 2651 1194 2881 1265; x_wconf 89' lang='lat' dir='ltr'><strong>legimus</strong></span> <span class='ocrx_word' id='word_1_203' title='bbox 2913 1210 3235 1264; x_wconf 89' lang='lat' dir='ltr'><strong>responsum</strong></span> <span class='ocrx_word' id='word_1_204' title='bbox 3281 1197 3493 1251; x_wconf 87' lang='lat' dir='ltr'><strong>Domini</strong></span> <span class='ocrx_word' id='word_1_205' title='bbox 3528 1198 3581 1252; x_wconf 91' lang='lat' dir='ltr'><strong>in</strong></span> 
     </span>
    </p>
   </div>
   <div class='ocr_carea' id='block_1_27' title="bbox 1980 1287 3579 1363">
    <p class='ocr_par' dir='ltr' id='par_1_27' title="bbox 1980 1287 3579 1363">
     <span class='ocr_line' id='line_1_27' title="bbox 1980 1287 3579 1363; baseline 0.003 -22"><span class='ocrx_word' id='word_1_206' title='bbox 1980 1287 2275 1358; x_wconf 81' lang='lat' dir='ltr'><strong>Evangelia</strong></span> <span class='ocrx_word' id='word_1_207' title='bbox 2295 1287 2549 1353; x_wconf 85' lang='lat' dir='ltr'><strong>dicentis,</strong></span> <span class='ocrx_word' id='word_1_208' title='bbox 2573 1303 2698 1343; x_wconf 90' lang='lat' dir='ltr'><strong>cum</strong></span> <span class='ocrx_word' id='word_1_209' title='bbox 2737 1290 3165 1357; x_wconf 69' lang='lat' dir='ltr'><strong>interrogaretur</strong></span> <span class='ocrx_word' id='word_1_210' title='bbox 3193 1307 3207 1343; x_wconf 93' lang='lat'><strong>:</strong></span> <span class='ocrx_word' id='word_1_211' title='bbox 3239 1288 3441 1363; x_wconf 82' lang='lat' dir='ltr'><strong>Diliges</strong></span> <span class='ocrx_word' id='word_1_212' title='bbox 3468 1291 3579 1346; x_wconf 89' lang='lat' dir='ltr'><strong>Do-</strong></span> 
     </span>
    </p>
   </div>
   <div class='ocr_carea' id='block_1_28' title="bbox 1977 1378 3581 1449">
    <p class='ocr_par' dir='ltr' id='par_1_28' title="bbox 1977 1378 3581 1449">
     <span class='ocr_line' id='line_1_28' title="bbox 1977 1378 3581 1449; baseline 0.002 -17"><span class='ocrx_word' id='word_1_213' title='bbox 1977 1380 2175 1432; x_wconf 86' lang='lat' dir='ltr'><strong>minum</strong></span> <span class='ocrx_word' id='word_1_214' title='bbox 2207 1378 2373 1432; x_wconf 85' lang='lat' dir='ltr'><strong>Deum</strong></span> <span class='ocrx_word' id='word_1_215' title='bbox 2393 1389 2543 1432; x_wconf 88' lang='lat' dir='ltr'><strong>tuum</strong></span> <span class='ocrx_word' id='word_1_216' title='bbox 2572 1395 2638 1432; x_wconf 75' lang='lat' dir='ltr'><strong>ex</strong></span> <span class='ocrx_word' id='word_1_217' title='bbox 2659 1388 2765 1433; x_wconf 88' lang='lat' dir='ltr'><strong>toto</strong></span> <span class='ocrx_word' id='word_1_218' title='bbox 2789 1381 2943 1435; x_wconf 88' lang='lat' dir='ltr'><strong>corde</strong></span> <span class='ocrx_word' id='word_1_219' title='bbox 2970 1390 3079 1449; x_wconf 86' lang='lat' dir='ltr'><strong>tuo,</strong></span> <span class='ocrx_word' id='word_1_220' title='bbox 3108 1390 3155 1434; x_wconf 90' lang='lat' dir='ltr'><strong>et</strong></span> <span class='ocrx_word' id='word_1_221' title='bbox 3182 1398 3246 1437; x_wconf 77' lang='lat' dir='ltr'><strong>ex</strong></span> <span class='ocrx_word' id='word_1_222' title='bbox 3273 1391 3378 1434; x_wconf 90' lang='lat' dir='ltr'><strong>tota</strong></span> <span class='ocrx_word' id='word_1_223' title='bbox 3402 1384 3581 1436; x_wconf 89' lang='lat' dir='ltr'><strong>anima</strong></span> 
     </span>
    </p>
   </div>
   <div class='ocr_carea' id='block_1_29' title="bbox 1978 1472 3581 1551">
    <p class='ocr_par' dir='ltr' id='par_1_29' title="bbox 1978 1472 3581 1551">
     <span class='ocr_line' id='line_1_29' title="bbox 1978 1472 3581 1551; baseline 0.001 -27"><span class='ocrx_word' id='word_1_224' title='bbox 1978 1482 2087 1536; x_wconf 88' lang='lat' dir='ltr'><strong>tua,</strong></span> <span class='ocrx_word' id='word_1_225' title='bbox 2114 1481 2161 1525; x_wconf 86' lang='lat' dir='ltr'><strong>et</strong></span> <span class='ocrx_word' id='word_1_226' title='bbox 2190 1488 2252 1526; x_wconf 78' lang='lat' dir='ltr'><strong>ea:</strong></span> <span class='ocrx_word' id='word_1_227' title='bbox 2279 1482 2385 1526; x_wconf 87' lang='lat' dir='ltr'><strong>tota</strong></span> <span class='ocrx_word' id='word_1_228' title='bbox 2411 1472 2597 1526; x_wconf 70' lang='lat' dir='ltr'><strong>virtute</strong></span> <span class='ocrx_word' id='word_1_229' title='bbox 2619 1483 2749 1525; x_wconf 88' lang='lat' dir='ltr'><strong>tua:</strong></span> <span class='ocrx_word' id='word_1_230' title='bbox 2783 1472 2851 1525; x_wconf 84' lang='lat' dir='ltr'><strong>Et</strong></span> <span class='ocrx_word' id='word_1_231' title='bbox 2882 1473 3068 1544; x_wconf 87' lang='lat' dir='ltr'><strong>diliges</strong></span> <span class='ocrx_word' id='word_1_232' title='bbox 3110 1475 3581 1551; x_wconf 79' lang='lat' dir='ltr'><strong>pr.o:cimnm_tunm</strong></span> 
     </span>
    </p>
   </div>
   <div class='ocr_carea' id='block_1_30' title="bbox 1976 1566 3583 1638">
    <p class='ocr_par' dir='ltr' id='par_1_30' title="bbox 1976 1566 3583 1638">
     <span class='ocr_line' id='line_1_30' title="bbox 1976 1566 3583 1638; baseline 0.004 -21"><span class='ocrx_word' id='word_1_233' title='bbox 1976 1574 2237 1635; x_wconf 71' lang='lat' dir='ltr'><strong>tamquam</strong></span> <span class='ocrx_word' id='word_1_234' title='bbox 2264 1567 2484 1636; x_wconf 86' lang='lat' dir='ltr'><strong>teipsum</strong></span> <span class='ocrx_word' id='word_1_235' title='bbox 2514 1583 2533 1620; x_wconf 89' lang='lat'><strong><em>:</em></strong></span> <span class='ocrx_word' id='word_1_236' title='bbox 2565 1568 2617 1619; x_wconf 85' lang='lat' dir='ltr'><strong>in</strong></span> <span class='ocrx_word' id='word_1_237' title='bbox 2643 1566 2721 1620; x_wconf 90' lang='lat' dir='ltr'><strong>his</strong></span> <span class='ocrx_word' id='word_1_238' title='bbox 2749 1566 2948 1621; x_wconf 87' lang='lat' dir='ltr'><strong>duobus</strong></span> <span class='ocrx_word' id='word_1_239' title='bbox 2983 1569 3252 1638; x_wconf 69' lang='lat' dir='ltr'><strong>prarceptis</strong></span> <span class='ocrx_word' id='word_1_240' title='bbox 3279 1568 3467 1637; x_wconf 96' lang='lat' dir='ltr'><strong>pendet</strong></span> <span class='ocrx_word' id='word_1_241' title='bbox 3496 1568 3583 1623; x_wconf 74' lang='lat' dir='ltr'><strong>lea:</strong></span> 
     </span>
    </p>
   </div>
   <div class='ocr_carea' id='block_1_31' title="bbox 1973 1659 2879 1731">
    <p class='ocr_par' dir='ltr' id='par_1_31' title="bbox 1973 1659 2879 1731">
     <span class='ocr_line' id='line_1_31' title="bbox 1973 1659 2879 1731; baseline 0.002 -18"><span class='ocrx_word' id='word_1_242' title='bbox 1973 1669 2020 1713; x_wconf 90' lang='lat' dir='ltr'><strong>et</strong></span> <span class='ocrx_word' id='word_1_243' title='bbox 2049 1661 2313 1729; x_wconf 75' lang='lat' dir='ltr'><strong>prop/tela:</strong></span> <span class='ocrx_word' id='word_1_244' title='bbox 2338 1659 2553 1731; x_wconf 79' lang='lat' dir='ltr'><strong>(.llattli.</strong></span> <span class='ocrx_word' id='word_1_245' title='bbox 2591 1676 2728 1727; x_wconf 72' lang='grc' dir='ltr'>χχιι,</span> <span class='ocrx_word' id='word_1_246' title='bbox 2764 1659 2879 1730; x_wconf 74' lang='lat'><strong>37).</strong></span> 
     </span>
    </p>
   </div>
   <div class='ocr_carea' id='block_1_32' title="bbox 2047 1754 3582 1826">
    <p class='ocr_par' dir='ltr' id='par_1_32' title="bbox 2047 1754 3582 1826">
     <span class='ocr_line' id='line_1_32' title="bbox 2047 1754 3582 1826; baseline 0.001 -17"><span class='ocrx_word' id='word_1_247' title='bbox 2047 1754 2395 1810; x_wconf 72' lang='lat' dir='ltr'><strong>Videsinhac</strong></span> <span class='ocrx_word' id='word_1_248' title='bbox 2424 1756 2538 1810; x_wconf 89' lang='lat' dir='ltr'><strong>sola</strong></span> <span class='ocrx_word' id='word_1_249' title='bbox 2573 1756 2827 1810; x_wconf 88' lang='lat' dir='ltr'><strong>universa</strong></span> <span class='ocrx_word' id='word_1_250' title='bbox 2852 1756 2987 1825; x_wconf 83' lang='lat' dir='ltr'><strong>legis</strong></span> <span class='ocrx_word' id='word_1_251' title='bbox 3013 1765 3268 1811; x_wconf 90' lang='lat' dir='ltr'><strong>contenta</strong></span> <span class='ocrx_word' id='word_1_252' title='bbox 3297 1758 3533 1826; x_wconf 90' lang='lat' dir='ltr'><strong>pendere</strong></span> <span class='ocrx_word' id='word_1_253' title='bbox 3558 1760 3582 1811; x_wconf 83' lang='lat'><strong>?</strong></span> 
     </span>
    </p>
   </div>
   <div class='ocr_carea' id='block_1_33' title="bbox 268 1841 3580 1916">
    <p class='ocr_par' dir='ltr' id='par_1_33' title="bbox 268 1841 3580 1916">
     <span class='ocr_line' id='line_1_33' title="bbox 268 1841 3580 1916; baseline 0.002 -17"><span class='ocrx_word' id='word_1_254' title='bbox 268 1854 450 1899; x_wconf 90' lang='lat' dir='ltr'><strong>autem</strong></span> <span class='ocrx_word' id='word_1_255' title='bbox 482 1846 631 1899; x_wconf 84' lang='lat' dir='ltr'><strong>videt</strong></span> <span class='ocrx_word' id='word_1_256' title='bbox 656 1847 809 1915; x_wconf 86' lang='lat' dir='ltr'><strong>quis,</strong></span> <span class='ocrx_word' id='word_1_257' title='bbox 841 1847 969 1915; x_wconf 89' lang='lat' dir='ltr'><strong>quid</strong></span> <span class='ocrx_word' id='word_1_258' title='bbox 1010 1848 1237 1915; x_wconf 84' lang='lat' dir='ltr'><strong>sperat?</strong></span> <span class='ocrx_word' id='word_1_259' title='bbox 1277 1846 1333 1902; x_wconf 89' lang='lat' dir='ltr'><strong>Si</strong></span> <span class='ocrx_word' id='word_1_260' title='bbox 1371 1856 1550 1902; x_wconf 82' lang='lat' dir='ltr'><strong>autem</strong></span> <span class='ocrx_word' id='word_1_261' title='bbox 1582 1847 1723 1915; x_wconf 85' lang='lat' dir='ltr'><strong>quod</strong></span> <span class='ocrx_word' id='word_1_262' title='bbox 1756 1863 1863 1904; x_wconf 91' lang='lat' dir='ltr'><strong>non</strong></span> <span class='ocrx_word' id='word_1_263' title='bbox 1898 1841 1941 1900; x_wconf 82' lang='grc' dir='ltr'><strong>Β</strong></span> <span class='ocrx_word' id='word_1_264' title='bbox 1972 1845 2110 1901; x_wconf 73' lang='lat' dir='ltr'><strong>Vere</strong></span> <span class='ocrx_word' id='word_1_265' title='bbox 2152 1846 2396 1916; x_wconf 69' lang='lat' dir='ltr'><strong>qniSquis</strong></span> <span class='ocrx_word' id='word_1_266' title='bbox 2437 1845 2575 1900; x_wconf 92' lang='lat' dir='ltr'><strong>hanc</strong></span> <span class='ocrx_word' id='word_1_267' title='bbox 2622 1846 2805 1910; x_wconf 66' lang='lat' dir='ltr'><strong>habet,</strong></span> <span class='ocrx_word' id='word_1_268' title='bbox 2842 1847 2953 1915; x_wconf 85' lang='lat' dir='ltr'><strong>jam</strong></span> <span class='ocrx_word' id='word_1_269' title='bbox 2989 1848 3131 1903; x_wconf 84' lang='lat' dir='ltr'><strong>Dens</strong></span> <span class='ocrx_word' id='word_1_270' title='bbox 3175 1858 3228 1902; x_wconf 89' lang='lat' dir='ltr'><strong>et</strong></span> <span class='ocrx_word' id='word_1_271' title='bbox 3272 1848 3365 1904; x_wconf 73' lang='lat' dir='ltr'><strong>Dei</strong></span> <span class='ocrx_word' id='word_1_272' title='bbox 3411 1849 3580 1907; x_wconf 84' lang='lat' dir='ltr'><strong>Filios</strong></span> 
     </span>
    </p>
   </div>
   <div class='ocr_carea' id='block_1_34' title="bbox 266 1938 1793 2007">
    <p class='ocr_par' dir='ltr' id='par_1_34' title="bbox 266 1938 1793 2007">
     <span class='ocr_line' id='line_1_34' title="bbox 266 1938 1793 2007; baseline -0.001 -15"><span class='ocrx_word' id='word_1_273' title='bbox 266 1938 541 2006; x_wconf 80' lang='lat' dir='ltr'><strong>videmus,</strong></span> <span class='ocrx_word' id='word_1_274' title='bbox 573 1954 876 2007; x_wconf 80' lang='lat' dir='ltr'><strong>speramus,</strong></span> <span class='ocrx_word' id='word_1_275' title='bbox 908 1953 1005 2006; x_wconf 87' lang='lat' dir='ltr'><strong>per</strong></span> <span class='ocrx_word' id='word_1_276' title='bbox 1037 1938 1353 2007; x_wconf 82' lang='lat' dir='ltr'><strong>patientiam</strong></span> <span class='ocrx_word' id='word_1_277' title='bbox 1386 1946 1793 2005; x_wconf 66' lang='lat' dir='ltr'><strong>exspectamus.</strong></span> 
     </span>
    </p>
   </div>
   <div class='ocr_carea' id='block_1_35' title="bbox 344 2031 1869 2099">
    <p class='ocr_par' dir='ltr' id='par_1_35' title="bbox 344 2031 1869 2099">
     <span class='ocr_line' id='line_1_35' title="bbox 344 2031 1869 2099; baseline -0.003 -12"><span class='ocrx_word' id='word_1_278' title='bbox 344 2033 477 2087; x_wconf 63' lang='lat' dir='ltr'><strong>ilmc</strong></span> <span class='ocrx_word' id='word_1_279' title='bbox 508 2035 559 2087; x_wconf 92' lang='lat' dir='ltr'><strong>in</strong></span> <span class='ocrx_word' id='word_1_280' title='bbox 601 2049 661 2088; x_wconf 87' lang='lat' dir='ltr'><strong>se</strong></span> <span class='ocrx_word' id='word_1_281' title='bbox 705 2034 865 2087; x_wconf 87' lang='lat' dir='ltr'><strong>habet</strong></span> <span class='ocrx_word' id='word_1_282' title='bbox 901 2033 1187 2096; x_wconf 87' lang='lat' dir='ltr'><strong>timorem,</strong></span> <span class='ocrx_word' id='word_1_283' title='bbox 1227 2049 1335 2087; x_wconf 89' lang='lat' dir='ltr'><strong>non</strong></span> <span class='ocrx_word' id='word_1_284' title='bbox 1370 2031 1519 2086; x_wconf 84' lang='lat' dir='ltr'><strong>illum</strong></span> <span class='ocrx_word' id='word_1_285' title='bbox 1551 2033 1701 2099; x_wconf 80' lang='lat' dir='ltr'><strong>cujus</strong></span> <span class='ocrx_word' id='word_1_286' title='bbox 1732 2032 1869 2085; x_wconf 74' lang='lat' dir='ltr'><strong>ohli~</strong></span> 
     </span>
    </p>
   </div>
   <div class='ocr_carea' id='block_1_36' title="bbox 264 2123 1871 2194">
    <p class='ocr_par' dir='ltr' id='par_1_36' title="bbox 264 2123 1871 2194">
     <span class='ocr_line' id='line_1_36' title="bbox 264 2123 1871 2194; baseline 0 -17"><span class='ocrx_word' id='word_1_287' title='bbox 264 2125 423 2188; x_wconf 85' lang='lat' dir='ltr'><strong>visci,</strong></span> <span class='ocrx_word' id='word_1_288' title='bbox 463 2135 701 2194; x_wconf 85' lang='lat' dir='ltr'><strong>etqnem</strong></span> <span class='ocrx_word' id='word_1_289' title='bbox 746 2124 892 2179; x_wconf 87' lang='lat' dir='ltr'><strong>foras</strong></span> <span class='ocrx_word' id='word_1_290' title='bbox 931 2124 1093 2179; x_wconf 88' lang='lat' dir='ltr'><strong>debet</strong></span> <span class='ocrx_word' id='word_1_291' title='bbox 1138 2126 1355 2179; x_wconf 85' lang='lat' dir='ltr'><strong>mittere</strong></span> <span class='ocrx_word' id='word_1_292' title='bbox 1386 2123 1630 2193; x_wconf 68' lang='lat' dir='ltr'><strong>quisquis</strong></span> <span class='ocrx_word' id='word_1_293' title='bbox 1669 2123 1724 2177; x_wconf 88' lang='lat' dir='ltr'><strong>in</strong></span> <span class='ocrx_word' id='word_1_294' title='bbox 1767 2123 1871 2177; x_wconf 82' lang='lat' dir='ltr'><strong>fide</strong></span> 
     </span>
    </p>
   </div>
   <div class='ocr_carea' id='block_1_37' title="bbox 265 2216 1866 2288">
    <p class='ocr_par' dir='ltr' id='par_1_37' title="bbox 265 2216 1866 2288">
     <span class='ocr_line' id='line_1_37' title="bbox 265 2216 1866 2288; baseline -0.001 -16"><span class='ocrx_word' id='word_1_295' title='bbox 265 2218 402 2272; x_wconf 80' lang='lat' dir='ltr'><strong>vivit</strong></span> <span class='ocrx_word' id='word_1_296' title='bbox 435 2236 449 2270; x_wconf 87' lang='lat'><strong>:</strong></span> <span class='ocrx_word' id='word_1_297' title='bbox 483 2217 577 2273; x_wconf 85' lang='lat' dir='ltr'><strong>sed</strong></span> <span class='ocrx_word' id='word_1_298' title='bbox 606 2218 696 2288; x_wconf 89' lang='lat' dir='ltr'><strong>qui</strong></span> <span class='ocrx_word' id='word_1_299' title='bbox 726 2232 868 2272; x_wconf 86' lang='lat' dir='ltr'><strong>unus</strong></span> <span class='ocrx_word' id='word_1_300' title='bbox 895 2229 979 2273; x_wconf 86' lang='lat' dir='ltr'><strong>est</strong></span> <span class='ocrx_word' id='word_1_301' title='bbox 1005 2217 1073 2272; x_wconf 90' lang='lat' dir='ltr'><strong>de</strong></span> <span class='ocrx_word' id='word_1_302' title='bbox 1099 2217 1383 2287; x_wconf 88' lang='lat' dir='ltr'><strong>spiritibus</strong></span> <span class='ocrx_word' id='word_1_303' title='bbox 1411 2261 1425 2284; x_wconf 92' lang='lat'><strong>,</strong></span> <span class='ocrx_word' id='word_1_304' title='bbox 1455 2218 1649 2286; x_wconf 89' lang='lat' dir='ltr'><strong>quibus</strong></span> <span class='ocrx_word' id='word_1_305' title='bbox 1679 2216 1866 2285; x_wconf 89' lang='lat' dir='ltr'><strong>imple-</strong></span> 
     </span>
    </p>
   </div>
   <div class='ocr_carea' id='block_1_38' title="bbox 269 2310 1869 2381">
    <p class='ocr_par' dir='ltr' id='par_1_38' title="bbox 269 2310 1869 2381">
     <span class='ocr_line' id='line_1_38' title="bbox 269 2310 1869 2381; baseline -0.003 -16"><span class='ocrx_word' id='word_1_306' title='bbox 269 2321 357 2365; x_wconf 90' lang='lat' dir='ltr'><strong>tur</strong></span> <span class='ocrx_word' id='word_1_307' title='bbox 385 2311 549 2366; x_wconf 84' lang='lat' dir='ltr'><strong>.lesus</strong></span> <span class='ocrx_word' id='word_1_308' title='bbox 573 2353 589 2377; x_wconf 92' lang='lat'><strong>,</strong></span> <span class='ocrx_word' id='word_1_309' title='bbox 624 2312 767 2365; x_wconf 87' lang='lat' dir='ltr'><strong>sicut</strong></span> <span class='ocrx_word' id='word_1_310' title='bbox 796 2311 965 2365; x_wconf 84' lang='lat' dir='ltr'><strong>Isaias</strong></span> <span class='ocrx_word' id='word_1_311' title='bbox 996 2321 1224 2365; x_wconf 88' lang='lat' dir='ltr'><strong>testatur</strong></span> <span class='ocrx_word' id='word_1_312' title='bbox 1254 2329 1266 2363; x_wconf 87' lang='lat'>:</span> <span class='ocrx_word' id='word_1_313' title='bbox 1300 2310 1451 2364; x_wconf 71' lang='lat' dir='ltr'><strong>Exiet</strong></span> <span class='ocrx_word' id='word_1_314' title='bbox 1490 2310 1635 2381; x_wconf 78' lang='lat' dir='ltr'><strong>virga</strong></span> <span class='ocrx_word' id='word_1_315' title='bbox 1673 2310 1737 2362; x_wconf 88' lang='lat' dir='ltr'><strong>de</strong></span> <span class='ocrx_word' id='word_1_316' title='bbox 1780 2325 1869 2361; x_wconf 85' lang='lat' dir='ltr'><strong>ra-</strong></span> 
     </span>
    </p>
   </div>
   <div class='ocr_carea' id='block_1_39' title="bbox 270 2403 1867 2475">
    <p class='ocr_par' dir='ltr' id='par_1_39' title="bbox 270 2403 1867 2475">
     <span class='ocr_line' id='line_1_39' title="bbox 270 2403 1867 2475; baseline -0.002 -18"><span class='ocrx_word' id='word_1_317' title='bbox 270 2404 382 2458; x_wconf 89' lang='lat' dir='ltr'><strong>dice</strong></span> <span class='ocrx_word' id='word_1_318' title='bbox 409 2403 576 2467; x_wconf 76' lang='lat' dir='ltr'><strong>Iesse,</strong></span> <span class='ocrx_word' id='word_1_319' title='bbox 604 2414 650 2457; x_wconf 87' lang='lat' dir='ltr'><strong>et</strong></span> <span class='ocrx_word' id='word_1_320' title='bbox 673 2408 773 2475; x_wconf 84' lang='lat' dir='ltr'><strong>ﬂos</strong></span> <span class='ocrx_word' id='word_1_321' title='bbox 796 2406 859 2457; x_wconf 91' lang='lat' dir='ltr'><strong>de</strong></span> <span class='ocrx_word' id='word_1_322' title='bbox 880 2405 1057 2458; x_wconf 88' lang='lat' dir='ltr'><strong>radice</strong></span> <span class='ocrx_word' id='word_1_323' title='bbox 1088 2407 1200 2473; x_wconf 87' lang='lat' dir='ltr'><strong>ejus</strong></span> <span class='ocrx_word' id='word_1_324' title='bbox 1228 2403 1491 2467; x_wconf 78' lang='lat' dir='ltr'><strong>ascendet,</strong></span> <span class='ocrx_word' id='word_1_325' title='bbox 1520 2414 1566 2456; x_wconf 88' lang='lat' dir='ltr'><strong>et</strong></span> <span class='ocrx_word' id='word_1_326' title='bbox 1590 2404 1867 2471; x_wconf 84' lang='lat' dir='ltr'><strong>requiescet</strong></span> 
     </span>
    </p>
   </div>
   <div class='ocr_carea' id='block_1_40' title="bbox 266 2494 1863 2565">
    <p class='ocr_par' dir='ltr' id='par_1_40' title="bbox 266 2494 1863 2565">
     <span class='ocr_line' id='line_1_40' title="bbox 266 2494 1863 2565; baseline -0.003 -15"><span class='ocrx_word' id='word_1_327' title='bbox 266 2513 423 2564; x_wconf 81' lang='lat' dir='ltr'><strong>super</strong></span> <span class='ocrx_word' id='word_1_328' title='bbox 442 2513 558 2551; x_wconf 76' lang='lat' dir='ltr'><strong>eum</strong></span> <span class='ocrx_word' id='word_1_329' title='bbox 580 2498 797 2565; x_wconf 79' lang='lat' dir='ltr'><strong>spiritus</strong></span> <span class='ocrx_word' id='word_1_330' title='bbox 819 2498 1089 2550; x_wconf 72' lang='lat' dir='ltr'><strong>sententia:</strong></span> <span class='ocrx_word' id='word_1_331' title='bbox 1110 2506 1158 2550; x_wconf 85' lang='grc' dir='ltr'><strong>ει</strong></span> <span class='ocrx_word' id='word_1_332' title='bbox 1182 2497 1408 2564; x_wconf 85' lang='lat' dir='ltr'><strong>pietatis,</strong></span> <span class='ocrx_word' id='word_1_333' title='bbox 1435 2506 1481 2550; x_wconf 88' lang='lat' dir='ltr'><strong>et</strong></span> <span class='ocrx_word' id='word_1_334' title='bbox 1508 2494 1724 2564; x_wconf 86' lang='lat' dir='ltr'><strong>replebit</strong></span> <span class='ocrx_word' id='word_1_335' title='bbox 1750 2510 1863 2547; x_wconf 86' lang='lat' dir='ltr'><strong>eum</strong></span> 
     </span>
    </p>
   </div>
   <div class='ocr_carea' id='block_1_41' title="bbox 266 2588 1862 2661">
    <p class='ocr_par' dir='ltr' id='par_1_41' title="bbox 266 2588 1862 2661">
     <span class='ocr_line' id='line_1_41' title="bbox 266 2588 1862 2661; baseline -0.003 -18"><span class='ocrx_word' id='word_1_336' title='bbox 266 2591 482 2661; x_wconf 82' lang='lat' dir='ltr'><strong>spiritus</strong></span> <span class='ocrx_word' id='word_1_337' title='bbox 514 2592 712 2644; x_wconf 80' lang='lat' dir='ltr'><strong>timoris</strong></span> <span class='ocrx_word' id='word_1_338' title='bbox 742 2590 957 2643; x_wconf 77' lang='lat' dir='ltr'><strong>Domini</strong></span> <span class='ocrx_word' id='word_1_339' title='bbox 989 2588 1128 2657; x_wconf 86' lang='lat' dir='ltr'><strong>(lsa.</strong></span> <span class='ocrx_word' id='word_1_340' title='bbox 1167 2605 1220 2643; x_wconf 70' lang='grc' dir='ltr'>λι</span> <span class='ocrx_word' id='word_1_341' title='bbox 1246 2631 1261 2653; x_wconf 90' lang='grc'><strong>,</strong></span> <span class='ocrx_word' id='word_1_342' title='bbox 1300 2588 1375 2657; x_wconf 81' lang='grc'><strong>1).</strong></span> <span class='ocrx_word' id='word_1_343' title='bbox 1425 2588 1579 2643; x_wconf 83' lang='grc' dir='ltr'>ΙΙΙιιιιι</span> <span class='ocrx_word' id='word_1_344' title='bbox 1613 2588 1862 2657; x_wconf 88' lang='lat' dir='ltr'><strong>spiritum</strong></span> 
     </span>
    </p>
   </div>
   <div class='ocr_carea' id='block_1_42' title="bbox 265 2678 1864 2753">
    <p class='ocr_par' dir='ltr' id='par_1_42' title="bbox 265 2678 1864 2753">
     <span class='ocr_line' id='line_1_42' title="bbox 265 2678 1864 2753; baseline -0.004 -14"><span class='ocrx_word' id='word_1_345' title='bbox 265 2698 422 2753; x_wconf 87' lang='lat' dir='ltr'><strong>quem</strong></span> <span class='ocrx_word' id='word_1_346' title='bbox 469 2682 634 2736; x_wconf 83' lang='lat' dir='ltr'><strong>David</strong></span> <span class='ocrx_word' id='word_1_347' title='bbox 677 2683 867 2751; x_wconf 86' lang='lat' dir='ltr'><strong>canit,</strong></span> <span class='ocrx_word' id='word_1_348' title='bbox 899 2683 1086 2737; x_wconf 87' lang='lat' dir='ltr'><strong>dicens</strong></span> <span class='ocrx_word' id='word_1_349' title='bbox 1117 2698 1131 2736; x_wconf 90' lang='lat'><strong>:</strong></span> <span class='ocrx_word' id='word_1_350' title='bbox 1164 2680 1358 2734; x_wconf 87' lang='lat' dir='ltr'><strong>Timete</strong></span> <span class='ocrx_word' id='word_1_351' title='bbox 1399 2678 1864 2751; x_wconf 86' lang='lat' dir='ltr'><strong>Dominum,jnsti</strong></span> 
     </span>
    </p>
   </div>
   <div class='ocr_carea' id='block_1_43' title="bbox 266 2771 1859 2847">
    <p class='ocr_par' dir='ltr' id='par_1_43' title="bbox 266 2771 1859 2847">
     <span class='ocr_line' id='line_1_43' title="bbox 266 2771 1859 2847; baseline -0.003 -18"><span class='ocrx_word' id='word_1_352' title='bbox 266 2778 376 2847; x_wconf 75' lang='lat' dir='ltr'><strong>ejus</strong></span> <span class='ocrx_word' id='word_1_353' title='bbox 406 2775 634 2847; x_wconf 72' lang='lat' dir='ltr'><strong>(Psalm.</strong></span> <span class='ocrx_word' id='word_1_354' title='bbox 670 2791 839 2830; x_wconf 76' lang='lat' dir='ltr'><strong>xxxiii</strong></span> <span class='ocrx_word' id='word_1_355' title='bbox 865 2818 881 2841; x_wconf 95' lang='lat'><strong>,</strong></span> <span class='ocrx_word' id='word_1_356' title='bbox 919 2777 1031 2843; x_wconf 70' lang='lat'><strong>10).</strong></span> <span class='ocrx_word' id='word_1_357' title='bbox 1080 2774 1236 2831; x_wconf 83' lang='lat' dir='ltr'><strong>Unde</strong></span> <span class='ocrx_word' id='word_1_358' title='bbox 1266 2786 1321 2828; x_wconf 91' lang='lat' dir='ltr'><strong>et</strong></span> <span class='ocrx_word' id='word_1_359' title='bbox 1354 2774 1494 2827; x_wconf 89' lang='lat' dir='ltr'><strong>beati</strong></span> <span class='ocrx_word' id='word_1_360' title='bbox 1525 2771 1859 2838; x_wconf 76' lang='lat' dir='ltr'><strong>efficiuntur,</strong></span> 
     </span>
    </p>
   </div>
   <div class='ocr_carea' id='block_1_44' title="bbox 263 2865 1863 2939">
    <p class='ocr_par' dir='ltr' id='par_1_44' title="bbox 263 2865 1863 2939">
     <span class='ocr_line' id='line_1_44' title="bbox 263 2865 1863 2939; baseline -0.003 -17"><span class='ocrx_word' id='word_1_361' title='bbox 263 2868 457 2922; x_wconf 90' lang='lat' dir='ltr'><strong>eodem</strong></span> <span class='ocrx_word' id='word_1_362' title='bbox 501 2877 844 2939; x_wconf 61' lang='lat' dir='ltr'><strong>protestante</strong></span> <span class='ocrx_word' id='word_1_363' title='bbox 875 2878 929 2921; x_wconf 90' lang='lat' dir='ltr'><strong>ct</strong></span> <span class='ocrx_word' id='word_1_364' title='bbox 960 2869 1176 2922; x_wconf 90' lang='lat' dir='ltr'><strong>dicente</strong></span> <span class='ocrx_word' id='word_1_365' title='bbox 1210 2884 1222 2920; x_wconf 92' lang='lat'>:</span> <span class='ocrx_word' id='word_1_366' title='bbox 1256 2865 1449 2919; x_wconf 85' lang='lat' dir='ltr'><strong>Beatus</strong></span> <span class='ocrx_word' id='word_1_367' title='bbox 1488 2867 1566 2918; x_wconf 86' lang='lat' dir='ltr'><strong>vir</strong></span> <span class='ocrx_word' id='word_1_368' title='bbox 1595 2865 1683 2935; x_wconf 87' lang='lat' dir='ltr'><strong>qui</strong></span> <span class='ocrx_word' id='word_1_369' title='bbox 1718 2866 1863 2918; x_wconf 89' lang='lat' dir='ltr'><strong>timet</strong></span> 
     </span>
    </p>
   </div>
   <div class='ocr_carea' id='block_1_45' title="bbox 262 2959 1861 3027">
    <p class='ocr_par' dir='ltr' id='par_1_45' title="bbox 262 2959 1861 3027">
     <span class='ocr_line' id='line_1_45' title="bbox 262 2959 1861 3027; baseline -0.003 -13"><span class='ocrx_word' id='word_1_370' title='bbox 262 2960 544 3015; x_wconf 84' lang='lat' dir='ltr'><strong>Dominum</strong></span> <span class='ocrx_word' id='word_1_371' title='bbox 567 2978 585 3014; x_wconf 91' lang='lat'><em>:</em></span> <span class='ocrx_word' id='word_1_372' title='bbox 614 2960 764 3015; x_wconf 80' lang='lat' dir='ltr'><strong>illum</strong></span> <span class='ocrx_word' id='word_1_373' title='bbox 785 2959 891 3015; x_wconf 89' lang='lat' dir='ltr'><strong>dici</strong></span> <span class='ocrx_word' id='word_1_374' title='bbox 922 2960 1173 3014; x_wconf 88' lang='lat' dir='ltr'><strong>timorem</strong></span> <span class='ocrx_word' id='word_1_375' title='bbox 1197 3000 1212 3024; x_wconf 91' lang='lat'><strong>,</strong></span> <span class='ocrx_word' id='word_1_376' title='bbox 1237 2960 1329 3027; x_wconf 89' lang='lat' dir='ltr'><strong>qui</strong></span> <span class='ocrx_word' id='word_1_377' title='bbox 1361 2967 1545 3012; x_wconf 89' lang='lat' dir='ltr'><strong>castus</strong></span> <span class='ocrx_word' id='word_1_378' title='bbox 1573 2967 1654 3011; x_wconf 88' lang='lat' dir='ltr'><strong>est</strong></span> <span class='ocrx_word' id='word_1_379' title='bbox 1679 2964 1735 3009; x_wconf 76' lang='lat' dir='ltr'><strong>et</strong></span> <span class='ocrx_word' id='word_1_380' title='bbox 1762 2971 1861 3025; x_wconf 79' lang='lat' dir='ltr'><strong>pu-</strong></span> 
     </span>
    </p>
   </div>
   <div class='ocr_carea' id='block_1_46' title="bbox 262 3047 1856 3119">
    <p class='ocr_par' dir='ltr' id='par_1_46' title="bbox 262 3047 1856 3119">
     <span class='ocr_line' id='line_1_46' title="bbox 262 3047 1856 3119; baseline -0.003 -13"><span class='ocrx_word' id='word_1_381' title='bbox 262 3051 438 3106; x_wconf 89' lang='lat' dir='ltr'><strong>dicus.</strong></span> <span class='ocrx_word' id='word_1_382' title='bbox 478 3053 739 3119; x_wconf 81' lang='lat' dir='ltr'><strong>Quoniam</strong></span> <span class='ocrx_word' id='word_1_383' title='bbox 780 3052 932 3105; x_wconf 83' lang='lat' dir='ltr'><strong>timor</strong></span> <span class='ocrx_word' id='word_1_384' title='bbox 962 3050 1174 3105; x_wconf 84' lang='lat' dir='ltr'><strong>Domini</strong></span> <span class='ocrx_word' id='word_1_385' title='bbox 1206 3060 1378 3103; x_wconf 86' lang='lat' dir='ltr'><strong>castus</strong></span> <span class='ocrx_word' id='word_1_386' title='bbox 1404 3090 1417 3113; x_wconf 90' lang='lat'><strong>,</strong></span> <span class='ocrx_word' id='word_1_387' title='bbox 1447 3048 1622 3117; x_wconf 88' lang='lat' dir='ltr'><strong>inquit</strong></span> <span class='ocrx_word' id='word_1_388' title='bbox 1653 3047 1820 3102; x_wconf 81' lang='lat' dir='ltr'><strong>David</strong></span> <span class='ocrx_word' id='word_1_389' title='bbox 1840 3088 1856 3115; x_wconf 89' lang='lat'><strong>,</strong></span> 
     </span>
    </p>
   </div>
   <div class='ocr_carea' id='block_1_47' title="bbox 261 3137 1613 3212">
    <p class='ocr_par' dir='ltr' id='par_1_47' title="bbox 261 3137 1613 3212">
     <span class='ocr_line' id='line_1_47' title="bbox 261 3137 1613 3212; baseline -0.002 -17"><span class='ocrx_word' id='word_1_390' title='bbox 261 3152 436 3198; x_wconf 86' lang='lat' dir='ltr'><strong>manet</strong></span> <span class='ocrx_word' id='word_1_391' title='bbox 465 3142 519 3196; x_wconf 89' lang='lat' dir='ltr'><strong>in</strong></span> <span class='ocrx_word' id='word_1_392' title='bbox 546 3144 799 3197; x_wconf 76' lang='lat' dir='ltr'><strong>steculum</strong></span> <span class='ocrx_word' id='word_1_393' title='bbox 825 3142 1005 3196; x_wconf 76' lang='lat' dir='ltr'><strong>swculi</strong></span> <span class='ocrx_word' id='word_1_394' title='bbox 1038 3140 1263 3212; x_wconf 88' lang='lat' dir='ltr'><strong>(Psalm.</strong></span> <span class='ocrx_word' id='word_1_395' title='bbox 1299 3155 1433 3194; x_wconf 78' lang='lat' dir='ltr'><strong>xvm</strong></span> <span class='ocrx_word' id='word_1_396' title='bbox 1455 3182 1467 3203; x_wconf 92' lang='lat'><strong>,</strong></span> <span class='ocrx_word' id='word_1_397' title='bbox 1500 3137 1613 3210; x_wconf 79' lang='grc'>10).</span> 
     </span>
    </p>
   </div>
   <div class='ocr_carea' id='block_1_48' title="bbox 331 3219 1927 3305">
    <p class='ocr_par' dir='ltr' id='par_1_48' title="bbox 331 3219 1927 3305">
     <span class='ocr_line' id='line_1_48' title="bbox 331 3219 1927 3305; baseline -0.004 -15"><span class='ocrx_word' id='word_1_398' title='bbox 331 3235 478 3305; x_wconf 81' lang='lat' dir='ltr'><strong>Ergo</strong></span> <span class='ocrx_word' id='word_1_399' title='bbox 497 3245 581 3290; x_wconf 86' lang='lat' dir='ltr'><strong>est</strong></span> <span class='ocrx_word' id='word_1_400' title='bbox 601 3235 801 3303; x_wconf 72' lang='lat' dir='ltr'><strong>duplex</strong></span> <span class='ocrx_word' id='word_1_401' title='bbox 829 3234 991 3289; x_wconf 86' lang='lat' dir='ltr'><strong>timor</strong></span> <span class='ocrx_word' id='word_1_402' title='bbox 1017 3251 1029 3287; x_wconf 87' lang='lat'><strong>:</strong></span> <span class='ocrx_word' id='word_1_403' title='bbox 1065 3248 1205 3286; x_wconf 86' lang='lat' dir='ltr'><strong>unus</strong></span> <span class='ocrx_word' id='word_1_404' title='bbox 1233 3232 1592 3302; x_wconf 80' lang='lat' dir='ltr'><strong>appetentius,</strong></span> <span class='ocrx_word' id='word_1_405' title='bbox 1616 3231 1755 3285; x_wconf 88' lang='lat' dir='ltr'><strong>alios</strong></span> <span class='ocrx_word' id='word_1_406' title='bbox 1773 3230 1857 3285; x_wconf 90' lang='lat' dir='ltr'><strong>fu-</strong></span> <span class='ocrx_word' id='word_1_407' title='bbox 1883 3219 1927 3283; x_wconf 89' lang='lat' dir='ltr'>C</span> 
     </span>
    </p>
   </div>
   <div class='ocr_carea' id='block_1_49' title="bbox 260 3323 1858 3398">
    <p class='ocr_par' dir='ltr' id='par_1_49' title="bbox 260 3323 1858 3398">
     <span class='ocr_line' id='line_1_49' title="bbox 260 3323 1858 3398; baseline -0.003 -16"><span class='ocrx_word' id='word_1_408' title='bbox 260 3327 502 3398; x_wconf 89' lang='lat' dir='ltr'><strong>giendus</strong></span> <span class='ocrx_word' id='word_1_409' title='bbox 533 3334 636 3381; x_wconf 89' lang='lat' dir='ltr'><strong>est.</strong></span> <span class='ocrx_word' id='word_1_410' title='bbox 671 3326 836 3396; x_wconf 86' lang='lat' dir='ltr'><strong>igitur</strong></span> <span class='ocrx_word' id='word_1_411' title='bbox 872 3325 1211 3395; x_wconf 78' lang='lat' dir='ltr'><strong>appetendos</strong></span> <span class='ocrx_word' id='word_1_412' title='bbox 1242 3326 1425 3389; x_wconf 86' lang='lat' dir='ltr'><strong>timor,</strong></span> <span class='ocrx_word' id='word_1_413' title='bbox 1470 3323 1763 3379; x_wconf 88' lang='lat' dir='ltr'><strong>admonitio</strong></span> <span class='ocrx_word' id='word_1_414' title='bbox 1802 3333 1858 3378; x_wconf 92' lang='lat' dir='ltr'><strong>ct</strong></span> 
     </span>
    </p>
   </div>
   <div class='ocr_carea' id='block_1_50' title="bbox 255 3417 1852 3489">
    <p class='ocr_par' dir='ltr' id='par_1_50' title="bbox 255 3417 1852 3489">
     <span class='ocr_line' id='line_1_50' title="bbox 255 3417 1852 3489; baseline -0.004 -14"><span class='ocrx_word' id='word_1_415' title='bbox 255 3419 506 3475; x_wconf 87' lang='lat' dir='ltr'><strong>custodia</strong></span> <span class='ocrx_word' id='word_1_416' title='bbox 524 3420 762 3474; x_wconf 90' lang='lat' dir='ltr'><strong>omnium</strong></span> <span class='ocrx_word' id='word_1_417' title='bbox 784 3435 960 3474; x_wconf 88' lang='lat' dir='ltr'><strong>rerum</strong></span> <span class='ocrx_word' id='word_1_418' title='bbox 974 3462 986 3481; x_wconf 90' lang='lat'><strong>,</strong></span> <span class='ocrx_word' id='word_1_419' title='bbox 1003 3434 1135 3489; x_wconf 86' lang='lat' dir='ltr'><strong>quas</strong></span> <span class='ocrx_word' id='word_1_420' title='bbox 1153 3417 1420 3473; x_wconf 90' lang='lat' dir='ltr'><strong>credimus</strong></span> <span class='ocrx_word' id='word_1_421' title='bbox 1440 3427 1533 3471; x_wconf 91' lang='lat' dir='ltr'><strong>aut</strong></span> <span class='ocrx_word' id='word_1_422' title='bbox 1549 3431 1852 3486; x_wconf 87' lang='lat' dir='ltr'><strong>speramus.</strong></span> 
     </span>
    </p>
   </div>
   <div class='ocr_carea' id='block_1_51' title="bbox 257 3511 1856 3583">
    <p class='ocr_par' dir='ltr' id='par_1_51' title="bbox 257 3511 1856 3583">
     <span class='ocr_line' id='line_1_51' title="bbox 257 3511 1856 3583; baseline -0.003 -16"><span class='ocrx_word' id='word_1_423' title='bbox 257 3513 540 3568; x_wconf 90' lang='lat' dir='ltr'><strong>Timemus</strong></span> <span class='ocrx_word' id='word_1_424' title='bbox 561 3514 704 3566; x_wconf 86' lang='lat' dir='ltr'><strong>enim</strong></span> <span class='ocrx_word' id='word_1_425' title='bbox 730 3513 1022 3583; x_wconf 89' lang='lat' dir='ltr'><strong>judicium,</strong></span> <span class='ocrx_word' id='word_1_426' title='bbox 1055 3513 1175 3580; x_wconf 88' lang='lat' dir='ltr'><strong>quia</strong></span> <span class='ocrx_word' id='word_1_427' title='bbox 1204 3526 1489 3581; x_wconf 83' lang='lat' dir='ltr'><strong>speramus</strong></span> <span class='ocrx_word' id='word_1_428' title='bbox 1523 3528 1535 3563; x_wconf 75' lang='grc' dir='ltr'><strong>ε</strong></span> <span class='ocrx_word' id='word_1_429' title='bbox 1570 3520 1624 3565; x_wconf 85' lang='grc' dir='ltr'><strong>ει</strong></span> <span class='ocrx_word' id='word_1_430' title='bbox 1655 3511 1856 3565; x_wconf 88' lang='lat' dir='ltr'><strong>metui-</strong></span> 
     </span>
    </p>
   </div>
   <div class='ocr_carea' id='block_1_52' title="bbox 254 3602 1849 3675">
    <p class='ocr_par' dir='ltr' id='par_1_52' title="bbox 254 3602 1849 3675">
     <span class='ocr_line' id='line_1_52' title="bbox 254 3602 1849 3675; baseline -0.003 -16"><span class='ocrx_word' id='word_1_431' title='bbox 254 3621 374 3659; x_wconf 90' lang='lat' dir='ltr'><strong>mus</strong></span> <span class='ocrx_word' id='word_1_432' title='bbox 401 3605 713 3673; x_wconf 80' lang='lat' dir='ltr'><strong>Dominuin,</strong></span> <span class='ocrx_word' id='word_1_433' title='bbox 744 3605 870 3675; x_wconf 85' lang='lat' dir='ltr'><strong>quia</strong></span> <span class='ocrx_word' id='word_1_434' title='bbox 893 3606 1089 3659; x_wconf 83' lang='lat' dir='ltr'><strong>fortem</strong></span> <span class='ocrx_word' id='word_1_435' title='bbox 1115 3606 1264 3657; x_wconf 90' lang='lat' dir='ltr'><strong>illum</strong></span> <span class='ocrx_word' id='word_1_436' title='bbox 1285 3603 1526 3672; x_wconf 85' lang='lat' dir='ltr'><strong>judieem</strong></span> <span class='ocrx_word' id='word_1_437' title='bbox 1550 3602 1849 3657; x_wconf 85' lang='lat' dir='ltr'><strong>credimus.</strong></span> 
     </span>
    </p>
   </div>
   <div class='ocr_carea' id='block_1_53' title="bbox 256 3695 1855 3769">
    <p class='ocr_par' dir='ltr' id='par_1_53' title="bbox 256 3695 1855 3769">
     <span class='ocr_line' id='line_1_53' title="bbox 256 3695 1855 3769; baseline -0.005 -16"><span class='ocrx_word' id='word_1_438' title='bbox 256 3699 391 3754; x_wconf 84' lang='lat' dir='ltr'><strong>Vera</strong></span> <span class='ocrx_word' id='word_1_439' title='bbox 422 3714 655 3769; x_wconf 88' lang='lat' dir='ltr'><strong>namque</strong></span> <span class='ocrx_word' id='word_1_440' title='bbox 687 3701 793 3753; x_wconf 87' lang='lat' dir='ltr'><strong>vita</strong></span> <span class='ocrx_word' id='word_1_441' title='bbox 825 3709 910 3754; x_wconf 90' lang='lat' dir='ltr'><strong>est</strong></span> <span class='ocrx_word' id='word_1_442' title='bbox 949 3699 1117 3753; x_wconf 89' lang='lat' dir='ltr'><strong>Deum</strong></span> <span class='ocrx_word' id='word_1_443' title='bbox 1167 3712 1346 3761; x_wconf 74' lang='lat' dir='ltr'><strong>nos.~e,</strong></span> <span class='ocrx_word' id='word_1_444' title='bbox 1394 3695 1586 3751; x_wconf 89' lang='lat' dir='ltr'><strong>timere</strong></span> <span class='ocrx_word' id='word_1_445' title='bbox 1608 3695 1722 3764; x_wconf 84' lang='lat' dir='ltr'><strong>ejus</strong></span> <span class='ocrx_word' id='word_1_446' title='bbox 1755 3710 1855 3765; x_wconf 87' lang='lat' dir='ltr'><strong>po-</strong></span> 
     </span>
    </p>
   </div>
   <div class='ocr_carea' id='block_1_54' title="bbox 255 3787 1854 3859">
    <p class='ocr_par' dir='ltr' id='par_1_54' title="bbox 255 3787 1854 3859">
     <span class='ocr_line' id='line_1_54' title="bbox 255 3787 1854 3859; baseline -0.002 -15"><span class='ocrx_word' id='word_1_447' title='bbox 255 3792 501 3856; x_wconf 87' lang='lat' dir='ltr'><strong>tentiam,</strong></span> <span class='ocrx_word' id='word_1_448' title='bbox 530 3805 715 3845; x_wconf 86' lang='lat' dir='ltr'><strong>amare</strong></span> <span class='ocrx_word' id='word_1_449' title='bbox 765 3792 1046 3859; x_wconf 84' lang='lat' dir='ltr'><strong>pietatem.</strong></span> <span class='ocrx_word' id='word_1_450' title='bbox 1079 3788 1267 3844; x_wconf 89' lang='lat' dir='ltr'><strong>Timor</strong></span> <span class='ocrx_word' id='word_1_451' title='bbox 1312 3803 1544 3857; x_wconf 86' lang='lat' dir='ltr'><strong>namque</strong></span> <span class='ocrx_word' id='word_1_452' title='bbox 1594 3787 1854 3841; x_wconf 88' lang='lat' dir='ltr'><strong>virtutum</strong></span> 
     </span>
    </p>
   </div>
   <div class='ocr_carea' id='block_1_55' title="bbox 255 3878 1853 3949">
    <p class='ocr_par' dir='ltr' id='par_1_55' title="bbox 255 3878 1853 3949">
     <span class='ocr_line' id='line_1_55' title="bbox 255 3878 1853 3949; baseline -0.002 -14"><span class='ocrx_word' id='word_1_453' title='bbox 255 3890 337 3935; x_wconf 87' lang='lat' dir='ltr'><strong>est</strong></span> <span class='ocrx_word' id='word_1_454' title='bbox 359 3891 568 3945; x_wconf 88' lang='lat' dir='ltr'><strong>custos,</strong></span> <span class='ocrx_word' id='word_1_455' title='bbox 601 3884 872 3936; x_wconf 83' lang='lat' dir='ltr'><strong>securitas</strong></span> <span class='ocrx_word' id='word_1_456' title='bbox 894 3882 960 3936; x_wconf 88' lang='lat' dir='ltr'><strong>ad</strong></span> <span class='ocrx_word' id='word_1_457' title='bbox 993 3882 1204 3949; x_wconf 89' lang='lat' dir='ltr'><strong>lapsum</strong></span> <span class='ocrx_word' id='word_1_458' title='bbox 1248 3880 1440 3934; x_wconf 81' lang='lat' dir='ltr'><strong>facilis.</strong></span> <span class='ocrx_word' id='word_1_459' title='bbox 1488 3878 1546 3934; x_wconf 90' lang='lat' dir='ltr'><strong>Si</strong></span> <span class='ocrx_word' id='word_1_460' title='bbox 1591 3893 1853 3949; x_wconf 84' lang='lat' dir='ltr'><strong>pavorem</strong></span> 
     </span>
    </p>
   </div>
   <div class='ocr_carea' id='block_1_56' title="bbox 255 3972 1855 4037">
    <p class='ocr_par' dir='ltr' id='par_1_56' title="bbox 255 3972 1855 4037">
     <span class='ocr_line' id='line_1_56' title="bbox 255 3972 1855 4037; baseline 0.001 -12"><span class='ocrx_word' id='word_1_461' title='bbox 255 3972 535 4037; x_wconf 81' lang='lat' dir='ltr'><strong>habueris,</strong></span> <span class='ocrx_word' id='word_1_462' title='bbox 566 3974 837 4029; x_wconf 85' lang='lat' dir='ltr'><strong>sollicitus</strong></span> <span class='ocrx_word' id='word_1_463' title='bbox 868 3973 977 4029; x_wconf 90' lang='lat' dir='ltr'><strong>eris</strong></span> <span class='ocrx_word' id='word_1_464' title='bbox 1004 3991 1015 4025; x_wconf 88' lang='lat'>:</span> <span class='ocrx_word' id='word_1_465' title='bbox 1048 3982 1104 4027; x_wconf 88' lang='lat' dir='ltr'><strong>et</strong></span> <span class='ocrx_word' id='word_1_466' title='bbox 1142 3974 1186 4027; x_wconf 91' lang='lat' dir='ltr'><strong>si</strong></span> <span class='ocrx_word' id='word_1_467' title='bbox 1230 3973 1503 4027; x_wconf 77' lang='lat' dir='ltr'><strong>sollicitus</strong></span> <span class='ocrx_word' id='word_1_468' title='bbox 1533 3972 1725 4036; x_wconf 89' lang='lat' dir='ltr'><strong>fueris,</strong></span> <span class='ocrx_word' id='word_1_469' title='bbox 1770 3972 1855 4027; x_wconf 90' lang='lat' dir='ltr'><strong>leo</strong></span> 
     </span>
    </p>
   </div>
   <div class='ocr_carea' id='block_1_57' title="bbox 253 4064 1853 4133">
    <p class='ocr_par' dir='ltr' id='par_1_57' title="bbox 253 4064 1853 4133">
     <span class='ocr_line' id='line_1_57' title="bbox 253 4064 1853 4133; baseline 0 -14"><span class='ocrx_word' id='word_1_470' title='bbox 253 4065 304 4119; x_wconf 92' lang='lat' dir='ltr'><strong>in</strong></span> <span class='ocrx_word' id='word_1_471' title='bbox 336 4066 523 4119; x_wconf 88' lang='lat' dir='ltr'><strong>caulas</strong></span> <span class='ocrx_word' id='word_1_472' title='bbox 546 4066 725 4120; x_wconf 88' lang='lat' dir='ltr'><strong>ovium</strong></span> <span class='ocrx_word' id='word_1_473' title='bbox 761 4076 975 4119; x_wconf 83' lang='lat' dir='ltr'><strong>tuarum</strong></span> <span class='ocrx_word' id='word_1_474' title='bbox 1026 4066 1231 4120; x_wconf 88' lang='lat' dir='ltr'><strong>intrare</strong></span> <span class='ocrx_word' id='word_1_475' title='bbox 1279 4079 1385 4118; x_wconf 88' lang='lat' dir='ltr'><strong>non</strong></span> <span class='ocrx_word' id='word_1_476' title='bbox 1426 4064 1645 4132; x_wconf 83' lang='lat' dir='ltr'><strong>poterit.</strong></span> <span class='ocrx_word' id='word_1_477' title='bbox 1699 4064 1853 4133; x_wconf 87' lang='lat' dir='ltr'><strong>Quod</strong></span> 
     </span>
    </p>
   </div>
   <div class='ocr_carea' id='block_1_58' title="bbox 251 4157 1852 4227">
    <p class='ocr_par' dir='ltr' id='par_1_58' title="bbox 251 4157 1852 4227">
     <span class='ocr_line' id='line_1_58' title="bbox 251 4157 1852 4227; baseline 0.001 -16"><span class='ocrx_word' id='word_1_478' title='bbox 251 4158 333 4213; x_wconf 85' lang='lat' dir='ltr'><strong>vel</strong></span> <span class='ocrx_word' id='word_1_479' title='bbox 367 4159 433 4213; x_wconf 88' lang='lat' dir='ltr'><strong>ad</strong></span> <span class='ocrx_word' id='word_1_480' title='bbox 469 4160 789 4227; x_wconf 74' lang='lat' dir='ltr'><strong>praepositos</strong></span> <span class='ocrx_word' id='word_1_481' title='bbox 814 4159 1203 4224; x_wconf 84' lang='lat' dir='ltr'><strong>Ecclesiarum,</strong></span> <span class='ocrx_word' id='word_1_482' title='bbox 1231 4157 1315 4211; x_wconf 88' lang='lat' dir='ltr'><strong>vel</strong></span> <span class='ocrx_word' id='word_1_483' title='bbox 1347 4157 1413 4210; x_wconf 87' lang='lat' dir='ltr'><strong>ad</strong></span> <span class='ocrx_word' id='word_1_484' title='bbox 1445 4158 1639 4212; x_wconf 86' lang='lat' dir='ltr'><strong>animae</strong></span> <span class='ocrx_word' id='word_1_485' title='bbox 1667 4168 1852 4212; x_wconf 85' lang='lat' dir='ltr'><strong>custo-</strong></span> 
     </span>
    </p>
   </div>
   <div class='ocr_carea' id='block_1_59' title="bbox 252 4248 1852 4320">
    <p class='ocr_par' dir='ltr' id='par_1_59' title="bbox 252 4248 1852 4320">
     <span class='ocr_line' id='line_1_59' title="bbox 252 4248 1852 4320; baseline -0.001 -15"><span class='ocrx_word' id='word_1_486' title='bbox 252 4252 373 4307; x_wconf 85' lang='lat' dir='ltr'><strong>dem</strong></span> <span class='ocrx_word' id='word_1_487' title='bbox 421 4251 683 4320; x_wconf 82' lang='lat' dir='ltr'><strong>pertinet.</strong></span> <span class='ocrx_word' id='word_1_488' title='bbox 716 4252 815 4319; x_wconf 83' lang='lat' dir='ltr'><strong>Qui</strong></span> <span class='ocrx_word' id='word_1_489' title='bbox 844 4262 1032 4305; x_wconf 84' lang='lat' dir='ltr'><strong>cautus</strong></span> <span class='ocrx_word' id='word_1_490' title='bbox 1076 4258 1161 4305; x_wconf 82' lang='lat' dir='ltr'><strong>est</strong></span> <span class='ocrx_word' id='word_1_491' title='bbox 1189 4259 1243 4305; x_wconf 89' lang='lat' dir='ltr'><strong>et</strong></span> <span class='ocrx_word' id='word_1_492' title='bbox 1276 4248 1516 4317; x_wconf 84' lang='lat' dir='ltr'><strong>timidus,</strong></span> <span class='ocrx_word' id='word_1_493' title='bbox 1566 4260 1747 4318; x_wconf 88' lang='lat' dir='ltr'><strong>potest</strong></span> <span class='ocrx_word' id='word_1_494' title='bbox 1786 4249 1852 4304; x_wconf 84' lang='lat' dir='ltr'><strong>ad</strong></span> 
     </span>
    </p>
   </div>
   <div class='ocr_carea' id='block_1_60' title="bbox 252 4342 1849 4415">
    <p class='ocr_par' dir='ltr' id='par_1_60' title="bbox 252 4342 1849 4415">
     <span class='ocr_line' id='line_1_60' title="bbox 252 4342 1849 4415; baseline -0.001 -15"><span class='ocrx_word' id='word_1_495' title='bbox 252 4354 469 4415; x_wconf 90' lang='lat' dir='ltr'><strong>tempus</strong></span> <span class='ocrx_word' id='word_1_496' title='bbox 490 4345 664 4400; x_wconf 83' lang='lat' dir='ltr'><strong>vitare</strong></span> <span class='ocrx_word' id='word_1_497' title='bbox 694 4354 913 4415; x_wconf 85' lang='lat' dir='ltr'><strong>peccata</strong></span> <span class='ocrx_word' id='word_1_498' title='bbox 951 4344 1083 4413; x_wconf 90' lang='lat' dir='ltr'><strong>:qui</strong></span> <span class='ocrx_word' id='word_1_499' title='bbox 1130 4359 1358 4399; x_wconf 88' lang='lat' dir='ltr'><strong>securus</strong></span> <span class='ocrx_word' id='word_1_500' title='bbox 1394 4352 1479 4397; x_wconf 85' lang='lat' dir='ltr'><strong>est</strong></span> <span class='ocrx_word' id='word_1_501' title='bbox 1530 4344 1597 4397; x_wconf 90' lang='lat' dir='ltr'><strong>de</strong></span> <span class='ocrx_word' id='word_1_502' title='bbox 1642 4342 1849 4412; x_wconf 87' lang='lat' dir='ltr'><strong>justitia</strong></span> 
     </span>
    </p>
   </div>
   <div class='ocr_carea' id='block_1_61' title="bbox 251 4434 1846 4507">
    <p class='ocr_par' dir='ltr' id='par_1_61' title="bbox 251 4434 1846 4507">
     <span class='ocr_line' id='line_1_61' title="bbox 251 4434 1846 4507; baseline -0.003 -14"><span class='ocrx_word' id='word_1_503' title='bbox 251 4453 367 4504; x_wconf 89' lang='lat' dir='ltr'><strong>sua,</strong></span> <span class='ocrx_word' id='word_1_504' title='bbox 398 4449 419 4474; x_wconf 70' lang='grc' dir='ltr'><strong>η</strong></span> <span class='ocrx_word' id='word_1_505' title='bbox 455 4446 722 4507; x_wconf 75' lang='lat' dir='ltr'><strong>repugnat</strong></span> <span class='ocrx_word' id='word_1_506' title='bbox 767 4439 878 4492; x_wconf 90' lang='lat' dir='ltr'><strong>Deo</strong></span> <span class='ocrx_word' id='word_1_507' title='bbox 928 4454 944 4491; x_wconf 83' lang='lat'><strong><em>:</em></strong></span> <span class='ocrx_word' id='word_1_508' title='bbox 994 4437 1245 4506; x_wconf 89' lang='lat' dir='ltr'><strong>illiusque</strong></span> <span class='ocrx_word' id='word_1_509' title='bbox 1290 4436 1493 4491; x_wconf 82' lang='lat' dir='ltr'><strong>auxilio</strong></span> <span class='ocrx_word' id='word_1_510' title='bbox 1534 4434 1846 4505; x_wconf 72' lang='lat' dir='ltr'><strong>desdtutus,</strong></span> 
     </span>
    </p>
   </div>
   <div class='ocr_carea' id='block_1_62' title="bbox 252 4529 1847 4600">
    <p class='ocr_par' dir='ltr' id='par_1_62' title="bbox 252 4529 1847 4600">
     <span class='ocr_line' id='line_1_62' title="bbox 252 4529 1847 4600; baseline -0.001 -15"><span class='ocrx_word' id='word_1_511' title='bbox 252 4533 461 4587; x_wconf 87' lang='lat' dir='ltr'><strong>insidiis</strong></span> <span class='ocrx_word' id='word_1_512' title='bbox 490 4531 725 4586; x_wconf 90' lang='lat' dir='ltr'><strong>hostium</strong></span> <span class='ocrx_word' id='word_1_513' title='bbox 761 4539 926 4600; x_wconf 88' lang='lat' dir='ltr'><strong>patet.</strong></span> <span class='ocrx_word' id='word_1_514' title='bbox 960 4530 1260 4599; x_wconf 84' lang='lat' dir='ltr'><strong>Numquam</strong></span> <span class='ocrx_word' id='word_1_515' title='bbox 1315 4540 1427 4583; x_wconf 91' lang='lat' dir='ltr'><strong>tuta</strong></span> <span class='ocrx_word' id='word_1_516' title='bbox 1477 4539 1562 4584; x_wconf 88' lang='lat' dir='ltr'><strong>est</strong></span> <span class='ocrx_word' id='word_1_517' title='bbox 1614 4529 1847 4584; x_wconf 84' lang='lat' dir='ltr'><strong>lnnnana</strong></span> 
     </span>
    </p>
   </div>
   <div class='ocr_carea' id='block_1_63' title="bbox 1972 1938 3574 2005">
    <p class='ocr_par' dir='ltr' id='par_1_63' title="bbox 1972 1938 3574 2005">
     <span class='ocr_line' id='line_1_63' title="bbox 1972 1938 3574 2005; baseline 0.004 -15"><span class='ocrx_word' id='word_1_518' title='bbox 1972 1938 2079 1992; x_wconf 87' lang='lat' dir='ltr'><strong>dici</strong></span> <span class='ocrx_word' id='word_1_519' title='bbox 2112 1946 2333 2005; x_wconf 78' lang='lat' dir='ltr'><strong>potest:</strong></span> <span class='ocrx_word' id='word_1_520' title='bbox 2367 1954 2432 1991; x_wconf 89' lang='lat' dir='ltr'><strong>ex</strong></span> <span class='ocrx_word' id='word_1_521' title='bbox 2466 1939 2566 1991; x_wconf 90' lang='lat' dir='ltr'><strong>hac</strong></span> <span class='ocrx_word' id='word_1_522' title='bbox 2606 1938 2725 1992; x_wconf 88' lang='lat' dir='ltr'><strong>sola</strong></span> <span class='ocrx_word' id='word_1_523' title='bbox 2774 1940 2970 2005; x_wconf 81' lang='lat' dir='ltr'><strong>pmerit</strong></span> <span class='ocrx_word' id='word_1_524' title='bbox 3022 1939 3133 1993; x_wconf 74' lang='lat' dir='ltr'><strong>Deo</strong></span> <span class='ocrx_word' id='word_1_525' title='bbox 3188 1941 3382 1996; x_wconf 89' lang='lat' dir='ltr'><strong>similis</strong></span> <span class='ocrx_word' id='word_1_526' title='bbox 3429 1957 3574 1997; x_wconf 88' lang='lat' dir='ltr'><strong>esse.</strong></span> 
     </span>
    </p>
   </div>
   <div class='ocr_carea' id='block_1_64' title="bbox 1970 2029 3577 2102">
    <p class='ocr_par' dir='ltr' id='par_1_64' title="bbox 1970 2029 3577 2102">
     <span class='ocr_line' id='line_1_64' title="bbox 1970 2029 3577 2102; baseline 0.002 -19"><span class='ocrx_word' id='word_1_527' title='bbox 1970 2029 2288 2094; x_wconf 48' lang='lat' dir='ltr'><strong>Considera,</strong></span> <span class='ocrx_word' id='word_1_528' title='bbox 2320 2030 2413 2099; x_wconf 88' lang='lat' dir='ltr'><strong>qui</strong></span> <span class='ocrx_word' id='word_1_529' title='bbox 2447 2030 2613 2083; x_wconf 87' lang='lat' dir='ltr'><strong>Deum</strong></span> <span class='ocrx_word' id='word_1_530' title='bbox 2650 2030 2825 2099; x_wconf 79' lang='lat' dir='ltr'><strong>diligit</strong></span> <span class='ocrx_word' id='word_1_531' title='bbox 2856 2047 2869 2084; x_wconf 91' lang='lat'><strong>:</strong></span> <span class='ocrx_word' id='word_1_532' title='bbox 2902 2032 3156 2099; x_wconf 87' lang='lat' dir='ltr'><strong>numquid</strong></span> <span class='ocrx_word' id='word_1_533' title='bbox 3187 2044 3393 2102; x_wconf 76' lang='lat' dir='ltr'><strong>sperat,</strong></span> <span class='ocrx_word' id='word_1_534' title='bbox 3420 2050 3577 2088; x_wconf 91' lang='lat' dir='ltr'><strong>num-</strong></span> 
     </span>
    </p>
   </div>
   <div class='ocr_carea' id='block_1_65' title="bbox 1970 2123 3567 2197">
    <p class='ocr_par' dir='ltr' id='par_1_65' title="bbox 1970 2123 3567 2197">
     <span class='ocr_line' id='line_1_65' title="bbox 1970 2123 3567 2197; baseline 0.004 -22"><span class='ocrx_word' id='word_1_535' title='bbox 1970 2124 2097 2191; x_wconf 86' lang='lat' dir='ltr'><strong>quid</strong></span> <span class='ocrx_word' id='word_1_536' title='bbox 2133 2124 2304 2187; x_wconf 89' lang='lat' dir='ltr'><strong>timct,</strong></span> <span class='ocrx_word' id='word_1_537' title='bbox 2337 2123 2595 2193; x_wconf 89' lang='lat' dir='ltr'><strong>numquid</strong></span> <span class='ocrx_word' id='word_1_538' title='bbox 2626 2123 2781 2178; x_wconf 77' lang='lat' dir='ltr'><strong>fitfit?</strong></span> <span class='ocrx_word' id='word_1_539' title='bbox 2814 2124 2950 2189; x_wconf 86' lang='lat' dir='ltr'><strong>Non,</strong></span> <span class='ocrx_word' id='word_1_540' title='bbox 2996 2126 3089 2179; x_wconf 81' lang='lat' dir='ltr'><strong>St&#39;d</strong></span> <span class='ocrx_word' id='word_1_541' title='bbox 3121 2136 3329 2180; x_wconf 89' lang='lat' dir='ltr'><strong>tantum</strong></span> <span class='ocrx_word' id='word_1_542' title='bbox 3373 2128 3567 2197; x_wconf 79' lang='lat' dir='ltr'><strong>diligit.</strong></span> 
     </span>
    </p>
   </div>
   <div class='ocr_carea' id='block_1_66' title="bbox 1970 2216 3571 2285">
    <p class='ocr_par' dir='ltr' id='par_1_66' title="bbox 1970 2216 3571 2285">
     <span class='ocr_line' id='line_1_66' title="bbox 1970 2216 3571 2285; baseline 0.004 -16"><span class='ocrx_word' id='word_1_543' title='bbox 1970 2216 2131 2280; x_wconf 83' lang='lat' dir='ltr'><strong>Deus,</strong></span> <span class='ocrx_word' id='word_1_544' title='bbox 2166 2217 2339 2281; x_wconf 81' lang='lat' dir='ltr'><strong>inquit</strong></span> <span class='ocrx_word' id='word_1_545' title='bbox 2389 2216 2605 2285; x_wconf 85' lang='lat' dir='ltr'><strong>Paulus,</strong></span> <span class='ocrx_word' id='word_1_546' title='bbox 2656 2233 2772 2270; x_wconf 88' lang='lat' dir='ltr'><strong>cum</strong></span> <span class='ocrx_word' id='word_1_547' title='bbox 2804 2218 3071 2271; x_wconf 68' lang='lat' dir='ltr'><strong>dilexisset</strong></span> <span class='ocrx_word' id='word_1_548' title='bbox 3102 2218 3379 2280; x_wconf 85' lang='lat' dir='ltr'><strong>mundum,</strong></span> <span class='ocrx_word' id='word_1_549' title='bbox 3430 2222 3571 2275; x_wconf 76' lang='lat' dir='ltr'><strong>misit</strong></span> 
     </span>
    </p>
   </div>
   <div class='ocr_carea' id='block_1_67' title="bbox 1968 2306 3575 2377">
    <p class='ocr_par' dir='ltr' id='par_1_67' title="bbox 1968 2306 3575 2377">
     <span class='ocr_line' id='line_1_67' title="bbox 1968 2306 3575 2377; baseline 0.002 -13"><span class='ocrx_word' id='word_1_550' title='bbox 1968 2309 2173 2364; x_wconf 83' lang='lat' dir='ltr'><strong>unicum</strong></span> <span class='ocrx_word' id='word_1_551' title='bbox 2208 2306 2404 2361; x_wconf 78' lang='lat' dir='ltr'><strong>Filium</strong></span> <span class='ocrx_word' id='word_1_552' title='bbox 2434 2325 2587 2361; x_wconf 87' lang='lat' dir='ltr'><strong>suum</strong></span> <span class='ocrx_word' id='word_1_553' title='bbox 2618 2309 2673 2362; x_wconf 87' lang='lat' dir='ltr'><strong>in</strong></span> <span class='ocrx_word' id='word_1_554' title='bbox 2698 2309 3095 2364; x_wconf 87' lang='lat' dir='ltr'><strong>similitudinem</strong></span> <span class='ocrx_word' id='word_1_555' title='bbox 3123 2311 3296 2364; x_wconf 88' lang='lat' dir='ltr'><strong>carnis</strong></span> <span class='ocrx_word' id='word_1_556' title='bbox 3330 2315 3522 2377; x_wconf 81' lang='lat' dir='ltr'><strong>peccati</strong></span> <span class='ocrx_word' id='word_1_557' title='bbox 3555 2330 3575 2367; x_wconf 90' lang='lat'><strong><em>:</em></strong></span> 
     </span>
    </p>
   </div>
   <div class='ocr_carea' id='block_1_68' title="bbox 1968 2402 3569 2475">
    <p class='ocr_par' dir='ltr' id='par_1_68' title="bbox 1968 2402 3569 2475">
     <span class='ocr_line' id='line_1_68' title="bbox 1968 2402 3569 2475; baseline 0.003 -21"><span class='ocrx_word' id='word_1_558' title='bbox 1968 2410 2023 2454; x_wconf 89' lang='lat' dir='ltr'><strong>ut</strong></span> <span class='ocrx_word' id='word_1_559' title='bbox 2067 2402 2131 2455; x_wconf 88' lang='lat' dir='ltr'><strong>de</strong></span> <span class='ocrx_word' id='word_1_560' title='bbox 2177 2412 2383 2469; x_wconf 85' lang='lat' dir='ltr'><strong>peccato</strong></span> <span class='ocrx_word' id='word_1_561' title='bbox 2427 2402 2792 2455; x_wconf 88' lang='lat' dir='ltr'><strong>condemnaret</strong></span> <span class='ocrx_word' id='word_1_562' title='bbox 2822 2412 3089 2471; x_wconf 87' lang='lat' dir='ltr'><strong>peccatum</strong></span> <span class='ocrx_word' id='word_1_563' title='bbox 3120 2404 3173 2456; x_wconf 91' lang='lat' dir='ltr'><strong>in</strong></span> <span class='ocrx_word' id='word_1_564' title='bbox 3204 2420 3362 2458; x_wconf 89' lang='lat' dir='ltr'><strong>carne</strong></span> <span class='ocrx_word' id='word_1_565' title='bbox 3387 2404 3569 2475; x_wconf 82' lang='lat' dir='ltr'><strong>(Rom.</strong></span> 
     </span>
    </p>
   </div>
   <div class='ocr_carea' id='block_1_69' title="bbox 1966 2494 3569 2565">
    <p class='ocr_par' dir='ltr' id='par_1_69' title="bbox 1966 2494 3569 2565">
     <span class='ocr_line' id='line_1_69' title="bbox 1966 2494 3569 2565; baseline 0.001 -16"><span class='ocrx_word' id='word_1_566' title='bbox 1966 2511 2091 2557; x_wconf 80' lang='lat' dir='ltr'><strong>vni,</strong></span> <span class='ocrx_word' id='word_1_567' title='bbox 2122 2494 2197 2565; x_wconf 81' lang='grc'>5).</span> <span class='ocrx_word' id='word_1_568' title='bbox 2228 2494 2328 2563; x_wconf 87' lang='lat' dir='ltr'><strong>Qui</strong></span> <span class='ocrx_word' id='word_1_569' title='bbox 2363 2495 2629 2565; x_wconf 71' lang='lat' dir='ltr'><strong>praeponit</strong></span> <span class='ocrx_word' id='word_1_570' title='bbox 2662 2510 2781 2549; x_wconf 86' lang='lat' dir='ltr'><strong>eam</strong></span> <span class='ocrx_word' id='word_1_571' title='bbox 2827 2496 2987 2549; x_wconf 81' lang='lat' dir='ltr'><strong>rebus</strong></span> <span class='ocrx_word' id='word_1_572' title='bbox 3020 2496 3295 2563; x_wconf 88' lang='lat' dir='ltr'><strong>omnibus,</strong></span> <span class='ocrx_word' id='word_1_573' title='bbox 3342 2496 3530 2552; x_wconf 88' lang='lat' dir='ltr'><strong>dicens</strong></span> <span class='ocrx_word' id='word_1_574' title='bbox 3557 2518 3569 2551; x_wconf 87' lang='lat'><strong>:</strong></span> 
     </span>
    </p>
   </div>
   <div class='ocr_carea' id='block_1_70' title="bbox 1967 2588 3570 2661">
    <p class='ocr_par' dir='ltr' id='par_1_70' title="bbox 1967 2588 3570 2661">
     <span class='ocr_line' id='line_1_70' title="bbox 1967 2588 3570 2661; baseline 0.002 -20"><span class='ocrx_word' id='word_1_575' title='bbox 1967 2588 2034 2641; x_wconf 86' lang='lat' dir='ltr'><strong>Et</strong></span> <span class='ocrx_word' id='word_1_576' title='bbox 2062 2589 2108 2642; x_wconf 89' lang='lat' dir='ltr'><strong>si</strong></span> <span class='ocrx_word' id='word_1_577' title='bbox 2138 2589 2329 2658; x_wconf 83' lang='lat' dir='ltr'><strong>linguis</strong></span> <span class='ocrx_word' id='word_1_578' title='bbox 2355 2590 2540 2654; x_wconf 80' lang='lat' dir='ltr'><strong>loquar</strong></span> <span class='ocrx_word' id='word_1_579' title='bbox 2564 2588 2836 2643; x_wconf 86' lang='lat' dir='ltr'><strong>hominum</strong></span> <span class='ocrx_word' id='word_1_580' title='bbox 2880 2599 2929 2644; x_wconf 90' lang='lat' dir='ltr'><strong>et</strong></span> <span class='ocrx_word' id='word_1_581' title='bbox 2976 2592 3304 2661; x_wconf 80' lang='lat' dir='ltr'><strong>angelorum,</strong></span> <span class='ocrx_word' id='word_1_582' title='bbox 3338 2591 3570 2645; x_wconf 88' lang='lat' dir='ltr'><strong>charita-</strong></span> 
     </span>
    </p>
   </div>
   <div class='ocr_carea' id='block_1_71' title="bbox 1965 2681 3570 2753">
    <p class='ocr_par' dir='ltr' id='par_1_71' title="bbox 1965 2681 3570 2753">
     <span class='ocr_line' id='line_1_71' title="bbox 1965 2681 3570 2753; baseline 0 -17"><span class='ocrx_word' id='word_1_583' title='bbox 1965 2692 2065 2736; x_wconf 87' lang='lat' dir='ltr'><strong>tem</strong></span> <span class='ocrx_word' id='word_1_584' title='bbox 2093 2692 2261 2736; x_wconf 81' lang='lat' dir='ltr'><strong>autent</strong></span> <span class='ocrx_word' id='word_1_585' title='bbox 2294 2698 2396 2735; x_wconf 89' lang='lat' dir='ltr'><strong>non</strong></span> <span class='ocrx_word' id='word_1_586' title='bbox 2426 2681 2646 2737; x_wconf 85' lang='lat' dir='ltr'><strong>habeam</strong></span> <span class='ocrx_word' id='word_1_587' title='bbox 2678 2699 2695 2736; x_wconf 89' lang='lat'><strong><em>:</em></strong></span> <span class='ocrx_word' id='word_1_588' title='bbox 2724 2687 2895 2753; x_wconf 82' lang='lat' dir='ltr'><strong>factus</strong></span> <span class='ocrx_word' id='word_1_589' title='bbox 2921 2699 3039 2736; x_wconf 87' lang='lat' dir='ltr'><strong>sum</strong></span> <span class='ocrx_word' id='word_1_590' title='bbox 3062 2684 3196 2736; x_wconf 78' lang='lat' dir='ltr'><strong>sicut</strong></span> <span class='ocrx_word' id='word_1_591' title='bbox 3229 2692 3570 2737; x_wconf 71' lang='lat' dir='ltr'><strong>a&#39;ramentum</strong></span> 
     </span>
    </p>
   </div>
   <div class='ocr_carea' id='block_1_72' title="bbox 1964 2774 3570 2847">
    <p class='ocr_par' dir='ltr' id='par_1_72' title="bbox 1964 2774 3570 2847">
     <span class='ocr_line' id='line_1_72' title="bbox 1964 2774 3570 2847; baseline 0.001 -19"><span class='ocrx_word' id='word_1_592' title='bbox 1964 2774 2208 2840; x_wconf 86' lang='lat' dir='ltr'><strong>tinniens,</strong></span> <span class='ocrx_word' id='word_1_593' title='bbox 2262 2782 2352 2827; x_wconf 87' lang='lat' dir='ltr'><strong>aut</strong></span> <span class='ocrx_word' id='word_1_594' title='bbox 2398 2774 2694 2845; x_wconf 82' lang='lat' dir='ltr'><strong>cymbalum</strong></span> <span class='ocrx_word' id='word_1_595' title='bbox 2743 2792 3084 2847; x_wconf 81' lang='lat' dir='ltr'><strong>concrepans.</strong></span> <span class='ocrx_word' id='word_1_596' title='bbox 3140 2775 3205 2827; x_wconf 86' lang='lat' dir='ltr'><strong>Et</strong></span> <span class='ocrx_word' id='word_1_597' title='bbox 3250 2777 3297 2830; x_wconf 86' lang='lat' dir='ltr'><strong>si</strong></span> <span class='ocrx_word' id='word_1_598' title='bbox 3342 2776 3570 2830; x_wconf 82' lang='lat' dir='ltr'><strong>habuero</strong></span> 
     </span>
    </p>
   </div>
   <div class='ocr_carea' id='block_1_73' title="bbox 1963 2866 3565 2939">
    <p class='ocr_par' dir='ltr' id='par_1_73' title="bbox 1963 2866 3565 2939">
     <span class='ocr_line' id='line_1_73' title="bbox 1963 2866 3565 2939; baseline 0.001 -18"><span class='ocrx_word' id='word_1_599' title='bbox 1963 2866 2311 2939; x_wconf 81' lang='lat' dir='ltr'><strong>prapheiiam,</strong></span> <span class='ocrx_word' id='word_1_600' title='bbox 2355 2876 2402 2920; x_wconf 87' lang='lat' dir='ltr'><strong>et</strong></span> <span class='ocrx_word' id='word_1_601' title='bbox 2431 2884 2716 2937; x_wconf 74' lang='lat' dir='ltr'><strong>cognovero</strong></span> <span class='ocrx_word' id='word_1_602' title='bbox 2747 2869 2921 2922; x_wconf 89' lang='lat' dir='ltr'><strong>omnia</strong></span> <span class='ocrx_word' id='word_1_603' title='bbox 2960 2870 3203 2938; x_wconf 83' lang='lat' dir='ltr'><strong>mysteria</strong></span> <span class='ocrx_word' id='word_1_604' title='bbox 3233 2885 3252 2922; x_wconf 88' lang='lat'><em>:</em></span> <span class='ocrx_word' id='word_1_605' title='bbox 3285 2878 3331 2922; x_wconf 86' lang='lat' dir='ltr'><strong>et</strong></span> <span class='ocrx_word' id='word_1_606' title='bbox 3362 2885 3565 2923; x_wconf 87' lang='lat' dir='ltr'><strong>omnem</strong></span> 
     </span>
    </p>
   </div>
   <div class='ocr_carea' id='block_1_74' title="bbox 1963 2959 3560 3030">
    <p class='ocr_par' dir='ltr' id='par_1_74' title="bbox 1963 2959 3560 3030">
     <span class='ocr_line' id='line_1_74' title="bbox 1963 2959 3560 3030; baseline -0.001 -16"><span class='ocrx_word' id='word_1_607' title='bbox 1963 2960 2228 3014; x_wconf 87' lang='lat' dir='ltr'><strong>scientiam</strong></span> <span class='ocrx_word' id='word_1_608' title='bbox 2259 2970 2342 3013; x_wconf 89' lang='lat' dir='ltr'><strong>:et</strong></span> <span class='ocrx_word' id='word_1_609' title='bbox 2373 2961 2417 3013; x_wconf 85' lang='lat' dir='ltr'><strong>si</strong></span> <span class='ocrx_word' id='word_1_610' title='bbox 2449 2959 2674 3013; x_wconf 86' lang='lat' dir='ltr'><strong>habuero</strong></span> <span class='ocrx_word' id='word_1_611' title='bbox 2703 2960 2880 3029; x_wconf 78' lang='lat' dir='ltr'><strong>ﬁdem.</strong></span> <span class='ocrx_word' id='word_1_612' title='bbox 2924 2961 2996 3013; x_wconf 90' lang='lat' dir='ltr'><strong>ita</strong></span> <span class='ocrx_word' id='word_1_613' title='bbox 3024 2968 3077 3012; x_wconf 88' lang='lat' dir='ltr'><strong>ut</strong></span> <span class='ocrx_word' id='word_1_614' title='bbox 3108 2970 3306 3014; x_wconf 86' lang='lat' dir='ltr'><strong>montes</strong></span> <span class='ocrx_word' id='word_1_615' title='bbox 3332 2964 3560 3030; x_wconf 81' lang='lat' dir='ltr'><strong>transfe-</strong></span> 
     </span>
    </p>
   </div>
   <div class='ocr_carea' id='block_1_75' title="bbox 1961 3052 3564 3124">
    <p class='ocr_par' dir='ltr' id='par_1_75' title="bbox 1961 3052 3564 3124">
     <span class='ocr_line' id='line_1_75' title="bbox 1961 3052 3564 3124; baseline -0.002 -16"><span class='ocrx_word' id='word_1_616' title='bbox 1961 3072 2074 3108; x_wconf 86' lang='lat' dir='ltr'><strong>ram</strong></span> <span class='ocrx_word' id='word_1_617' title='bbox 2089 3071 2104 3107; x_wconf 92' lang='grc'>.·</span> <span class='ocrx_word' id='word_1_618' title='bbox 2121 3064 2165 3107; x_wconf 86' lang='lat' dir='ltr'><strong>et</strong></span> <span class='ocrx_word' id='word_1_619' title='bbox 2180 3055 2224 3109; x_wconf 89' lang='lat' dir='ltr'><strong>si</strong></span> <span class='ocrx_word' id='word_1_620' title='bbox 2241 3053 2507 3108; x_wconf 88' lang='lat' dir='ltr'><strong>tradidero</strong></span> <span class='ocrx_word' id='word_1_621' title='bbox 2521 3070 2704 3124; x_wconf 85' lang='lat' dir='ltr'><strong>corpus</strong></span> <span class='ocrx_word' id='word_1_622' title='bbox 2720 3070 2907 3116; x_wconf 85' lang='lat' dir='ltr'><strong>meum,</strong></span> <span class='ocrx_word' id='word_1_623' title='bbox 2922 3054 2993 3106; x_wconf 87' lang='lat' dir='ltr'><strong>ita</strong></span> <span class='ocrx_word' id='word_1_624' title='bbox 3016 3062 3071 3105; x_wconf 89' lang='lat' dir='ltr'><strong>ut</strong></span> <span class='ocrx_word' id='word_1_625' title='bbox 3092 3054 3327 3117; x_wconf 86' lang='lat' dir='ltr'><strong>ardeam,</strong></span> <span class='ocrx_word' id='word_1_626' title='bbox 3345 3052 3564 3107; x_wconf 83' lang='lat' dir='ltr'><strong>charita-</strong></span> 
     </span>
    </p>
   </div>
   <div class='ocr_carea' id='block_1_76' title="bbox 1962 3145 3565 3218">
    <p class='ocr_par' dir='ltr' id='par_1_76' title="bbox 1962 3145 3565 3218">
     <span class='ocr_line' id='line_1_76' title="bbox 1962 3145 3565 3218; baseline 0.001 -19"><span class='ocrx_word' id='word_1_627' title='bbox 1962 3156 2240 3201; x_wconf 84' lang='lat' dir='ltr'><strong>temautem</strong></span> <span class='ocrx_word' id='word_1_628' title='bbox 2263 3165 2364 3202; x_wconf 89' lang='lat' dir='ltr'><strong>non</strong></span> <span class='ocrx_word' id='word_1_629' title='bbox 2400 3147 2635 3213; x_wconf 82' lang='lat' dir='ltr'><strong>habeam,</strong></span> <span class='ocrx_word' id='word_1_630' title='bbox 2654 3145 2783 3201; x_wconf 85' lang='lat' dir='ltr'><strong>nihil</strong></span> <span class='ocrx_word' id='word_1_631' title='bbox 2804 3162 2938 3201; x_wconf 86' lang='lat' dir='ltr'><strong>sum.</strong></span> <span class='ocrx_word' id='word_1_632' title='bbox 2967 3146 3207 3202; x_wconf 77' lang='lat' dir='ltr'><strong>Charitas</strong></span> <span class='ocrx_word' id='word_1_633' title='bbox 3230 3149 3565 3218; x_wconf 84' lang='lat' dir='ltr'><strong>magnanima</strong></span> 
     </span>
    </p>
   </div>
   <div class='ocr_carea' id='block_1_77' title="bbox 1961 3238 3565 3312">
    <p class='ocr_par' dir='ltr' id='par_1_77' title="bbox 1961 3238 3565 3312">
     <span class='ocr_line' id='line_1_77' title="bbox 1961 3238 3565 3312; baseline -0.001 -17"><span class='ocrx_word' id='word_1_634' title='bbox 1961 3251 2036 3295; x_wconf 87' lang='lat' dir='ltr'><strong>est</strong></span> <span class='ocrx_word' id='word_1_635' title='bbox 2060 3257 2078 3294; x_wconf 92' lang='lat'><strong><em>:</em></strong></span> <span class='ocrx_word' id='word_1_636' title='bbox 2101 3240 2325 3294; x_wconf 86' lang='lat' dir='ltr'><strong>charitas</strong></span> <span class='ocrx_word' id='word_1_637' title='bbox 2352 3241 2575 3312; x_wconf 86' lang='lat' dir='ltr'><strong>benigna</strong></span> <span class='ocrx_word' id='word_1_638' title='bbox 2596 3250 2693 3302; x_wconf 88' lang='lat' dir='ltr'><strong>est.</strong></span> <span class='ocrx_word' id='word_1_639' title='bbox 2720 3239 2946 3295; x_wconf 87' lang='lat' dir='ltr'><strong>charitas</strong></span> <span class='ocrx_word' id='word_1_640' title='bbox 2993 3258 3091 3294; x_wconf 87' lang='lat' dir='ltr'><strong>non</strong></span> <span class='ocrx_word' id='word_1_641' title='bbox 3123 3238 3428 3305; x_wconf 74' lang='lat' dir='ltr'><strong>writulutur,</strong></span> <span class='ocrx_word' id='word_1_642' title='bbox 3460 3256 3565 3293; x_wconf 85' lang='lat' dir='ltr'><strong>non</strong></span> 
     </span>
    </p>
   </div>
   <div class='ocr_carea' id='block_1_78' title="bbox 1959 3333 3562 3406">
    <p class='ocr_par' dir='ltr' id='par_1_78' title="bbox 1959 3333 3562 3406">
     <span class='ocr_line' id='line_1_78' title="bbox 1959 3333 3562 3406; baseline -0.003 -18"><span class='ocrx_word' id='word_1_643' title='bbox 1959 3337 2196 3406; x_wconf 84' lang='lat' dir='ltr'><strong>inﬂatur,</strong></span> <span class='ocrx_word' id='word_1_644' title='bbox 2235 3351 2339 3388; x_wconf 86' lang='lat' dir='ltr'><strong>non</strong></span> <span class='ocrx_word' id='word_1_645' title='bbox 2391 3336 2498 3406; x_wconf 88' lang='lat' dir='ltr'><strong>agit</strong></span> <span class='ocrx_word' id='word_1_646' title='bbox 2530 3350 2827 3405; x_wconf 86' lang='lat' dir='ltr'><strong>perperam,</strong></span> <span class='ocrx_word' id='word_1_647' title='bbox 2876 3349 2977 3387; x_wconf 90' lang='lat' dir='ltr'><strong>non</strong></span> <span class='ocrx_word' id='word_1_648' title='bbox 3004 3333 3264 3392; x_wconf 84' lang='lat' dir='ltr'><strong>irritatur.</strong></span> <span class='ocrx_word' id='word_1_649' title='bbox 3309 3347 3411 3385; x_wconf 85' lang='lat' dir='ltr'><strong>non</strong></span> <span class='ocrx_word' id='word_1_650' title='bbox 3442 3348 3562 3383; x_wconf 85' lang='lat' dir='ltr'><strong>con-</strong></span> 
     </span>
    </p>
   </div>
   <div class='ocr_carea' id='block_1_79' title="bbox 1959 3426 3558 3500">
    <p class='ocr_par' dir='ltr' id='par_1_79' title="bbox 1959 3426 3558 3500">
     <span class='ocr_line' id='line_1_79' title="bbox 1959 3426 3558 3500; baseline -0.004 -19"><span class='ocrx_word' id='word_1_651' title='bbox 1959 3430 2154 3500; x_wconf 81' lang='lat' dir='ltr'><strong>fundit,</strong></span> <span class='ocrx_word' id='word_1_652' title='bbox 2177 3444 2279 3482; x_wconf 88' lang='lat' dir='ltr'><strong>non</strong></span> <span class='ocrx_word' id='word_1_653' title='bbox 2308 3429 2489 3498; x_wconf 72' lang='lat' dir='ltr'><strong>qua’rit</strong></span> <span class='ocrx_word' id='word_1_654' title='bbox 2519 3444 2633 3495; x_wconf 72' lang='lat' dir='ltr'><strong>quae</strong></span> <span class='ocrx_word' id='word_1_655' title='bbox 2663 3444 2759 3479; x_wconf 82' lang='lat' dir='ltr'><strong>sua</strong></span> <span class='ocrx_word' id='word_1_656' title='bbox 2789 3437 2927 3485; x_wconf 88' lang='lat' dir='ltr'><strong>sunt.</strong></span> <span class='ocrx_word' id='word_1_657' title='bbox 2962 3443 3067 3479; x_wconf 87' lang='lat' dir='ltr'><strong>non</strong></span> <span class='ocrx_word' id='word_1_658' title='bbox 3109 3427 3296 3495; x_wconf 87' lang='lat' dir='ltr'><strong>cogitat</strong></span> <span class='ocrx_word' id='word_1_659' title='bbox 3344 3426 3558 3490; x_wconf 84' lang='lat' dir='ltr'><strong>malum,</strong></span> 
     </span>
    </p>
   </div>
   <div class='ocr_carea' id='block_1_80' title="bbox 1959 3514 3555 3591">
    <p class='ocr_par' dir='ltr' id='par_1_80' title="bbox 1959 3514 3555 3591">
     <span class='ocr_line' id='line_1_80' title="bbox 1959 3514 3555 3591; baseline -0.003 -20"><span class='ocrx_word' id='word_1_660' title='bbox 1959 3536 2060 3572; x_wconf 89' lang='lat' dir='ltr'><strong>non</strong></span> <span class='ocrx_word' id='word_1_661' title='bbox 2091 3520 2277 3591; x_wconf 75' lang='lat' dir='ltr'><strong>gaudet</strong></span> <span class='ocrx_word' id='word_1_662' title='bbox 2308 3534 2465 3588; x_wconf 79' lang='lat' dir='ltr'><strong>super</strong></span> <span class='ocrx_word' id='word_1_663' title='bbox 2493 3518 2775 3589; x_wconf 78' lang='lat' dir='ltr'><strong>injustitia,</strong></span> <span class='ocrx_word' id='word_1_664' title='bbox 2808 3517 2999 3587; x_wconf 87' lang='lat' dir='ltr'><strong>gaudet</strong></span> <span class='ocrx_word' id='word_1_665' title='bbox 3027 3526 3201 3569; x_wconf 87' lang='lat' dir='ltr'><strong>autem</strong></span> <span class='ocrx_word' id='word_1_666' title='bbox 3229 3514 3294 3567; x_wconf 91' lang='lat' dir='ltr'><strong>de</strong></span> <span class='ocrx_word' id='word_1_667' title='bbox 3326 3515 3555 3569; x_wconf 83' lang='lat' dir='ltr'><strong>veritate.</strong></span> 
     </span>
    </p>
   </div>
   <div class='ocr_carea' id='block_1_81' title="bbox 1961 3607 3559 3678">
    <p class='ocr_par' dir='ltr' id='par_1_81' title="bbox 1961 3607 3559 3678">
     <span class='ocr_line' id='line_1_81' title="bbox 1961 3607 3559 3678; baseline -0.003 -13"><span class='ocrx_word' id='word_1_668' title='bbox 1961 3610 2150 3665; x_wconf 87' lang='lat' dir='ltr'><strong>Omnia</strong></span> <span class='ocrx_word' id='word_1_669' title='bbox 2192 3611 2423 3676; x_wconf 84' lang='lat' dir='ltr'><strong>sustinet,</strong></span> <span class='ocrx_word' id='word_1_670' title='bbox 2458 3610 2631 3662; x_wconf 87' lang='lat' dir='ltr'><strong>omnia</strong></span> <span class='ocrx_word' id='word_1_671' title='bbox 2657 3609 2842 3673; x_wconf 86' lang='lat' dir='ltr'><strong>credit,</strong></span> <span class='ocrx_word' id='word_1_672' title='bbox 2874 3607 3049 3662; x_wconf 89' lang='lat' dir='ltr'><strong>omnia</strong></span> <span class='ocrx_word' id='word_1_673' title='bbox 3076 3616 3244 3678; x_wconf 86' lang='lat' dir='ltr'><strong>sperat</strong></span> <span class='ocrx_word' id='word_1_674' title='bbox 3268 3622 3287 3660; x_wconf 87' lang='lat'><strong><em>:</em></strong></span> <span class='ocrx_word' id='word_1_675' title='bbox 3319 3607 3559 3660; x_wconf 88' lang='lat' dir='ltr'><strong>charitas</strong></span> 
     </span>
    </p>
   </div>
   <div class='ocr_carea' id='block_1_82' title="bbox 1960 3701 3560 3775">
    <p class='ocr_par' dir='ltr' id='par_1_82' title="bbox 1960 3701 3560 3775">
     <span class='ocr_line' id='line_1_82' title="bbox 1960 3701 3560 3775; baseline -0.002 -17"><span class='ocrx_word' id='word_1_676' title='bbox 1960 3721 2238 3775; x_wconf 84' lang='lat' dir='ltr'><strong>numquam</strong></span> <span class='ocrx_word' id='word_1_677' title='bbox 2266 3705 2459 3758; x_wconf 75' lang='lat' dir='ltr'><strong>excidit</strong></span> <span class='ocrx_word' id='word_1_678' title='bbox 2486 3702 2530 3772; x_wconf 88' lang='grc' dir='ltr'><strong>(ι</strong></span> <span class='ocrx_word' id='word_1_679' title='bbox 2562 3702 2684 3758; x_wconf 87' lang='lat' dir='ltr'><strong>Cor.</strong></span> <span class='ocrx_word' id='word_1_680' title='bbox 2728 3702 2871 3772; x_wconf 82' lang='lat' dir='ltr'><strong>xm).</strong></span> <span class='ocrx_word' id='word_1_681' title='bbox 2905 3701 3049 3756; x_wconf 84' lang='lat' dir='ltr'><strong>Nihil</strong></span> <span class='ocrx_word' id='word_1_682' title='bbox 3074 3702 3220 3757; x_wconf 89' lang='lat' dir='ltr'><strong>enim</strong></span> <span class='ocrx_word' id='word_1_683' title='bbox 3252 3702 3560 3757; x_wconf 88' lang='lat' dir='ltr'><strong>amantibus</strong></span> 
     </span>
    </p>
   </div>
   <div class='ocr_carea' id='block_1_83' title="bbox 1959 3794 3560 3863">
    <p class='ocr_par' dir='ltr' id='par_1_83' title="bbox 1959 3794 3560 3863">
     <span class='ocr_line' id='line_1_83' title="bbox 1959 3794 3560 3863; baseline -0.002 -14"><span class='ocrx_word' id='word_1_684' title='bbox 1959 3796 2153 3850; x_wconf 87' lang='lat' dir='ltr'><strong>durum</strong></span> <span class='ocrx_word' id='word_1_685' title='bbox 2177 3804 2282 3859; x_wconf 86' lang='lat' dir='ltr'><strong>est,</strong></span> <span class='ocrx_word' id='word_1_686' title='bbox 2317 3796 2498 3849; x_wconf 88' lang='lat' dir='ltr'><strong>nullus</strong></span> <span class='ocrx_word' id='word_1_687' title='bbox 2525 3794 2764 3850; x_wconf 80' lang='lat' dir='ltr'><strong>difficilis</strong></span> <span class='ocrx_word' id='word_1_688' title='bbox 2792 3802 2875 3850; x_wconf 80' lang='lat' dir='ltr'><strong>est</strong></span> <span class='ocrx_word' id='word_1_689' title='bbox 2900 3794 3240 3863; x_wconf 87' lang='lat' dir='ltr'><strong>cupientibus</strong></span> <span class='ocrx_word' id='word_1_690' title='bbox 3265 3795 3438 3849; x_wconf 90' lang='lat' dir='ltr'><strong>labor.</strong></span> <span class='ocrx_word' id='word_1_691' title='bbox 3466 3795 3560 3851; x_wconf 86' lang='lat' dir='ltr'><strong>So-</strong></span> 
     </span>
    </p>
   </div>
   <div class='ocr_carea' id='block_1_84' title="bbox 1957 3886 3557 3958">
    <p class='ocr_par' dir='ltr' id='par_1_84' title="bbox 1957 3886 3557 3958">
     <span class='ocr_line' id='line_1_84' title="bbox 1957 3886 3557 3958; baseline -0.002 -15"><span class='ocrx_word' id='word_1_692' title='bbox 1957 3889 2043 3943; x_wconf 88' lang='lat' dir='ltr'><strong>lus</strong></span> <span class='ocrx_word' id='word_1_693' title='bbox 2066 3898 2243 3943; x_wconf 89' lang='lat' dir='ltr'><strong>tamen</strong></span> <span class='ocrx_word' id='word_1_694' title='bbox 2275 3888 2367 3943; x_wconf 91' lang='lat' dir='ltr'><strong>illc</strong></span> <span class='ocrx_word' id='word_1_695' title='bbox 2390 3903 2541 3942; x_wconf 90' lang='lat' dir='ltr'><strong>amor</strong></span> <span class='ocrx_word' id='word_1_696' title='bbox 2575 3887 2869 3956; x_wconf 88' lang='lat' dir='ltr'><strong>probabilis</strong></span> <span class='ocrx_word' id='word_1_697' title='bbox 2898 3898 3001 3953; x_wconf 87' lang='grc' dir='ltr'>εει,</span> <span class='ocrx_word' id='word_1_698' title='bbox 3034 3888 3122 3958; x_wconf 90' lang='lat' dir='ltr'><strong>qni</strong></span> <span class='ocrx_word' id='word_1_699' title='bbox 3155 3888 3264 3943; x_wconf 91' lang='lat' dir='ltr'><strong>Deo</strong></span> <span class='ocrx_word' id='word_1_700' title='bbox 3296 3898 3351 3943; x_wconf 89' lang='lat' dir='ltr'><strong>et</strong></span> <span class='ocrx_word' id='word_1_701' title='bbox 3382 3886 3557 3942; x_wconf 80' lang='lat' dir='ltr'><strong>virtu-</strong></span> 
     </span>
    </p>
   </div>
   <div class='ocr_carea' id='block_1_85' title="bbox 1956 3981 3552 4052">
    <p class='ocr_par' dir='ltr' id='par_1_85' title="bbox 1956 3981 3552 4052">
     <span class='ocr_line' id='line_1_85' title="bbox 1956 3981 3552 4052; baseline 0.001 -16"><span class='ocrx_word' id='word_1_702' title='bbox 1956 3984 2099 4037; x_wconf 84' lang='lat' dir='ltr'><strong>tibus</strong></span> <span class='ocrx_word' id='word_1_703' title='bbox 2122 3984 2317 4037; x_wconf 73' lang='lat' dir='ltr'><strong>anima:</strong></span> <span class='ocrx_word' id='word_1_704' title='bbox 2345 3992 2651 4050; x_wconf 87' lang='lat' dir='ltr'><strong>coaptatur.</strong></span> <span class='ocrx_word' id='word_1_705' title='bbox 2685 3981 2827 4036; x_wconf 78' lang='lat' dir='ltr'><strong>Nihil</strong></span> <span class='ocrx_word' id='word_1_706' title='bbox 2859 3991 2948 4037; x_wconf 90' lang='lat' dir='ltr'><strong>est</strong></span> <span class='ocrx_word' id='word_1_707' title='bbox 2987 3983 3129 4037; x_wconf 90' lang='lat' dir='ltr'><strong>enim</strong></span> <span class='ocrx_word' id='word_1_708' title='bbox 3164 3982 3306 4052; x_wconf 90' lang='lat' dir='ltr'><strong>quod</strong></span> <span class='ocrx_word' id='word_1_709' title='bbox 3340 3998 3445 4036; x_wconf 87' lang='lat' dir='ltr'><strong>non</strong></span> <span class='ocrx_word' id='word_1_710' title='bbox 3473 3990 3552 4037; x_wconf 87' lang='lat' dir='ltr'><strong>to-</strong></span> 
     </span>
    </p>
   </div>
   <div class='ocr_carea' id='block_1_86' title="bbox 1956 4074 3552 4145">
    <p class='ocr_par' dir='ltr' id='par_1_86' title="bbox 1956 4074 3552 4145">
     <span class='ocr_line' id='line_1_86' title="bbox 1956 4074 3552 4145; baseline -0.003 -14"><span class='ocrx_word' id='word_1_711' title='bbox 1956 4074 2115 4139; x_wconf 89' lang='lat' dir='ltr'><strong>leret,</strong></span> <span class='ocrx_word' id='word_1_712' title='bbox 2141 4076 2230 4144; x_wconf 92' lang='lat' dir='ltr'><strong>qui</strong></span> <span class='ocrx_word' id='word_1_713' title='bbox 2254 4074 2498 4144; x_wconf 88' lang='lat' dir='ltr'><strong>perfecte</strong></span> <span class='ocrx_word' id='word_1_714' title='bbox 2526 4074 2725 4145; x_wconf 78' lang='lat' dir='ltr'><strong>diligit.</strong></span> <span class='ocrx_word' id='word_1_715' title='bbox 2755 4074 2853 4142; x_wconf 85' lang='lat' dir='ltr'><strong>Qui</strong></span> <span class='ocrx_word' id='word_1_716' title='bbox 2879 4084 3060 4130; x_wconf 88' lang='lat' dir='ltr'><strong>atttem</strong></span> <span class='ocrx_word' id='word_1_717' title='bbox 3080 4074 3420 4129; x_wconf 81' lang='lat' dir='ltr'><strong>clementiam</strong></span> <span class='ocrx_word' id='word_1_718' title='bbox 3448 4089 3552 4128; x_wconf 91' lang='lat' dir='ltr'><strong>non</strong></span> 
     </span>
    </p>
   </div>
   <div class='ocr_carea' id='block_1_87' title="bbox 1958 4166 3554 4232">
    <p class='ocr_par' dir='ltr' id='par_1_87' title="bbox 1958 4166 3554 4232">
     <span class='ocr_line' id='line_1_87' title="bbox 1958 4166 3554 4232; baseline -0.003 -11"><span class='ocrx_word' id='word_1_719' title='bbox 1958 4168 2139 4232; x_wconf 86' lang='lat' dir='ltr'><strong>habet,</strong></span> <span class='ocrx_word' id='word_1_720' title='bbox 2170 4183 2269 4222; x_wconf 90' lang='lat' dir='ltr'><strong>nec</strong></span> <span class='ocrx_word' id='word_1_721' title='bbox 2307 4167 2526 4222; x_wconf 89' lang='lat' dir='ltr'><strong>indutus</strong></span> <span class='ocrx_word' id='word_1_722' title='bbox 2574 4175 2659 4221; x_wconf 88' lang='lat' dir='ltr'><strong>est</strong></span> <span class='ocrx_word' id='word_1_723' title='bbox 2689 4167 2895 4221; x_wconf 89' lang='lat' dir='ltr'><strong>viscera</strong></span> <span class='ocrx_word' id='word_1_724' title='bbox 2946 4166 3335 4221; x_wconf 68' lang='lat' dir='ltr'><strong>misericordiae</strong></span> <span class='ocrx_word' id='word_1_725' title='bbox 3383 4178 3437 4219; x_wconf 88' lang='lat' dir='ltr'><strong>et</strong></span> <span class='ocrx_word' id='word_1_726' title='bbox 3477 4166 3554 4217; x_wconf 80' lang='lat' dir='ltr'><strong>la-</strong></span> 
     </span>
    </p>
   </div>
   <div class='ocr_carea' id='block_1_88' title="bbox 1955 4257 3556 4332">
    <p class='ocr_par' dir='ltr' id='par_1_88' title="bbox 1955 4257 3556 4332">
     <span class='ocr_line' id='line_1_88' title="bbox 1955 4257 3556 4332; baseline -0.002 -16"><span class='ocrx_word' id='word_1_727' title='bbox 1955 4276 2261 4332; x_wconf 87' lang='lat' dir='ltr'><strong>crymarum</strong></span> <span class='ocrx_word' id='word_1_728' title='bbox 2297 4278 2309 4314; x_wconf 91' lang='lat'><strong>:</strong></span> <span class='ocrx_word' id='word_1_729' title='bbox 2343 4261 2588 4327; x_wconf 87' lang='lat' dir='ltr'><strong>quamvis</strong></span> <span class='ocrx_word' id='word_1_730' title='bbox 2618 4260 2919 4329; x_wconf 79' lang='lat' dir='ltr'><strong>Spiritualis</strong></span> <span class='ocrx_word' id='word_1_731' title='bbox 2966 4260 3055 4322; x_wconf 85' lang='lat' dir='ltr'><strong>sit.</strong></span> <span class='ocrx_word' id='word_1_732' title='bbox 3103 4273 3207 4313; x_wconf 93' lang='lat' dir='ltr'><strong>non</strong></span> <span class='ocrx_word' id='word_1_733' title='bbox 3241 4257 3556 4327; x_wconf 73' lang='lat' dir='ltr'><strong>adimplevit</strong></span> 
     </span>
    </p>
   </div>
   <div class='ocr_carea' id='block_1_89' title="bbox 1953 4348 3553 4422">
    <p class='ocr_par' dir='ltr' id='par_1_89' title="bbox 1953 4348 3553 4422">
     <span class='ocr_line' id='line_1_89' title="bbox 1953 4348 3553 4422; baseline -0.001 -16"><span class='ocrx_word' id='word_1_734' title='bbox 1953 4352 2127 4422; x_wconf 80' lang='lat' dir='ltr'><strong>legem</strong></span> <span class='ocrx_word' id='word_1_735' title='bbox 2155 4350 2377 4408; x_wconf 87' lang='lat' dir='ltr'><strong>Christi.</strong></span> <span class='ocrx_word' id='word_1_736' title='bbox 2411 4352 2562 4409; x_wconf 84' lang='lat' dir='ltr'><strong>Unde</strong></span> <span class='ocrx_word' id='word_1_737' title='bbox 2612 4352 2835 4421; x_wconf 78' lang='lat' dir='ltr'><strong>legitur,</strong></span> <span class='ocrx_word' id='word_1_738' title='bbox 2882 4353 3026 4420; x_wconf 91' lang='lat' dir='ltr'><strong>quod</strong></span> <span class='ocrx_word' id='word_1_739' title='bbox 3073 4352 3265 4405; x_wconf 78' lang='lat' dir='ltr'><strong>beatus</strong></span> <span class='ocrx_word' id='word_1_740' title='bbox 3312 4348 3553 4404; x_wconf 76' lang='lat' dir='ltr'><strong>Joannes</strong></span> 
     </span>
    </p>
   </div>
   <div class='ocr_carea' id='block_1_90' title="bbox 1954 4443 3552 4515">
    <p class='ocr_par' dir='ltr' id='par_1_90' title="bbox 1954 4443 3552 4515">
     <span class='ocr_line' id='line_1_90' title="bbox 1954 4443 3552 4515; baseline -0.004 -14"><span class='ocrx_word' id='word_1_741' title='bbox 1954 4446 2283 4515; x_wconf 88' lang='lat' dir='ltr'><strong>evangelista</strong></span> <span class='ocrx_word' id='word_1_742' title='bbox 2314 4462 2435 4499; x_wconf 85' lang='lat' dir='ltr'><strong>cum</strong></span> <span class='ocrx_word' id='word_1_743' title='bbox 2472 4446 2667 4515; x_wconf 82' lang='lat' dir='ltr'><strong>Ephesi</strong></span> <span class='ocrx_word' id='word_1_744' title='bbox 2698 4461 2866 4501; x_wconf 72' lang='lat' dir='ltr'><strong>senex</strong></span> <span class='ocrx_word' id='word_1_745' title='bbox 2896 4444 2924 4483; x_wconf 66' lang='grc' dir='ltr'>δ</span> <span class='ocrx_word' id='word_1_746' title='bbox 2954 4446 3040 4500; x_wconf 81' lang='lat' dir='ltr'><strong>vix</strong></span> <span class='ocrx_word' id='word_1_747' title='bbox 3075 4446 3218 4499; x_wconf 88' lang='lat' dir='ltr'><strong>inter</strong></span> <span class='ocrx_word' id='word_1_748' title='bbox 3253 4443 3552 4513; x_wconf 65' lang='lat' dir='ltr'><strong>discipulo-</strong></span> 
     </span>
    </p>
   </div>
   <div class='ocr_carea' id='block_1_91' title="bbox 1955 4536 3553 4608">
    <p class='ocr_par' dir='ltr' id='par_1_91' title="bbox 1955 4536 3553 4608">
     <span class='ocr_line' id='line_1_91' title="bbox 1955 4536 3553 4608; baseline -0.001 -19"><span class='ocrx_word' id='word_1_749' title='bbox 1955 4554 2071 4591; x_wconf 90' lang='lat' dir='ltr'><strong>rum</strong></span> <span class='ocrx_word' id='word_1_750' title='bbox 2105 4552 2293 4591; x_wconf 89' lang='lat' dir='ltr'><strong>manus</strong></span> <span class='ocrx_word' id='word_1_751' title='bbox 2317 4536 2640 4603; x_wconf 88' lang='lat' dir='ltr'><strong>deferretur,</strong></span> <span class='ocrx_word' id='word_1_752' title='bbox 2675 4538 2806 4591; x_wconf 91' lang='lat' dir='ltr'><strong>nihil</strong></span> <span class='ocrx_word' id='word_1_753' title='bbox 2834 4538 2981 4591; x_wconf 85' lang='lat' dir='ltr'><strong>aliud</strong></span> <span class='ocrx_word' id='word_1_754' title='bbox 3011 4554 3108 4608; x_wconf 87' lang='lat' dir='ltr'><strong>per</strong></span> <span class='ocrx_word' id='word_1_755' title='bbox 3138 4536 3377 4605; x_wconf 80' lang='lat' dir='ltr'><strong>singulas</strong></span> <span class='ocrx_word' id='word_1_756' title='bbox 3406 4536 3553 4589; x_wconf 79' lang='lat' dir='ltr'><strong>Solu-</strong></span> 
     </span>
    </p>
   </div>
   <div class='ocr_carea' id='block_1_92' title="bbox 255 4597 1860 4701">
    <p class='ocr_par' dir='ltr' id='par_1_92' title="bbox 255 4621 1842 4697">
     <span class='ocr_line' id='line_1_92' title="bbox 255 4621 1842 4697; baseline -0.003 -18"><span class='ocrx_word' id='word_1_757' title='bbox 255 4624 564 4697; x_wconf 86' lang='lat' dir='ltr'><strong>fragilitas:</strong></span> <span class='ocrx_word' id='word_1_758' title='bbox 615 4634 671 4679; x_wconf 90' lang='lat' dir='ltr'><strong>et</strong></span> <span class='ocrx_word' id='word_1_759' title='bbox 711 4633 911 4694; x_wconf 89' lang='lat' dir='ltr'><strong>quanto</strong></span> <span class='ocrx_word' id='word_1_760' title='bbox 961 4622 1131 4692; x_wconf 85' lang='lat' dir='ltr'><strong>magis</strong></span> <span class='ocrx_word' id='word_1_761' title='bbox 1187 4622 1476 4675; x_wconf 85' lang='lat' dir='ltr'><strong>virtutibus</strong></span> <span class='ocrx_word' id='word_1_762' title='bbox 1524 4621 1842 4688; x_wconf 88' lang='lat' dir='ltr'><strong>crescimus,</strong></span> 
     </span>
    </p>
   </div>
   <div class='ocr_carea' id='block_1_93' title="bbox 1967 4597 3555 4701">
    <p class='ocr_par' dir='ltr' id='par_1_93' title="bbox 1967 4628 3555 4701">
     <span class='ocr_line' id='line_1_93' title="bbox 1967 4628 3555 4701; baseline -0.004 -17"><span class='ocrx_word' id='word_1_763' title='bbox 1967 4642 2044 4685; x_wconf 62' lang='grc' dir='ltr'><strong>δίη</strong></span> <span class='ocrx_word' id='word_1_764' title='bbox 2076 4635 2316 4701; x_wconf 88' lang='lat' dir='ltr'><strong>proferre</strong></span> <span class='ocrx_word' id='word_1_765' title='bbox 2345 4633 2604 4686; x_wconf 83' lang='lat' dir='ltr'><strong>collectas</strong></span> <span class='ocrx_word' id='word_1_766' title='bbox 2626 4632 2749 4697; x_wconf 78' lang='lat' dir='ltr'><strong>nisi,</strong></span> <span class='ocrx_word' id='word_1_767' title='bbox 2785 4629 2971 4684; x_wconf 80' lang='lat' dir='ltr'><strong>Filioli</strong></span> <span class='ocrx_word' id='word_1_768' title='bbox 3007 4631 3125 4694; x_wconf 86' lang='lat' dir='ltr'><strong>mci,</strong></span> <span class='ocrx_word' id='word_1_769' title='bbox 3166 4628 3368 4699; x_wconf 86' lang='lat' dir='ltr'><strong>diligite</strong></span> <span class='ocrx_word' id='word_1_770' title='bbox 3396 4628 3555 4681; x_wconf 86' lang='lat' dir='ltr'><strong>alter-</strong></span> 
     </span>
    </p>
   </div>
   <div class='ocr_carea' id='block_1_94' title="bbox 252 4714 1847 4789">
    <p class='ocr_par' dir='ltr' id='par_1_94' title="bbox 252 4714 1847 4789">
     <span class='ocr_line' id='line_1_94' title="bbox 252 4714 1847 4789; baseline -0.003 -16"><span class='ocrx_word' id='word_1_771' title='bbox 252 4728 398 4775; x_wconf 88' lang='lat' dir='ltr'><strong>tanto</strong></span> <span class='ocrx_word' id='word_1_772' title='bbox 426 4719 601 4789; x_wconf 87' lang='lat' dir='ltr'><strong>magis</strong></span> <span class='ocrx_word' id='word_1_773' title='bbox 632 4719 830 4773; x_wconf 88' lang='lat' dir='ltr'><strong>timere</strong></span> <span class='ocrx_word' id='word_1_774' title='bbox 851 4717 1134 4780; x_wconf 85' lang='lat' dir='ltr'><strong>debemus,</strong></span> <span class='ocrx_word' id='word_1_775' title='bbox 1166 4731 1231 4770; x_wconf 91' lang='lat' dir='ltr'><strong>ne</strong></span> <span class='ocrx_word' id='word_1_776' title='bbox 1256 4716 1324 4768; x_wconf 81' lang='lat' dir='ltr'><strong>de</strong></span> <span class='ocrx_word' id='word_1_777' title='bbox 1367 4714 1693 4768; x_wconf 89' lang='lat' dir='ltr'><strong>sublimibus</strong></span> <span class='ocrx_word' id='word_1_778' title='bbox 1722 4728 1847 4768; x_wconf 88' lang='lat' dir='ltr'><strong>cor-</strong></span> 
     </span>
    </p>
   </div>
   <div class='ocr_carea' id='block_1_95' title="bbox 255 4807 1848 4877">
    <p class='ocr_par' dir='ltr' id='par_1_95' title="bbox 255 4807 1848 4877">
     <span class='ocr_line' id='line_1_95' title="bbox 255 4807 1848 4877; baseline -0.002 -12"><span class='ocrx_word' id='word_1_779' title='bbox 255 4827 492 4869; x_wconf 79' lang='lat' dir='ltr'><strong>ruamus.</strong></span> <span class='ocrx_word' id='word_1_780' title='bbox 522 4814 577 4868; x_wconf 89' lang='lat' dir='ltr'><strong>Si</strong></span> <span class='ocrx_word' id='word_1_781' title='bbox 610 4812 766 4877; x_wconf 82' lang='lat' dir='ltr'><strong>iuxta</strong></span> <span class='ocrx_word' id='word_1_782' title='bbox 794 4811 1183 4874; x_wconf 83' lang='lat' dir='ltr'><strong>Ecclesiasten,</strong></span> <span class='ocrx_word' id='word_1_783' title='bbox 1234 4808 1408 4863; x_wconf 81' lang='lat' dir='ltr'><strong>Radix</strong></span> <span class='ocrx_word' id='word_1_784' title='bbox 1454 4807 1737 4876; x_wconf 76' lang='lat' dir='ltr'><strong>sapientia:</strong></span> <span class='ocrx_word' id='word_1_785' title='bbox 1763 4816 1848 4862; x_wconf 85' lang='lat' dir='ltr'><strong>est</strong></span> 
     </span>
    </p>
   </div>
   <div class='ocr_carea' id='block_1_96' title="bbox 252 4901 1845 4974">
    <p class='ocr_par' dir='ltr' id='par_1_96' title="bbox 252 4901 1845 4974">
     <span class='ocr_line' id='line_1_96' title="bbox 252 4901 1845 4974; baseline -0.001 -15"><span class='ocrx_word' id='word_1_786' title='bbox 252 4906 440 4962; x_wconf 90' lang='lat' dir='ltr'><strong>timere</strong></span> <span class='ocrx_word' id='word_1_787' title='bbox 472 4907 637 4961; x_wconf 89' lang='lat' dir='ltr'><strong>Deum</strong></span> <span class='ocrx_word' id='word_1_788' title='bbox 674 4923 688 4959; x_wconf 88' lang='lat'><strong>:</strong></span> <span class='ocrx_word' id='word_1_789' title='bbox 741 4905 947 4960; x_wconf 90' lang='lat' dir='ltr'><strong>fructus</strong></span> <span class='ocrx_word' id='word_1_790' title='bbox 975 4905 1098 4974; x_wconf 89' lang='lat' dir='ltr'><strong>quis</strong></span> <span class='ocrx_word' id='word_1_791' title='bbox 1129 4911 1234 4969; x_wconf 88' lang='lat' dir='ltr'><strong>est,</strong></span> <span class='ocrx_word' id='word_1_792' title='bbox 1269 4902 1373 4956; x_wconf 88' lang='lat' dir='ltr'><strong>nisi</strong></span> <span class='ocrx_word' id='word_1_793' title='bbox 1417 4902 1599 4957; x_wconf 90' lang='lat' dir='ltr'><strong>videre</strong></span> <span class='ocrx_word' id='word_1_794' title='bbox 1631 4901 1845 4957; x_wconf 83' lang='lat' dir='ltr'><strong>Deum?</strong></span> 
     </span>
    </p>
   </div>
   <div class='ocr_carea' id='block_1_97' title="bbox 254 4996 1845 5067">
    <p class='ocr_par' dir='ltr' id='par_1_97' title="bbox 254 4996 1845 5067">
     <span class='ocr_line' id='line_1_97' title="bbox 254 4996 1845 5067; baseline -0.002 -15"><span class='ocrx_word' id='word_1_795' title='bbox 254 4998 460 5052; x_wconf 61' lang='lat' dir='ltr'><strong>Bonum</strong></span> <span class='ocrx_word' id='word_1_796' title='bbox 485 5007 664 5053; x_wconf 87' lang='lat' dir='ltr'><strong>autem</strong></span> <span class='ocrx_word' id='word_1_797' title='bbox 695 4998 893 5067; x_wconf 81' lang='lat' dir='ltr'><strong>diligit,</strong></span> <span class='ocrx_word' id='word_1_798' title='bbox 924 5000 1013 5067; x_wconf 88' lang='lat' dir='ltr'><strong>qui</strong></span> <span class='ocrx_word' id='word_1_799' title='bbox 1048 5013 1152 5052; x_wconf 91' lang='lat' dir='ltr'><strong>non</strong></span> <span class='ocrx_word' id='word_1_800' title='bbox 1193 4996 1416 5059; x_wconf 90' lang='lat' dir='ltr'><strong>invitus,</strong></span> <span class='ocrx_word' id='word_1_801' title='bbox 1466 5006 1558 5047; x_wconf 88' lang='lat' dir='ltr'><strong>aut</strong></span> <span class='ocrx_word' id='word_1_802' title='bbox 1607 4996 1845 5051; x_wconf 86' lang='lat' dir='ltr'><strong>necessi-</strong></span> 
     </span>
    </p>
   </div>
   <div class='ocr_carea' id='block_1_98' title="bbox 256 5088 1843 5162">
    <p class='ocr_par' dir='ltr' id='par_1_98' title="bbox 256 5088 1843 5162">
     <span class='ocr_line' id='line_1_98' title="bbox 256 5088 1843 5162; baseline 0.001 -19"><span class='ocrx_word' id='word_1_803' title='bbox 256 5100 383 5158; x_wconf 79' lang='lat' dir='ltr'><strong>tate,</strong></span> <span class='ocrx_word' id='word_1_804' title='bbox 418 5102 512 5148; x_wconf 86' lang='lat' dir='ltr'><strong>aut</strong></span> <span class='ocrx_word' id='word_1_805' title='bbox 543 5093 718 5162; x_wconf 80' lang='lat' dir='ltr'><strong>legum</strong></span> <span class='ocrx_word' id='word_1_806' title='bbox 753 5104 899 5147; x_wconf 91' lang='lat' dir='ltr'><strong>metu</strong></span> <span class='ocrx_word' id='word_1_807' title='bbox 952 5092 1080 5147; x_wconf 91' lang='lat' dir='ltr'><strong>facit</strong></span> <span class='ocrx_word' id='word_1_808' title='bbox 1127 5091 1369 5156; x_wconf 88' lang='lat' dir='ltr'><strong>bonum;</strong></span> <span class='ocrx_word' id='word_1_809' title='bbox 1404 5090 1500 5145; x_wconf 89' lang='lat' dir='ltr'><strong>sed</strong></span> <span class='ocrx_word' id='word_1_810' title='bbox 1532 5088 1753 5158; x_wconf 90' lang='lat' dir='ltr'><strong>idcirco,</strong></span> <span class='ocrx_word' id='word_1_811' title='bbox 1789 5099 1843 5145; x_wconf 90' lang='lat' dir='ltr'><strong>ut</strong></span> 
     </span>
    </p>
   </div>
   <div class='ocr_carea' id='block_1_99' title="bbox 257 5183 1265 5252">
    <p class='ocr_par' dir='ltr' id='par_1_99' title="bbox 257 5183 1265 5252">
     <span class='ocr_line' id='line_1_99' title="bbox 257 5183 1265 5252; baseline -0.005 -13"><span class='ocrx_word' id='word_1_812' title='bbox 257 5184 563 5242; x_wconf 83' lang='lat' dir='ltr'><strong>mercedem</strong></span> <span class='ocrx_word' id='word_1_813' title='bbox 604 5184 800 5240; x_wconf 85' lang='lat' dir='ltr'><strong>bonam</strong></span> <span class='ocrx_word' id='word_1_814' title='bbox 834 5185 1016 5252; x_wconf 85' lang='lat' dir='ltr'><strong>operis</strong></span> <span class='ocrx_word' id='word_1_815' title='bbox 1050 5183 1265 5237; x_wconf 87' lang='lat' dir='ltr'><strong>habeat.</strong></span> 
     </span>
    </p>
   </div>
   <div class='ocr_carea' id='block_1_100' title="bbox 787 5274 1302 5332">
    <p class='ocr_par' dir='ltr' id='par_1_100' title="bbox 787 5274 1302 5332">
     <span class='ocr_line' id='line_1_100' title="bbox 787 5274 1302 5332; baseline -0.006 -1"><span class='ocrx_word' id='word_1_816' title='bbox 787 5276 1016 5332; x_wconf 80' lang='lat' dir='ltr'><strong>CAPUT</strong></span> <span class='ocrx_word' id='word_1_817' title='bbox 1063 5274 1302 5329; x_wconf 71' lang='lat' dir='ltr'><strong>XXVIII.</strong></span> 
     </span>
    </p>
   </div>
   <div class='ocr_carea' id='block_1_101' title="bbox 715 5370 1375 5436">
    <p class='ocr_par' dir='ltr' id='par_1_101' title="bbox 715 5370 1375 5436">
     <span class='ocr_line' id='line_1_101' title="bbox 715 5370 1375 5436; baseline -0.003 -11"><span class='ocrx_word' id='word_1_818' title='bbox 715 5370 795 5425; x_wconf 70' lang='lat' dir='ltr'><strong>D:</strong></span> <span class='ocrx_word' id='word_1_819' title='bbox 826 5371 1076 5424; x_wconf 85' lang='lat' dir='ltr'><strong>rharifate</strong></span> <span class='ocrx_word' id='word_1_820' title='bbox 1099 5414 1113 5435; x_wconf 91' lang='lat'><strong>,</strong></span> <span class='ocrx_word' id='word_1_821' title='bbox 1146 5379 1195 5423; x_wconf 79' lang='lat' dir='ltr'><strong>et</strong></span> <span class='ocrx_word' id='word_1_822' title='bbox 1230 5385 1375 5436; x_wconf 85' lang='lat' dir='ltr'><strong>pace.</strong></span> 
     </span>
    </p>
   </div>
   <div class='ocr_carea' id='block_1_102' title="bbox 324 5461 1842 5533">
    <p class='ocr_par' dir='ltr' id='par_1_102' title="bbox 324 5461 1842 5533">
     <span class='ocr_line' id='line_1_102' title="bbox 324 5461 1842 5533; baseline -0.002 -13"><span class='ocrx_word' id='word_1_823' title='bbox 324 5464 405 5520; x_wconf 84' lang='lat' dir='ltr'><strong>Ad</strong></span> <span class='ocrx_word' id='word_1_824' title='bbox 457 5464 783 5520; x_wconf 88' lang='lat' dir='ltr'><strong>eharitatem</strong></span> <span class='ocrx_word' id='word_1_825' title='bbox 834 5481 979 5520; x_wconf 83' lang='grc' dir='ltr'>ιιιιιιε</span> <span class='ocrx_word' id='word_1_826' title='bbox 1030 5466 1317 5519; x_wconf 86' lang='lat' dir='ltr'><strong>transitum</strong></span> <span class='ocrx_word' id='word_1_827' title='bbox 1379 5462 1685 5518; x_wconf 87' lang='lat' dir='ltr'><strong>faciamus:</strong></span> <span class='ocrx_word' id='word_1_828' title='bbox 1718 5461 1842 5533; x_wconf 87' lang='lat' dir='ltr'><strong>quia</strong></span> 
     </span>
    </p>
   </div>
   <div class='ocr_carea' id='block_1_103' title="bbox 326 5587 1848 5663">
    <p class='ocr_par' dir='ltr' id='par_1_103' title="bbox 326 5587 1848 5663">
     <span class='ocr_line' id='line_1_103' title="bbox 326 5587 1848 5663; baseline 0 -20"><span class='ocrx_word' id='word_1_829' title='bbox 326 5596 351 5626; x_wconf 72' lang='grc'>⁸</span> <span class='ocrx_word' id='word_1_830' title='bbox 392 5591 562 5644; x_wconf 74' lang='lat' dir='ltr'><strong>Antea</strong></span> <span class='ocrx_word' id='word_1_831' title='bbox 589 5589 879 5644; x_wconf 77' lang='lat' dir='ltr'><strong>dumtaxat</strong></span> <span class='ocrx_word' id='word_1_832' title='bbox 903 5599 1041 5659; x_wconf 86' lang='lat' dir='ltr'><strong>erat,</strong></span> <span class='ocrx_word' id='word_1_833' title='bbox 1070 5590 1133 5644; x_wconf 86' lang='lat' dir='ltr'><strong>de</strong></span> <span class='ocrx_word' id='word_1_834' title='bbox 1148 5590 1356 5663; x_wconf 83' lang='lat' dir='ltr'><strong>justitia</strong></span> <span class='ocrx_word' id='word_1_835' title='bbox 1372 5599 1653 5660; x_wconf 85' lang='lat' dir='ltr'><strong>repugnat,</strong></span> <span class='ocrx_word' id='word_1_836' title='bbox 1673 5587 1848 5643; x_wconf 83' lang='lat' dir='ltr'><strong>illius-</strong></span> 
     </span>
    </p>
   </div>
   <div class='ocr_carea' id='block_1_104' title="bbox 256 5670 1844 5802">
    <p class='ocr_par' dir='ltr' id='par_1_104' title="bbox 256 5670 1844 5802">
     <span class='ocr_line' id='line_1_104' title="bbox 291 5670 503 5715; baseline 0.009 -2"><span class='ocrx_word' id='word_1_837' title='bbox 291 5674 346 5714; x_wconf 85' lang='lat' dir='ltr'><strong>tte</strong></span> <span class='ocrx_word' id='word_1_838' title='bbox 396 5670 503 5715; x_wconf 80' lang='lat' dir='ltr'><strong>etc.</strong></span> 
     </span>
     <span class='ocr_line' id='line_1_105' title="bbox 256 5676 1844 5802; baseline 0 -17"><span class='ocrx_word' id='word_1_839' title='bbox 256 5676 285 5729; x_wconf 61' lang='grc' dir='ltr'><strong><em>ᾳ</em></strong></span> <span class='ocrx_word' id='word_1_840' title='bbox 330 5704 367 5769; x_wconf 62' lang='grc' dir='ltr'><strong>δ’</strong></span> <span class='ocrx_word' id='word_1_841' title='bbox 396 5732 498 5785; x_wconf 87' lang='lat' dir='ltr'><strong>Alii</strong></span> <span class='ocrx_word' id='word_1_842' title='bbox 532 5731 690 5797; x_wconf 89' lang='lat' dir='ltr'><strong>libri,</strong></span> <span class='ocrx_word' id='word_1_843' title='bbox 722 5740 1009 5786; x_wconf 83' lang='lat' dir='ltr'><strong>mararetur</strong></span> <span class='ocrx_word' id='word_1_844' title='bbox 1041 5749 1201 5802; x_wconf 87' lang='lat' dir='ltr'><strong>usque</strong></span> <span class='ocrx_word' id='word_1_845' title='bbox 1239 5733 1306 5783; x_wconf 84' lang='lat' dir='ltr'><strong>ad</strong></span> <span class='ocrx_word' id='word_1_846' title='bbox 1338 5734 1578 5786; x_wconf 85' lang='lat' dir='ltr'><strong>ultimam</strong></span> <span class='ocrx_word' id='word_1_847' title='bbox 1617 5740 1844 5785; x_wconf 77' lang='lat' dir='ltr'><strong>senectu-</strong></span> 
     </span>
    </p>
   </div>
   <div class='ocr_carea' id='block_1_105' title="bbox 266 5801 1843 5870">
    <p class='ocr_par' dir='ltr' id='par_1_105' title="bbox 266 5801 1843 5870">
     <span class='ocr_line' id='line_1_106' title="bbox 266 5801 1843 5870; baseline 0.002 -16"><span class='ocrx_word' id='word_1_848' title='bbox 266 5806 379 5870; x_wconf 79' lang='lat' dir='ltr'><strong>frm,</strong></span> <span class='ocrx_word' id='word_1_849' title='bbox 404 5812 451 5855; x_wconf 78' lang='lat' dir='ltr'><strong>et</strong></span> <span class='ocrx_word' id='word_1_850' title='bbox 474 5802 577 5862; x_wconf 65' lang='lat' dir='ltr'><strong>iis,</strong></span> <span class='ocrx_word' id='word_1_851' title='bbox 628 5814 734 5855; x_wconf 88' lang='lat' dir='ltr'><strong>etc.</strong></span> <span class='ocrx_word' id='word_1_852' title='bbox 768 5802 833 5856; x_wconf 89' lang='lat' dir='ltr'><strong>Et</strong></span> <span class='ocrx_word' id='word_1_853' title='bbox 873 5804 1025 5870; x_wconf 84' lang='lat' dir='ltr'><strong>plura</strong></span> <span class='ocrx_word' id='word_1_854' title='bbox 1061 5801 1209 5863; x_wconf 85' lang='lat' dir='ltr'><strong>mox,</strong></span> <span class='ocrx_word' id='word_1_855' title='bbox 1239 5801 1473 5856; x_wconf 84' lang='lat' dir='ltr'><strong>Tandem</strong></span> <span class='ocrx_word' id='word_1_856' title='bbox 1507 5803 1753 5870; x_wconf 86' lang='lat' dir='ltr'><strong>discipuli</strong></span> <span class='ocrx_word' id='word_1_857' title='bbox 1794 5810 1843 5857; x_wconf 83' lang='lat' dir='ltr'><strong>et</strong></span> 
     </span>
    </p>
   </div>
   <div class='ocr_carea' id='block_1_106' title="bbox 262 5869 1839 5947">
    <p class='ocr_par' dir='ltr' id='par_1_106' title="bbox 262 5869 1839 5947">
     <span class='ocr_line' id='line_1_107' title="bbox 262 5869 1839 5947; baseline 0.004 -25"><span class='ocrx_word' id='word_1_858' title='bbox 262 5869 441 5941; x_wconf 77' lang='lat' dir='ltr'><strong>fratres</strong></span> <span class='ocrx_word' id='word_1_859' title='bbox 486 5872 575 5946; x_wconf 86' lang='lat' dir='ltr'><strong>qui</strong></span> <span class='ocrx_word' id='word_1_860' title='bbox 619 5872 840 5929; x_wconf 86' lang='lat' dir='ltr'><strong>aderant</strong></span> <span class='ocrx_word' id='word_1_861' title='bbox 868 5869 1020 5930; x_wconf 75' lang='lat' dir='ltr'><strong>ttedio</strong></span> <span class='ocrx_word' id='word_1_862' title='bbox 1053 5870 1247 5945; x_wconf 66' lang='lat' dir='ltr'><strong>affecti,</strong></span> <span class='ocrx_word' id='word_1_863' title='bbox 1279 5874 1416 5947; x_wconf 86' lang='lat' dir='ltr'><strong>quod</strong></span> <span class='ocrx_word' id='word_1_864' title='bbox 1445 5874 1623 5930; x_wconf 82' lang='lat' dir='ltr'><strong>eadem</strong></span> <span class='ocrx_word' id='word_1_865' title='bbox 1642 5886 1839 5943; x_wconf 84' lang='lat' dir='ltr'><strong>semper</strong></span> 
     </span>
    </p>
   </div>
   <div class='ocr_carea' id='block_1_107' title="bbox 1950 4722 3551 4793">
    <p class='ocr_par' dir='ltr' id='par_1_107' title="bbox 1950 4722 3551 4793">
     <span class='ocr_line' id='line_1_108' title="bbox 1950 4722 3551 4793; baseline -0.002 -16"><span class='ocrx_word' id='word_1_866' title='bbox 1950 4734 2143 4778; x_wconf 87' lang='lat' dir='ltr'><strong>utrum.</strong></span> <span class='ocrx_word' id='word_1_867' title='bbox 2176 4724 2464 4793; x_wconf 88' lang='lat' dir='ltr'><strong>Discipulis</strong></span> <span class='ocrx_word' id='word_1_868' title='bbox 2495 4734 2678 4778; x_wconf 86' lang='lat' dir='ltr'><strong>autem</strong></span> <span class='ocrx_word' id='word_1_869' title='bbox 2728 4722 3061 4791; x_wconf 86' lang='lat' dir='ltr'><strong>petentibus,</strong></span> <span class='ocrx_word' id='word_1_870' title='bbox 3115 4737 3282 4790; x_wconf 86' lang='lat' dir='ltr'><strong>quare</strong></span> <span class='ocrx_word' id='word_1_871' title='bbox 3334 4734 3551 4789; x_wconf 76' lang='lat' dir='ltr'><strong>semper</strong></span> 
     </span>
    </p>
   </div>
   <div class='ocr_carea' id='block_1_108' title="bbox 1949 4812 3549 4886">
    <p class='ocr_par' dir='ltr' id='par_1_108' title="bbox 1949 4812 3549 4886">
     <span class='ocr_line' id='line_1_109' title="bbox 1949 4812 3549 4886; baseline -0.003 -16"><span class='ocrx_word' id='word_1_872' title='bbox 1949 4814 2003 4870; x_wconf 92' lang='lat' dir='ltr'><strong>id</strong></span> <span class='ocrx_word' id='word_1_873' title='bbox 2030 4816 2235 4871; x_wconf 90' lang='lat' dir='ltr'><strong>diceret</strong></span> <span class='ocrx_word' id='word_1_874' title='bbox 2264 4833 2279 4872; x_wconf 88' lang='lat'><strong>:</strong></span> <span class='ocrx_word' id='word_1_875' title='bbox 2329 4817 2634 4886; x_wconf 85' lang='lat' dir='ltr'><strong>respondit,</strong></span> <span class='ocrx_word' id='word_1_876' title='bbox 2662 4816 2785 4885; x_wconf 89' lang='lat' dir='ltr'><strong>quia</strong></span> <span class='ocrx_word' id='word_1_877' title='bbox 2822 4824 3149 4883; x_wconf 64' lang='lat' dir='ltr'><strong>praeceptum</strong></span> <span class='ocrx_word' id='word_1_878' title='bbox 3203 4812 3415 4867; x_wconf 86' lang='lat' dir='ltr'><strong>Domini</strong></span> <span class='ocrx_word' id='word_1_879' title='bbox 3445 4823 3549 4879; x_wconf 86' lang='lat' dir='ltr'><strong>est,</strong></span> 
     </span>
    </p>
   </div>
   <div class='ocr_carea' id='block_1_109' title="bbox 1948 4907 3549 4973">
    <p class='ocr_par' dir='ltr' id='par_1_109' title="bbox 1948 4907 3549 4973">
     <span class='ocr_line' id='line_1_110' title="bbox 1948 4907 3549 4973; baseline -0.002 -10"><span class='ocrx_word' id='word_1_880' title='bbox 1948 4917 2003 4963; x_wconf 89' lang='lat' dir='ltr'><strong>et</strong></span> <span class='ocrx_word' id='word_1_881' title='bbox 2026 4910 2071 4963; x_wconf 92' lang='lat' dir='ltr'><strong>si</strong></span> <span class='ocrx_word' id='word_1_882' title='bbox 2103 4911 2212 4971; x_wconf 82' lang='lat' dir='ltr'><strong>fiat,</strong></span> <span class='ocrx_word' id='word_1_883' title='bbox 2244 4908 2417 4963; x_wconf 88' lang='lat' dir='ltr'><strong>solum</strong></span> <span class='ocrx_word' id='word_1_884' title='bbox 2448 4908 2672 4963; x_wconf 84' lang='lat' dir='ltr'><strong>sufficit.</strong></span> <span class='ocrx_word' id='word_1_885' title='bbox 2713 4907 2817 4963; x_wconf 88' lang='lat' dir='ltr'><strong>Sed</strong></span> <span class='ocrx_word' id='word_1_886' title='bbox 2864 4908 3095 4962; x_wconf 87' lang='lat' dir='ltr'><strong>obsecro</strong></span> <span class='ocrx_word' id='word_1_887' title='bbox 3144 4922 3213 4961; x_wconf 88' lang='lat' dir='ltr'><strong>ne</strong></span> <span class='ocrx_word' id='word_1_888' title='bbox 3267 4918 3287 4945; x_wconf 77' lang='grc' dir='ltr'><strong><em>ο</em></strong></span> <span class='ocrx_word' id='word_1_889' title='bbox 3321 4908 3549 4973; x_wconf 84' lang='lat' dir='ltr'><strong>amicus,</strong></span> 
     </span>
    </p>
   </div>
   <div class='ocr_carea' id='block_1_110' title="bbox 1949 4999 3549 5073">
    <p class='ocr_par' dir='ltr' id='par_1_110' title="bbox 1949 4999 3549 5073">
     <span class='ocr_line' id='line_1_111' title="bbox 1949 4999 3549 5073; baseline 0.001 -20"><span class='ocrx_word' id='word_1_890' title='bbox 1949 5003 2038 5073; x_wconf 90' lang='lat' dir='ltr'><strong>qui</strong></span> <span class='ocrx_word' id='word_1_891' title='bbox 2080 5003 2171 5053; x_wconf 91' lang='lat' dir='ltr'><strong>diu</strong></span> <span class='ocrx_word' id='word_1_892' title='bbox 2203 5002 2490 5069; x_wconf 71' lang='lat' dir='ltr'><strong>qna-ritur,</strong></span> <span class='ocrx_word' id='word_1_893' title='bbox 2522 5002 2611 5055; x_wconf 88' lang='lat' dir='ltr'><strong>vix</strong></span> <span class='ocrx_word' id='word_1_894' title='bbox 2660 5001 2954 5065; x_wconf 87' lang='lat' dir='ltr'><strong>invenitur,</strong></span> <span class='ocrx_word' id='word_1_895' title='bbox 3008 4999 3232 5055; x_wconf 79' lang='lat' dir='ltr'><strong>difficile</strong></span> <span class='ocrx_word' id='word_1_896' title='bbox 3274 5014 3549 5066; x_wconf 83' lang='lat' dir='ltr'><strong>servatur,</strong></span> 
     </span>
    </p>
   </div>
   <div class='ocr_carea' id='block_1_111' title="bbox 1948 5093 3546 5167">
    <p class='ocr_par' dir='ltr' id='par_1_111' title="bbox 1948 5093 3546 5167">
     <span class='ocr_line' id='line_1_112' title="bbox 1948 5093 3546 5167; baseline -0.002 -17"><span class='ocrx_word' id='word_1_897' title='bbox 1948 5098 2153 5167; x_wconf 86' lang='lat' dir='ltr'><strong>pariter</strong></span> <span class='ocrx_word' id='word_1_898' title='bbox 2190 5110 2311 5149; x_wconf 89' lang='lat' dir='ltr'><strong>cum</strong></span> <span class='ocrx_word' id='word_1_899' title='bbox 2354 5095 2529 5149; x_wconf 86' lang='lat' dir='ltr'><strong>oculis</strong></span> <span class='ocrx_word' id='word_1_900' title='bbox 2578 5100 2879 5150; x_wconf 88' lang='lat' dir='ltr'><strong>amittatur.</strong></span> <span class='ocrx_word' id='word_1_901' title='bbox 2931 5093 3064 5149; x_wconf 85' lang='lat' dir='ltr'><strong>Nam</strong></span> <span class='ocrx_word' id='word_1_902' title='bbox 3105 5095 3375 5162; x_wconf 87' lang='lat' dir='ltr'><strong>amicitia,</strong></span> <span class='ocrx_word' id='word_1_903' title='bbox 3425 5112 3546 5163; x_wconf 78' lang='lat' dir='ltr'><strong>qua:</strong></span> 
     </span>
    </p>
   </div>
   <div class='ocr_carea' id='block_1_112' title="bbox 1946 5186 3547 5257">
    <p class='ocr_par' dir='ltr' id='par_1_112' title="bbox 1946 5186 3547 5257">
     <span class='ocr_line' id='line_1_113' title="bbox 1946 5186 3547 5257; baseline -0.001 -14"><span class='ocrx_word' id='word_1_904' title='bbox 1946 5189 2198 5243; x_wconf 84' lang='lat' dir='ltr'><strong>desinere</strong></span> <span class='ocrx_word' id='word_1_905' title='bbox 2230 5196 2424 5253; x_wconf 56' lang='lat' dir='ltr'><strong>putest,</strong></span> <span class='ocrx_word' id='word_1_906' title='bbox 2475 5201 2767 5256; x_wconf 84' lang='lat' dir='ltr'><strong>numquam</strong></span> <span class='ocrx_word' id='word_1_907' title='bbox 2800 5201 2928 5240; x_wconf 87' lang='lat' dir='ltr'><strong>vera</strong></span> <span class='ocrx_word' id='word_1_908' title='bbox 2976 5186 3094 5241; x_wconf 87' lang='lat' dir='ltr'><strong>fuit.</strong></span> <span class='ocrx_word' id='word_1_909' title='bbox 3130 5188 3267 5241; x_wconf 86' lang='lat' dir='ltr'><strong>Vera</strong></span> <span class='ocrx_word' id='word_1_910' title='bbox 3318 5202 3547 5257; x_wconf 87' lang='lat' dir='ltr'><strong>namque</strong></span> 
     </span>
    </p>
   </div>
   <div class='ocr_carea' id='block_1_113' title="bbox 1947 5279 3541 5352">
    <p class='ocr_par' dir='ltr' id='par_1_113' title="bbox 1947 5279 3541 5352">
     <span class='ocr_line' id='line_1_114' title="bbox 1947 5279 3541 5352; baseline 0 -17"><span class='ocrx_word' id='word_1_911' title='bbox 1947 5282 2186 5337; x_wconf 89' lang='lat' dir='ltr'><strong>amicitia</strong></span> <span class='ocrx_word' id='word_1_912' title='bbox 2210 5280 2317 5352; x_wconf 80' lang='grc' dir='ltr'><strong>[ΑΙ.</strong></span> <span class='ocrx_word' id='word_1_913' title='bbox 2344 5279 2602 5351; x_wconf 82' lang='lat' dir='ltr'><strong>charitas]</strong></span> <span class='ocrx_word' id='word_1_914' title='bbox 2645 5279 2793 5333; x_wconf 80' lang='lat' dir='ltr'><strong>nullo</strong></span> <span class='ocrx_word' id='word_1_915' title='bbox 2823 5280 3013 5345; x_wconf 80' lang='lat' dir='ltr'><strong>livore,</strong></span> <span class='ocrx_word' id='word_1_916' title='bbox 3046 5282 3099 5336; x_wconf 90' lang='lat' dir='ltr'><strong>in</strong></span> <span class='ocrx_word' id='word_1_917' title='bbox 3139 5289 3344 5351; x_wconf 88' lang='lat' dir='ltr'><strong>quanto</strong></span> <span class='ocrx_word' id='word_1_918' title='bbox 3375 5296 3541 5349; x_wconf 81' lang='lat' dir='ltr'><strong>auge-</strong></span> 
     </span>
    </p>
   </div>
   <div class='ocr_carea' id='block_1_114' title="bbox 1946 5373 3051 5433">
    <p class='ocr_par' dir='ltr' id='par_1_114' title="bbox 1946 5373 3051 5433">
     <span class='ocr_line' id='line_1_115' title="bbox 1946 5373 3051 5433; baseline 0 -4"><span class='ocrx_word' id='word_1_919' title='bbox 1946 5382 2035 5429; x_wconf 87' lang='lat' dir='ltr'><strong>tur</strong></span> <span class='ocrx_word' id='word_1_920' title='bbox 2065 5388 2310 5433; x_wconf 83' lang='lat' dir='ltr'><strong>numero.</strong></span> <span class='ocrx_word' id='word_1_921' title='bbox 2351 5384 2499 5425; x_wconf 88' lang='lat' dir='ltr'><strong>tanto</strong></span> <span class='ocrx_word' id='word_1_922' title='bbox 2530 5373 2727 5427; x_wconf 84' lang='lat' dir='ltr'><strong>crescit</strong></span> <span class='ocrx_word' id='word_1_923' title='bbox 2756 5383 2810 5429; x_wconf 90' lang='lat' dir='ltr'><strong>et</strong></span> <span class='ocrx_word' id='word_1_924' title='bbox 2832 5374 3051 5429; x_wconf 76' lang='lat' dir='ltr'><strong>robore.</strong></span> 
     </span>
    </p>
   </div>
   <div class='ocr_carea' id='block_1_115' title="bbox 2020 5466 3543 5537">
    <p class='ocr_par' dir='ltr' id='par_1_115' title="bbox 2020 5466 3543 5537">
     <span class='ocr_line' id='line_1_116' title="bbox 2020 5466 3543 5537; baseline -0.001 -15"><span class='ocrx_word' id='word_1_925' title='bbox 2020 5467 2235 5522; x_wconf 82' lang='lat' dir='ltr'><strong>Declina</strong></span> <span class='ocrx_word' id='word_1_926' title='bbox 2269 5468 2429 5537; x_wconf 86' lang='lat' dir='ltr'><strong>igitur</strong></span> <span class='ocrx_word' id='word_1_927' title='bbox 2459 5480 2488 5520; x_wconf 92' lang='lat' dir='ltr'><strong>a</strong></span> <span class='ocrx_word' id='word_1_928' title='bbox 2522 5466 2684 5532; x_wconf 80' lang='lat' dir='ltr'><strong>malo,</strong></span> <span class='ocrx_word' id='word_1_929' title='bbox 2716 5477 2772 5521; x_wconf 90' lang='lat' dir='ltr'><strong>et</strong></span> <span class='ocrx_word' id='word_1_930' title='bbox 2797 5466 2879 5521; x_wconf 87' lang='lat' dir='ltr'><strong>fac</strong></span> <span class='ocrx_word' id='word_1_931' title='bbox 2911 5467 3112 5521; x_wconf 89' lang='lat' dir='ltr'><strong>bonum</strong></span> <span class='ocrx_word' id='word_1_932' title='bbox 3143 5482 3157 5520; x_wconf 90' lang='lat'>:</span> <span class='ocrx_word' id='word_1_933' title='bbox 3200 5466 3409 5535; x_wconf 86' lang='lat' dir='ltr'><strong>inquire</strong></span> <span class='ocrx_word' id='word_1_934' title='bbox 3447 5481 3543 5535; x_wconf 88' lang='lat' dir='ltr'><strong>pa-</strong></span> 
     </span>
    </p>
   </div>
   <div class='ocr_carea' id='block_1_116' title="bbox 1959 5591 3551 5664">
    <p class='ocr_par' dir='ltr' id='par_1_116' title="bbox 1959 5591 3551 5664">
     <span class='ocr_line' id='line_1_117' title="bbox 1959 5591 3551 5664; baseline -0.001 -17"><span class='ocrx_word' id='word_1_935' title='bbox 1959 5597 2252 5653; x_wconf 79' lang='lat' dir='ltr'><strong>audierant.</strong></span> <span class='ocrx_word' id='word_1_936' title='bbox 2275 5595 2540 5655; x_wconf 72' lang='lat' dir='ltr'><strong>dixerunt,</strong></span> <span class='ocrx_word' id='word_1_937' title='bbox 2560 5591 2827 5660; x_wconf 82' lang='lat' dir='ltr'><strong>Magister,</strong></span> <span class='ocrx_word' id='word_1_938' title='bbox 2851 5608 3010 5659; x_wconf 85' lang='lat' dir='ltr'><strong>quare</strong></span> <span class='ocrx_word' id='word_1_939' title='bbox 3038 5593 3133 5644; x_wconf 86' lang='lat' dir='ltr'><strong>hoc</strong></span> <span class='ocrx_word' id='word_1_940' title='bbox 3158 5607 3355 5659; x_wconf 84' lang='lat' dir='ltr'><strong>semper</strong></span> <span class='ocrx_word' id='word_1_941' title='bbox 3377 5592 3551 5664; x_wconf 86' lang='lat' dir='ltr'><strong>loque-</strong></span> 
     </span>
    </p>
   </div>
   <div class='ocr_carea' id='block_1_117' title="bbox 1954 5664 3551 5736">
    <p class='ocr_par' dir='ltr' id='par_1_117' title="bbox 1954 5664 3551 5736">
     <span class='ocr_line' id='line_1_118' title="bbox 1954 5664 3551 5736; baseline 0.002 -19"><span class='ocrx_word' id='word_1_942' title='bbox 1954 5666 2069 5720; x_wconf 85' lang='lat' dir='ltr'><strong>ris?</strong></span> <span class='ocrx_word' id='word_1_943' title='bbox 2119 5668 2207 5735; x_wconf 87' lang='lat' dir='ltr'><strong>qui</strong></span> <span class='ocrx_word' id='word_1_944' title='bbox 2254 5666 2517 5736; x_wconf 78' lang='lat' dir='ltr'><strong>respondit</strong></span> <span class='ocrx_word' id='word_1_945' title='bbox 2561 5666 2772 5734; x_wconf 85' lang='lat' dir='ltr'><strong>dignam</strong></span> <span class='ocrx_word' id='word_1_946' title='bbox 2822 5664 3025 5719; x_wconf 87' lang='lat' dir='ltr'><strong>Joanne</strong></span> <span class='ocrx_word' id='word_1_947' title='bbox 3070 5665 3391 5733; x_wconf 86' lang='lat' dir='ltr'><strong>sententiam,</strong></span> <span class='ocrx_word' id='word_1_948' title='bbox 3428 5666 3551 5734; x_wconf 88' lang='lat' dir='ltr'><strong>quia</strong></span> 
     </span>
    </p>
   </div>
   <div class='ocr_carea' id='block_1_118' title="bbox 1952 5748 2426 5808">
    <p class='ocr_par' dir='ltr' id='par_1_118' title="bbox 1952 5748 2426 5808">
     <span class='ocr_line' id='line_1_119' title="bbox 1952 5748 2426 5808; baseline 0.002 -18"><span class='ocrx_word' id='word_1_949' title='bbox 1952 5748 2285 5808; x_wconf 76' lang='lat' dir='ltr'><strong>prreceptum.</strong></span> <span class='ocrx_word' id='word_1_950' title='bbox 2320 5750 2426 5808; x_wconf 85' lang='lat' dir='ltr'><strong>etc.</strong></span> 
     </span>
    </p>
   </div>
   <div class='ocr_carea' id='block_1_119' title="bbox 2029 5807 3296 5881">
    <p class='ocr_par' dir='ltr' id='par_1_119' title="bbox 2029 5807 3296 5881">
     <span class='ocr_line' id='line_1_120' title="bbox 2029 5807 3296 5881; baseline -0.004 -16"><span class='ocrx_word' id='word_1_951' title='bbox 2029 5819 2050 5848; x_wconf 76' lang='grc' dir='ltr'><strong>ο</strong></span> <span class='ocrx_word' id='word_1_952' title='bbox 2091 5807 2257 5866; x_wconf 82' lang='lat' dir='ltr'><strong>fidem</strong></span> <span class='ocrx_word' id='word_1_953' title='bbox 2286 5807 2433 5879; x_wconf 89' lang='lat' dir='ltr'><strong>libri,</strong></span> <span class='ocrx_word' id='word_1_954' title='bbox 2463 5826 2527 5865; x_wconf 89' lang='lat' dir='ltr'><strong>ne</strong></span> <span class='ocrx_word' id='word_1_955' title='bbox 2554 5807 2801 5881; x_wconf 86' lang='lat' dir='ltr'><strong>amicum,</strong></span> <span class='ocrx_word' id='word_1_956' title='bbox 2834 5817 2882 5865; x_wconf 86' lang='lat' dir='ltr'><strong>et</strong></span> <span class='ocrx_word' id='word_1_957' title='bbox 2909 5824 3046 5864; x_wconf 86' lang='lat' dir='ltr'><strong>meas</strong></span> <span class='ocrx_word' id='word_1_958' title='bbox 3074 5807 3296 5862; x_wconf 88' lang='lat' dir='ltr'><strong>amittat.</strong></span> 
     </span>
    </p>
   </div>
  </div>
