4048 6338
457 252 566 317 383

1495 248 1555 308 S.
1598 246 1982 306 ΠΙΕΒΟΝῩΜΙ
2020 245 2312 307 OPERUM
2349 245 2718 306 MANTISSA.

3657 241 3765 303 εει

456 382 597 435 cem,
627 370 684 424 et
708 378 1043 439 persequere
1070 376 1210 421 eam.
1242 360 1354 418 Nisi
1381 360 1665 419 oderimus
1701 360 1926 429 malum,
1957 361 2055 417 bo-
2080 363 2135 426 Α
2158 361 2449 427 calceolos,
2478 374 2580 418 nec
2619 360 2782 417 orbes
2809 356 2975 417 stibio
3003 357 3339 430 fuliginatos.
3385 355 3524 414 Nam
3556 368 3764 430 quanto

462 478 591 519 num
620 475 804 519 amare
833 473 939 515 non
967 470 1284 529 possumus.
1338 455 1478 524 Quin
1530 455 1708 525 potius
1754 452 2056 507 iaciendum

461 567 545 613 eSt
577 556 800 622 bonum,
856 561 914 606 ut
955 549 1297 606 declinemus
1341 563 1372 602 a
1421 546 1584 603 malo.
1629 546 1739 601 Pax
1769 543 2058 617 quaerenda

466 658 571 715 est,
605 647 868 718 fugiamus
894 644 1034 699 bella
1072 661 1085 696 :
1113 657 1213 699 nec
1247 641 1462 698 suffecit
1492 657 1611 696 eam
1643 654 1912 708 quaerere,
1954 636 2060 693 nisi

462 744 738 800 inventam
769 737 1173 809 fugientemque
1221 735 1369 791 omni
1416 734 1599 789 studio
1631 746 2057 803 persequamur:

461 852 574 907 qua:
620 842 894 900 exsuperat
940 845 1141 885 onmem
1181 844 1408 893 sensum,
1437 827 1493 882 in
1523 840 1625 897 qua
1667 824 1932 881 habitatio
1964 822 2059 878 Dei

462 936 567 987 est.
598 924 860 997 prepheta
901 923 1121 977 dicente
1155 939 1167 975 :
1216 919 1284 974 Et
1325 922 1495 991 factus
1533 927 1609 974 est
1651 918 1707 973 in
1746 934 1872 987 pace
1919 917 2062 972 locus

463 1022 578 1092 ejus
600 1014 830 1091 (Psalm.
855 1016 1056 1085 Lxxv).
1088 1014 1335 1069 lniernus
1368 1013 1547 1082 itaque
1587 1010 1729 1065 inter
1756 1007 1953 1065 fratres
1981 1008 2063 1064 di-

464 1108 620 1164 vidit.
650 1107 919 1178 Quidquid
952 1106 1114 1177 igitur
1143 1113 1361 1175 separat
1387 1102 1533 1159 inter
1562 1103 1783 1171 fratres,
1816 1101 2064 1157 infernus

465 1200 731 1257 dicendus
757 1209 863 1256 est.
916 1199 1223 1255 Concordia
1264 1199 1408 1254 enim
1438 1211 1620 1268 parvae
1647 1212 1735 1253 res
1763 1204 2016 1251 crescunt
2046 1213 2061 1250 :

467 1295 547 1350 sic
575 1303 628 1349 et
655 1292 927 1348 discordia
971 1291 1221 1346 maximae
1251 1290 1582 1366 dilabuntur,
1628 1288 1865 1344 Pulchre
1902 1288 2066 1358 igitur

465 1387 775 1459 persecutio
803 1387 950 1457 pacis
976 1385 1198 1450 dicitur,
1223 1384 1375 1453 juxta
1414 1383 1544 1439 illud
1592 1382 1841 1451 Apostoli
1882 1398 1896 1437 :
1951 1381 2066 1437 Ho-

464 1477 805 1549 spitalitatem
836 1486 1195 1549 persequentes
1240 1474 1419 1544 (Rom.
1477 1475 1623 1545 xu):
1674 1484 1732 1530 ut
1788 1490 1897 1531 non
1954 1474 2065 1532 leni

465 1572 776 1639 usitatoque
801 1584 1075 1636 sermone,
1111 1577 1189 1639 et,
1220 1578 1279 1623 ut
1313 1569 1386 1623 ita
1418 1567 1631 1639 loquar,
1660 1570 1887 1625 summis
1912 1569 2068 1626 labiis

465 1662 709 1732 hospites
741 1662 1074 1716 invitemus:
1113 1661 1209 1716 sed
1236 1669 1349 1716 toto
1396 1662 1593 1717 mentis
1638 1661 1839 1719 ardore
1883 1672 2069 1719 tenea-

2160 451 2381 519 ftedior,
2404 458 2557 507 tanto
2587 451 2888 523 pulchrior.
2921 450 3055 519 Qua:
3078 449 3297 506 demum
3330 448 3515 520 plorat
3543 449 3613 505 ad
3643 465 3765 507 cru-

2160 560 2301 613 cem,
2332 552 2602 615 unguenta
2632 553 2791 615 parat
2811 560 2825 598 :
2845 544 3042 615 quaerit
3063 544 3116 598 in
3148 543 3379 609 tumulo,
3406 542 3761 600 hortulanum

2160 636 2481 706 interrogat,
2512 637 2543 667 ⁸
2572 635 2745 707 pergit
2770 635 2839 691 ad
2865 634 3164 705 apostolos,
3189 642 3470 705 repertum
3501 636 3750 692 nuntiat:

2160 728 2240 784 illi
2268 729 2534 795 dubitant,
2566 729 2668 785 ista
2694 727 2920 784 confidit
2949 726 3137 800 (Joan.
3169 726 3291 799 xx).

2233 819 2350 877 Non
2374 820 2521 877 enim
2556 830 2662 875 tam
2692 818 2905 891 peccati
2945 820 3156 875 crimen
3192 820 3459 891 arguitur,
3487 836 3652 892 quam
3676 836 3768 879 ve-

2166 914 2255 971 lox
2285 917 2575 972 conversio
2597 917 2650 971 in
2680 916 3017 986 pmnitentia:
3044 914 3331 972 celeritate
3360 915 3633 973 laudatur.
3659 917 3767 975 Nec

2166 1008 2311 1064 Deus
2350 1018 2574 1079 cogeret
2625 1008 2911 1079 poenitere,
2965 1009 3010 1064 si
3042 1024 3149 1064 non
3191 1018 3343 1065 esset
3376 1010 3768 1079 paenitentibus

2166 1100 2378 1156 veniam
2412 1115 2794 1157 concessurus.
2824 1099 2968 1157 Nihil
2993 1101 3138 1156 enim
3169 1109 3277 1156 tam
3320 1112 3587 1174 repugnat
3630 1102 3766 1173 Deo,

2164 1211 2325 1268 quam
2355 1210 2451 1252 cor
2475 1196 2843 1265 imptenitens.
2872 1195 2986 1251 Hoc
3012 1196 3185 1251 solum
3226 1196 3434 1252 crimen
3478 1204 3585 1263 est,
3625 1196 3770 1268 quod

2173 1291 2389 1346 veniam
2416 1290 2676 1361 consequi
2705 1304 2813 1345 non
2844 1297 3063 1361 potest:
3098 1288 3373 1359 praecipue
3400 1290 3525 1360 quia
3552 1304 3663 1345 non
3690 1290 3773 1346 in-

2164 1384 2368 1456 iustus,
2392 1391 2453 1440 ut
2474 1393 2699 1455 propter
2721 1384 2889 1439 multa
2922 1383 3063 1438 mala
3096 1398 3392 1454 paucorum
3415 1384 3773 1440 obliviscatur

2170 1479 2476 1534 bonorum:
2523 1478 2691 1534 immo
2754 1478 2823 1534 de
2871 1477 3014 1532 nulla
3061 1492 3125 1533 re
3166 1478 3247 1533 sic
3292 1478 3540 1532 irascitur
3585 1477 3769 1543 Deus,

2170 1572 2445 1643 quomodo
2477 1570 2524 1626 si
2552 1580 2803 1639 peccator
2830 1569 3131 1640 superbiat,
3166 1578 3221 1625 et
3247 1579 3463 1626 erectus
3488 1578 3545 1625 et
3562 1570 3776 1640 rigidus

2172 1680 2279 1720 non
2317 1665 2569 1721 flectatur
2596 1664 2650 1719 in
2676 1663 2865 1719 ﬂetum
2910 1678 3011 1719 nec
3059 1664 3497 1720 misericordiam
3537 1665 3778 1736 postulet

469 1769 615 1821 mus,
644 1753 799 1823 quasi
827 1756 1135 1810 auferentes
1166 1768 1350 1810 secum
1392 1753 1459 1810 de
1491 1754 1640 1811 lucro
1679 1764 1870 1810 nostro
1906 1764 2066 1828 atque
2096 1765 2145 1827 Β
2171 1772 2271 1829 pro
2297 1758 2535 1814 delicto:
2566 1755 2819 1827 Nihilque
2849 1755 2930 1811 sic
2957 1754 3184 1811 offendit
3216 1757 3412 1821 Deum,
3461 1755 3604 1811 sicut
3644 1771 3773 1812 ere~

470 1845 816 1916 compendio.

1044 1915 1276 1974 CAPUT
1318 1916 1509 1974 XXIX.

719 2008 796 2063 De
819 2007 1039 2078 inﬁrmis
1062 2018 1110 2063 et
1138 2012 1457 2079 pauperibus
1488 2011 1802 2065 recreandis.

541 2121 599 2177 Si
629 2119 750 2192 quis
790 2126 1020 2191 cwperlt
1071 2133 1361 2192 aegrotare,
1413 2124 1772 2180 transferatur
1820 2123 1888 2180 ad
1937 2139 2068 2182 exe-

466 2214 621 2271 dram
648 2215 897 2269 latiorem
926 2230 939 2267 :
972 2225 1027 2270 et
1048 2223 1195 2269 tanto
1224 2229 1418 2272 senum
1450 2217 1755 2274 ministerio
1776 2217 2069 2274 confovea-

469 2316 578 2376 tnr,
608 2317 667 2364 ut
695 2323 795 2363 nec
824 2307 1051 2363 delicias
1082 2309 1320 2376 urbium,
1354 2326 1455 2366 nec
1491 2312 1677 2367 matris
1706 2321 1914 2383 quarrat
1938 2313 2071 2369 affe-

467 2410 636 2458 ctum.
667 2401 745 2457 Ne
776 2402 934 2457 liceat
962 2402 1143 2457 dicere
1171 2403 1419 2475 cuiquam
1451 2422 1466 2458 :
1514 2407 1751 2461 tunicam
1798 2415 1855 2463 et
1880 2422 2068 2477 sagum

469 2505 725 2565 textaque
756 2495 937 2565 juncis
988 2504 1158 2550 strata
1204 2512 1311 2551 non
1359 2496 1556 2554 habeo.
1617 2499 1692 2554 lta
1751 2514 2070 2557 meonomus

470 2590 726 2645 universa
749 2588 1082 2655 moderetur,
1116 2601 1173 2644 ut
1193 2606 1352 2645 nemo
1378 2592 1503 2661 quid
1528 2592 1765 2662 postulet
1797 2593 1902 2665 [ΑΙ.
1939 2595 2066 2650 add.

472 2698 634 2737 nemo
677 2681 804 2754 non]
838 2682 1053 2737 habeat.
1082 2682 1301 2739 Servias
1332 2684 1613 2751 fratribus,
1646 2686 1920 2754 hospitum
1953 2687 2068 2741 lava

472 2773 664 2846 pedes,
696 2776 1025 2844 pauperibus
1054 2783 1111 2830 et
1136 2775 1396 2832 fratribus
1417 2777 1701 2850 refrigeria
1732 2779 1927 2835 exhibe
1959 2780 2067 2852 [ΑΙ.

487 2874 595 2921 tae.
663 2865 927 2937 exhibe}:
982 2876 1256 2938 sumptum
1303 2885 1465 2924 manu
1517 2871 1737 2942 propria
1785 2872 2068 2927 distribue.

476 2958 741 3026 Quoniam
772 2960 1031 3029 quidquid
1060 2960 1259 3017 habent
1300 2963 1505 3030 clerici,
1551 2980 1844 3036 pauperum
1876 2975 1982 3032 est,
2020 2974 2074 3021 et

473 3052 666 3106 donius
693 3068 879 3107 eorum
909 3054 1159 3110 omnibus
1193 3055 1398 3111 debent
1421 3071 1542 3112 esse
1569 3072 1905 3113 communes.
1941 3061 2074 3115 Sus-

2170 1860 2257 1907 cta
2287 1850 2473 1906 cervix
2508 1858 2630 1920 post
2652 1856 2898 1919 peccata,
2928 1857 2984 1903 et
3011 1863 3080 1904 ex
3107 1847 3502 1920 desperatione
3525 1857 3775 1904 eontem-

2175 1951 2318 2014 ptus.
2343 1941 2497 1999 Unde
2520 1951 2576 1998 et
2599 1956 2699 1997 vos
2721 1957 2830 1997 non
2877 1940 3186 2011 desperetis
3230 1941 3446 1996 veniam
3501 1941 3779 1997 scelerum

2173 2033 2545 2105 magnitudine
2581 2050 2595 2087 :
2628 2034 2755 2104 quia
2798 2048 2994 2104 magna
3046 2041 3269 2103 peccata
3317 2047 3516 2103 magna
3565 2032 3777 2089 delebit

2176 2125 2494 2197 paenitentia
2526 2123 2634 2198 [AL
2682 2122 3101 2195 misericordia].
3130 2122 3267 2179 Nam
3310 2123 3460 2179 Deus
3504 2137 3615 2179 non
3662 2124 3781 2181 vult

2174 2219 2375 2277 inferre
2404 2218 2691 2289 supplicia,
2719 2217 2816 2273 sed
2862 2227 3070 2272 terrere
3108 2230 3395 2287 passuros.
3445 2216 3681 2287 Ipseque
3710 2217 3780 2272 ad

2175 2314 2552 2387 paenitentiam
2586 2321 2871 2384 provocat,
2918 2326 2988 2367 ne
3027 2309 3191 2365 faciat
3230 2309 3374 2381 quod
3406 2311 3778 2367 comminatus

2174 2416 2280 2464 est.

2243 2501 2563 2556 Dtemouum
2593 2498 2738 2553 enim
2769 2495 2954 2551 nullus
2994 2504 3081 2552 est
3108 2495 3200 2567 qui
3226 2502 3440 2566 parcat.
3473 2492 3680 2550 Omnes
3709 2493 3782 2550 ad

2178 2594 2416 2666 praedam
2445 2592 2623 2648 festini
2666 2590 2889 2647 venient
2922 2607 2936 2644 :
2968 2597 3094 2645 ante
3125 2587 3318 2644 faciem
3349 2588 3597 2658 ipsorum
3646 2603 3784 2643 ven-

2176 2697 2285 2742 tus.
2323 2686 2389 2739 Et
2419 2683 2679 2755 quidquid
2708 2682 3044 2753 aspexerint,
3076 2680 3338 2751 quidquid
3368 2679 3543 2734 vultui
3575 2695 3771 2735 eorum

2174 2778 2393 2832 obvium
2442 2775 2629 2841 fuerit,
2675 2789 2837 2830 urere
2876 2772 3271 2829 desiderabant
3298 2780 3354 2826 et
3382 2770 3638 2841 perdere.
3671 2770 3782 2827 Sed

2175 2884 2275 2925 nec
2296 2864 2581 2940 quisquam
2615 2883 2713 2937 per
2739 2866 3056 2937 patientiam
3099 2864 3363 2918 bonitatis
3395 2862 3511 2930 Dei,
3540 2862 3612 2918 de
3645 2878 3779 2933 pec-

2173 2972 2423 3018 catorum
2477 2976 2704 3016 suorum
2752 2959 3078 3030 impunitate
3107 2954 3425 3026 contendat,
3472 2970 3576 3011 nec
3627 2956 3779 3012 illum

2176 3071 2283 3110 non
2305 3055 2540 3110 aestimet
2561 3052 2848 3118 offensum,
2872 3052 2995 3123 quia
3020 3048 3257 3107 necdum
3280 3049 3776 3118 expertusiratum.

476 3145 711 3212 ceptioni
753 3149 896 3200 enim
928 3148 1340 3219 peregrinorum
1380 3159 1436 3203 et
1472 3151 1743 3220 hospitum
1783 3152 2070 3223 invigilare
2097 3159 2141 3221 ρ
2175 3148 2346 3203 Immo
2377 3163 2569 3218 magna
2601 3155 2690 3203 est
2716 3146 2820 3213 ira,
2847 3145 3067 3216 quando
3099 3147 3452 3217 peccantibus
3486 3160 3596 3200 non
3627 3144 3774 3199 iras-

472 3237 693 3293 debent.

550 3332 716 3388 Docet
759 3332 1020 3389 Salomon
1071 3333 1460 3390 misericordia:
1506 3336 1763 3406 operibus
1809 3336 2066 3392 insisten-

473 3421 599 3478 dum
628 3441 640 3476 :
678 3439 778 3478 uec
809 3426 1009 3480 nostris
1044 3424 1315 3481 fideudum
1349 3426 1576 3493 viribus,
1607 3427 1701 3483 sed
1733 3444 1763 3482 a
1810 3428 1921 3485 Deo
1947 3444 2070 3485 esse

474 3517 734 3572 auxilium
768 3518 1141 3589 flagitandum.
1177 3520 1284 3578 Sed
1325 3530 1443 3576 esto
1478 3522 1623 3592 quod
1672 3524 1905 3594 :equeris
1936 3539 2070 3594 pan-

477 3609 715 3675 poribus,
752 3610 969 3680 inopum
1002 3613 1226 3668 cellulas
1251 3613 1539 3685 dignanter
1566 3617 1826 3681 introeas,
1874 3632 2065 3671 manus

477 3700 739 3754 dt'iiilllllll
768 3702 863 3765 sis,
896 3719 1087 3773 aquam
1124 3716 1328 3774 portes,
1365 3707 1507 3776 ligna
1551 3708 1832 3775 concidas,
1888 3707 2066 3764 fucum

485 3805 771 3846 exstruas:
815 3796 909 3851 sed
942 3798 1032 3851 ubi
1065 3798 1320 3852 vincula?
1363 3800 1449 3853 ubi
1482 3801 1694 3870 alapa}?
1735 3803 1822 3855 ubi
1875 3803 2069 3872 Spllltl?

477 3887 573 3941 nli
602 3887 633 3941 tl
655 3887 843 3957 agello,
880 3888 970 3941 ubi
999 3889 1330 3955 patibulum?
1362 3892 1449 3944 ubi
1484 3895 1661 3948 mors?
1693 3894 1760 3948 Et
1798 3910 1918 3949 cum
1952 3895 2069 3951 lucc

476 3980 837 4049 0tunia,‘qu:n
866 3979 976 4034 dixi
1008 3982 1219 4049 feceris,
1244 3983 1311 4035 ab
1343 3983 1635 4039 Eustochio
1660 3986 1929 4057 Patllaqtle
1954 3990 2070 4043 vin-

475 4072 640 4125 CCris.
677 4070 799 4125 llaec
845 4070 987 4137 dico,
1020 4088 1126 4128 non
1170 4074 1312 4143 quod
1357 4074 1423 4129 de
1472 4077 1669 4133 ardore
1717 4080 1917 4134 tuentis
1964 4089 2068 4134 tute

474 4164 764 4233 quidquam
789 4165 1052 4235 dubitem,
1095 4166 1188 4222 sed
1213 4168 1357 4239 quod
1390 4178 1701 4225 currentem
1736 4172 2017 4243 impellam
2050 4189 2065 4229 :

472 4264 529 4311 et
552 4258 750 4313 acriter
777 4257 1053 4315 dimicanti
1084 4259 1354 4317 fervorem
1384 4277 1631 4333 augeam.

1050 4395 1276 4455 CAPUT
1314 4397 1487 4453 XXX.

740 4503 821 4560 De
863 4508 1161 4579 pwnitenfia
1196 4519 1241 4562 et
1282 4511 1639 4565 misericordia
1684 4511 1803 4566 Dei.

546 4618 764 4689 Arripe,
789 4638 992 4691 quzrso,
1026 4625 1394 4687 occasionem,
1430 4638 1481 4679 et
1517 4627 1599 4682 fac
1633 4629 1701 4683 de
1741 4631 2072 4687 necessitate

472 4710 747 4766 virtutem.
796 4714 913 4769 Non
942 4724 1258 4784 qumruntnr
1304 4717 1358 4772 in
1390 4718 1715 4775 Christianis
1758 4722 1929 4789 initia,
1974 4724 2070 4780 scd

468 4803 609 4859 finis.
641 4804 838 4861 Paulus
895 4808 1036 4864 male
1083 4811 1281 4878 cmpit,
1327 4810 1424 4866 sed
1480 4812 1620 4869 bene
1643 4814 1859 4883 ;linivit.
1917 4816 2073 4873 Jud;e

469 4895 756 4953 laudantur
785 4900 957 4966 initia,
1010 4902 1104 4956 sed
1149 4902 1271 4957 ﬁnis
1307 4904 1610 4972 proditione
1656 4906 1964 4964 damnatur.
2005 4910 2074 4968 Et

466 4989 593 5042 licet
626 4991 763 5044 Deus
794 5008 901 5047 non
923 4992 1055 5049 velit
1082 5007 1317 5049 mortem
1351 4999 1675 5066 peccatoris,
1710 5000 1806 5055 sed
1842 5011 1898 5054 ut
1925 5016 2063 5057 con-

466 5092 713 5137 vertatur
755 5095 809 5139 et
860 5086 1047 5143 vivat:
1098 5097 1275 5145 tamen
1320 5091 1530 5161 tepidos
1573 5094 1720 5164 odit,
1773 5107 1828 5151 et
1874 5098 1983 5153 cito
2012 5101 2062 5155 ei

466 5189 725 5229 nauseam
758 5176 978 5232 faciunt.
1002 5180 1209 5251 Cuique
1233 5184 1353 5252 plus
1385 5185 1696 5252 dimittitur,
1727 5190 1844 5257 plus
1865 5190 2061 5261 diligit.

469 5269 623 5325 Unde
673 5272 931 5326 meretrix
979 5272 1072 5329 illa
1117 5276 1315 5330 Christi
1361 5277 1612 5335 dilectrix
1663 5282 1715 5335 in
1768 5282 2065 5353 Evangelio

464 5361 757 5431 baptizata,
798 5363 1076 5434 lacrymis,
1125 5376 1178 5420 et
1209 5368 1381 5438 crine,
1416 5387 1521 5440 quo
1566 5373 1763 5427 multos
1799 5385 1927 5429 ante
1976 5392 2067 5432 ce-

471 5462 643 5522 perat,
681 5454 845 5524 pedes
878 5455 1092 5512 Domini
1124 5467 1360 5530 tergens,
1394 5461 1598 5517 salvata
1626 5473 1711 5520 est
1747 5464 1900 5536 (Luc.
1946 5468 2062 5539 vu).

465 5544 581 5600 Non
610 5546 827 5616 quidem
858 5546 1042 5604 habuit
1069 5550 1374 5621 crispantes
1403 5553 1615 5622 mitras,
1649 5571 1749 5613 nec
1774 5557 2069 5618 stridentes

466 5806 476 5812 .
541 5750 567 5779 ⁸
608 5741 1282 5819 Adduntalit,Dominum
1308 5754 1692 5833 recognoscitis.

2172 3244 2315 3297 citur
2346 3243 2508 3298 Deus.
2545 3241 2702 3297 Unde
2730 3242 2784 3296 in
2841 3240 3130 3296 Ezechiele
3171 3240 3243 3296 ad
3270 3239 3578 3296 Jerusalem
3606 3256 3619 3292 :
3651 3235 3779 3291 lam

2171 3350 2273 3388 non
2305 3335 2501 3388 irascar
2529 3333 2639 3398 tibi,
2672 3315 2814 3387 zelus
2857 3341 2977 3388 tuus
3006 3334 3212 3388 recessit
3237 3351 3270 3387 a
3297 3349 3398 3388 me.
3435 3332 3546 3389 Sed
3578 3346 3773 3388 revera

2173 3428 2316 3484 Deus
2345 3428 2651 3483 hominibus
2679 3440 2785 3481 non
2815 3426 3089 3492 irascitur,
3119 3427 3216 3482 sed
3247 3426 3396 3482 vitiis
3426 3443 3438 3479 :
3477 3439 3603 3496 quas
3649 3438 3773 3480 cum

2173 3522 2227 3577 in
2262 3521 2479 3576 homine
2509 3535 2615 3575 non
2644 3519 2869 3583 fuerint,
2901 3534 3246 3591 nequaquam
3274 3518 3452 3591 punit.

2245 3616 2419 3671 Habet
2438 3624 2618 3670 autem
2648 3614 2725 3669 ira
2754 3614 2849 3669 Dei
2871 3630 3181 3682 mensuras,
3201 3623 3464 3684 quantum
3487 3622 3545 3670 et
3568 3622 3775 3684 quanto

2172 3718 2438 3780 tempore,
2471 3718 2526 3764 et
2553 3709 2621 3763 ob
2663 3722 2801 3778 quas
2846 3722 3061 3777 causas,
3113 3715 3171 3762 et
3211 3707 3407 3777 quibus
3461 3706 3771 3762 inferatur:

2166 3803 2319 3874 juxta
2350 3802 2475 3856 illud
2506 3800 2649 3873 quod
2681 3800 2941 3871 scriptum
2969 3809 3053 3855 est
3086 3817 3099 3854 :
3133 3799 3340 3855 Cibabis
3370 3815 3465 3854 nos
3512 3816 3646 3870 pane
3689 3800 3772 3853 la-

2173 3912 2465 3967 cryntarum
2496 3897 2550 3949 in
2581 3910 2847 3955 mensura.
2906 3893 3335 3949 Misericordiam
3381 3893 3548 3963 igitur
3576 3909 3606 3946 a
3656 3892 3768 3947 Deo

2148 3989 2544 4058 consequitur,
2576 3986 2754 4057 quise
2783 3996 2933 4057 putat
2968 4000 3092 4042 esse
3137 3988 3419 4043 miserum.
3452 3985 3585 4041 Nam
3634 3985 3778 4040 Deus

2171 4081 2261 4152 qui
2306 4080 2473 4135 nullis
2515 4079 2719 4134 viribus
2749 4078 2993 4149 superari
3042 4088 3241 4148 potest,
3291 4078 3566 4149 publicani
3598 4087 3775 4133 tamen

2173 4173 2423 4244 precibus
2453 4171 2709 4227 vincitur.
2749 4170 2962 4237 Quanto
3004 4186 3134 4241 ergo
3184 4180 3435 4241 tempore
3484 4179 3539 4225 te
3590 4184 3778 4225 errare

2172 4265 2348 4334 nosti,
2381 4274 2582 4336 quanto
2606 4273 2850 4334 tempore
2872 4263 3144 4334 deliquisti
3175 4280 3189 4317 :
3219 4274 3367 4318 tanto
3401 4272 3651 4334 tempore
3674 4263 3773 4317 hu-

2170 4359 2321 4414 milia
2351 4358 2582 4429 teipsum
2618 4358 2765 4411 Deo:
2816 4365 2871 4411 et
2912 4354 3215 4411 satisfacito
3242 4356 3294 4411 ei
3339 4356 3394 4411 in
3425 4354 3773 4411 confessione

2170 4452 2527 4523 paenitentiae.
2555 4449 2816 4518 Quoniam
2863 4450 2957 4521 qui
3004 4458 3259 4521 peccator
3286 4460 3371 4506 est
3400 4451 3581 4521 aliqua
3613 4449 3777 4505 sorde

2096 4558 2148 4618 ι)
2176 4545 2494 4606 maculatus,
2526 4544 2594 4598 de
2624 4542 2864 4598 Ecclesia
2888 4542 3089 4597 Christi
3125 4558 3233 4597 non
3262 4552 3442 4613 potest
3471 4542 3771 4613 appellari,

2177 4651 2276 4692 nec
2300 4636 2516 4691 Christo
2545 4634 2819 4704 subjectus
2847 4634 2973 4688 dici.
2997 4633 3168 4703 Igitur
3200 4636 3326 4705 quia
3356 4634 3670 4689 erravimus
3690 4634 3779 4705 ju-

2175 4744 2364 4794 venes,
2394 4729 2754 4782 emendemur
2783 4741 2965 4793 senes,
2992 4727 3284 4797 jungamus
3306 4727 3565 4799 gemitus,
3620 4735 3678 4782 et
3704 4728 3779 4780 la-

2176 4836 2391 4894 crymas
2431 4820 2773 4889 copulemus,
2803 4820 3017 4888 culpam
3065 4819 3389 4889 simpliciter
3434 4818 3774 4874 conﬁtendo.

2177 4913 2309 4969 Nam
2352 4912 2442 4982 qui
2488 4922 2607 4983 post
2637 4912 2845 4980 lapsum
2894 4922 3242 4981 peccatorum
3272 4911 3338 4965 ad
3367 4925 3555 4966 veram
3599 4911 3779 4981 posui-

2179 5005 2406 5061 tentiam
2447 5018 2506 5058 se
2554 5003 2869 5057 convertit:
2913 5002 3021 5057 cito
3068 5016 3098 5056 a
3146 5002 3539 5058 misericordiae
3592 5001 3778 5073 judice

2172 5099 2385 5155 veniam
2438 5096 2787 5166 impetrabit:
2820 5096 3077 5165 quoniam
3123 5095 3265 5166 apud
3298 5096 3468 5151 Deum
3511 5110 3618 5150 non
3661 5104 3774 5147 tam

2172 5191 2314 5247 valet
2344 5206 2598 5245 mensura
2628 5189 2909 5259 temporis,
2960 5203 3118 5258 quam
3152 5189 3356 5245 doloris
3389 5207 3401 5242 :
3455 5201 3553 5243 nec
3597 5186 3773 5241 absti-

2172 5282 2351 5337 nentia
2390 5291 2597 5337 tantum
2647 5280 2931 5346 ciborutn,
2984 5290 3245 5350 quantum
3288 5278 3641 5337 mortiﬁcatio
3691 5280 3774 5336 vi-

2174 5375 2392 5431 tiurum.

2246 5466 2357 5523 Sed
2397 5473 2453 5521 et
2500 5480 2755 5537 magnum
2803 5476 3084 5537 peccatum
3137 5467 3347 5538 magnis
3396 5466 3777 5538 diuturnisque

2176 5558 2505 5616 cruciatibus
2552 5558 2739 5628 luitur,
2771 5560 3036 5632 culpaque
3066 5559 3201 5631 legis
3250 5560 3537 5631 praesentis
3566 5559 3776 5632 suppli-
