4012 6190
239 224 345 293 383

991 219 1299 293 REGULE
1338 220 1822 289 MONACHORUM
1866 219 2311 287 APPROBATIO
2350 217 2639 287 MARTINI
2681 223 2748 285 ν.

3446 226 3551 289 386

241 356 324 407 cio
354 358 707 425 compensata
737 349 827 408 sit.
858 354 921 409 Et
948 353 1028 408 sic
1057 367 1307 422 magnum
1338 358 1622 420 peceatum
1648 364 1836 418 magna
1866 348 1918 409 Α
1941 345 1985 400 si
2004 345 2285 419 imperitus
2306 363 2422 399 sum
2463 361 2721 412 sermone,
2758 341 2930 415 inquit
2966 340 3286 414 Apostolus,
3330 344 3423 398 sed
3447 362 3551 400 non

240 445 448 517 indiget
480 446 877 503 misericordia.
912 448 1179 502 Conclusit
1202 446 1345 501 enim
1379 444 1522 499 Deus
1551 444 1722 497 omnia
1747 440 1837 495 sub

240 550 471 611 peccato,
515 549 569 593 ut
612 543 845 595 omnibus
886 542 1189 595 misereatur
1220 538 1409 611 (Rom.
1452 554 1529 604 xt,
1573 536 1698 609 δὲ).
1733 534 1838 591 Sed

238 629 440 687 frustra
472 647 609 688 voce
638 631 763 704 [Αι.
794 631 1147 703 paenitentia]
1183 631 1499 696 assumitur,
1551 629 1597 684 si
1630 643 1841 699 perma-

239 732 373 780 nent
400 739 587 794 opera.
620 725 728 783 Sed
759 741 829 781 ne
856 726 1061 781 diutius
1086 724 1421 793 pertraham,
1449 722 1650 778 habeto
1675 738 1838 792 pauca

237 832 336 887 pro
381 818 629 887 pluribus
662 838 676 871 :
707 818 763 873 in
812 819 1012 888 quibus
1046 833 1153 873 non
1197 828 1305 871 tam
1360 816 1494 871 ordo
1536 814 1836 886 queritur,

234 924 396 979 quam
427 909 727 981 profectus.
767 912 881 981 Age
925 925 1083 980 ergo,
1133 921 1189 964 ιιι
1218 924 1375 976 cave,
1408 924 1588 970 curre,
1618 906 1836 962 festina.

234 1006 372 1073 Age,
425 1012 483 1057 ut
531 1004 586 1058 in
634 1002 736 1058 hac
786 1002 1174 1073 spiritualitate
1222 1000 1478 1071 proficias
1511 1018 1522 1051 :
1554 996 1720 1062 Cave,
1772 1013 1839 1052 nc

234 1103 379 1173 quod
410 1104 671 1174 accepisti
717 1104 944 1172 bonum,
988 1103 1235 1157 incautus
1264 1108 1319 1155 et
1346 1098 1624 1168 negligens
1655 1106 1837 1151 custos

233 1198 455 1253 amittas
487 1218 499 1253 :
528 1198 721 1265 Curre,
753 1206 812 1252 ut
842 1213 948 1251 non
979 1197 1223 1265 negligas
1255 1212 1267 1247 :
1296 1193 1509 1248 Festina
1533 1232 1548 1257 ,
1586 1199 1646 1244 ut
1679 1190 1824 1245 cele-

236 1290 349 1343 rius
374 1288 819 1357 comprehendas.
849 1287 981 1342 Nam
1031 1287 1263 1356 coepisse
1302 1283 1593 1337 multorum
1628 1280 1835 1336 estzad

233 1380 441 1434 culmen
472 1382 781 1451 pervenisse
822 1394 1139 1450 paucorum.
1186 1373 1828 1439 TribuattiblChristus,

235 1480 292 1525 ut
320 1472 529 1539 audias,
559 1481 612 1528 et
646 1480 846 1541 taceas,
880 1479 935 1526 et
963 1470 1254 1541 intelligas,
1288 1476 1345 1524 et
1372 1466 1452 1522 sic
1482 1466 1742 1537 loquaris.

790 1603 1022 1662 CAPUT
1061 1601 1259 1658 XXXI.

631 1717 787 1774 Finis
824 1718 1137 1774 concludens
1175 1716 1429 1790 regulam.

301 1833 369 1889 Et
396 1834 657 1906 quoniam
690 1835 763 1889 ita
796 1850 856 1890 se
879 1844 1070 1890 natura
1102 1833 1288 1899 habet,
1322 1842 1378 1887 ut
1417 1846 1603 1887 amara
1635 1830 1706 1885 sit
1735 1846 1830 1886 vc-

230 1930 389 1996 ritas,
442 1938 498 1983 et
541 1926 741 1984 blanda
776 1929 909 1983 vitia
956 1928 1359 1993 existimentur,
1410 1936 1467 1980 ut
1517 1925 1719 1979 Paulus
1758 1926 1832 1979 ait

226 2018 515 2086 apostolus
546 2036 560 2072 :
590 2016 841 2072 Inimicus
879 2018 1019 2073 vobis
1076 2022 1246 2089 factus
1301 2034 1415 2071 sum
1450 2033 1626 2071 verum
1659 2016 1832 2070 dicens

234 2108 449 2181 (Calai.
484 2126 564 2177 tv,
598 2110 694 2181 6);
728 2112 872 2167 unde
903 2122 957 2167 et
1002 2112 1125 2183 quia
1172 2110 1478 2167 Salvatoris
1522 2110 1654 2164 dura
1685 2110 1835 2164 vitle-

232 2204 429 2260 bantur
493 2204 749 2275 eloquia,
813 2206 1031 2275 plurimi
1078 2205 1477 2275 discipulorum
1536 2215 1833 2258 retrorsum

233 2298 487 2352 abierunt
521 2315 532 2348 :
566 2311 673 2351 non
710 2296 904 2352 mirum
934 2306 1046 2363 est,
1095 2297 1141 2353 si
1173 2307 1232 2353 et
1262 2311 1361 2351 nos
1411 2295 1514 2366 ipsi
1564 2296 1710 2349 vitiis
1742 2294 1835 2350 de-

233 2391 535 2456 trahentes,
561 2389 889 2446 oll‘ettdimus
920 2390 1208 2459 plurimos.
1241 2388 1497 2459 Disposui
1527 2397 1706 2442 tamen
1738 2402 1831 2441 na-

232 2498 345 2537 sum
396 2497 586 2538 secare
634 2483 893 2539 fetentem
928 2501 939 2537 :
976 2484 1169 2538 timeat
1214 2483 1306 2552 qui
1357 2492 1669 2536 strumosus
1721 2490 1827 2535 est.

235 2574 369 2644 Quid
399 2584 578 2631 tamen
605 2575 673 2629 ad
703 2584 754 2631 te
782 2577 874 2646 qui
904 2575 1158 2646 intelligis
1183 2584 1235 2629 te
1266 2574 1644 2629 innocentem?
1664 2571 1834 2627 Nemo

232 2666 594 2737 reprehendat
632 2667 775 2737 quod
820 2667 1028 2737 aliquos
1067 2675 1160 2721 aut
1199 2665 1502 2731 laudamus,
1530 2672 1622 2718 aut
1650 2664 1833 2733 carpi-

233 2774 347 2813 mus
370 2777 385 2825 ;
410 2774 531 2815 cum
564 2768 621 2815 et
649 2759 703 2814 in
742 2760 1032 2828 arguendis
1064 2758 1223 2813 malis
1252 2756 1323 2813 sit
1349 2756 1628 2828 correptio
1666 2765 1834 2811 caete-

232 2865 433 2917 rorum,
466 2860 524 2905 et
552 2851 604 2905 in
645 2850 864 2921 optimis
909 2850 1271 2920 prmdicandis
1314 2850 1441 2904 boni
1479 2849 1543 2903 ad
1576 2849 1834 2903 virtutum

232 2941 403 2995 studia
431 2941 793 2997 concitentur.
826 2940 934 2995 Nos
962 2940 1128 3008 enim,
1179 2953 1236 2995 ut
1270 2941 1444 3004 scitis,
1477 2939 1833 2995 Hebrazorum

231 3036 464 3091 lectione
490 3035 723 3101 detenti,
765 3036 815 3089 in
842 3034 1027 3088 Latina
1071 3034 1252 3105 lingua
1284 3032 1586 3102 rubiginem
1619 3032 1837 3088 induxi-

1941 438 2151 491 scienlia
2183 438 2265 511 (ll
2293 436 2413 495 Cor.
2438 454 2512 504 XI,
2549 436 2644 508 6).
2680 435 2765 491 llli
2788 449 3079 507 utrumque
3110 450 3215 491 non
3253 434 3462 503 deerat,
3491 446 3548 493 et

1940 546 2107 585 unum
2152 531 2432 587 humiliter
2476 530 2765 587 renuebat.
2798 529 2965 586 Nobis
3010 539 3303 601 utrumque
3350 529 3544 587 deest:

1941 625 2068 695 quia
2092 633 2148 679 et
2168 624 2313 696 quod
2337 626 2485 695 pueri
2511 625 2797 696 plausibile
2825 626 3208 692 habueramus,
3237 624 3547 684 amisimus:

1943 732 2044 773 nec
2087 717 2371 773 scientiam
2421 733 2583 788 quam
2614 718 2958 785 volebamus,
3004 715 3290 772 consecuti
3335 732 3541 785 sumus,

1937 808 2097 879 juxta
2134 808 2491 881 IEsopianam
2524 809 2765 865 fabulam
2800 826 2816 865 :
2847 810 2976 865 dum
3022 824 3217 880 magna
3249 819 3544 879 sectamur,

1942 908 2107 961 etiam
2142 907 2348 961 minora
2383 905 2681 976 perdimus.

2012 998 2132 1053 Non
2164 999 2637 1069 prolongabuntur
2662 999 2802 1055 ultra
2827 1013 3107 1055 sermones
3131 999 3234 1056 mei
3260 1014 3551 1071 quoscum-

1939 1106 2045 1159 que
2076 1090 2291 1161 loquor.
2338 1092 2411 1145 Ea
2442 1101 2665 1162 pr0pter
2702 1108 2923 1161 moneo,
2957 1100 3012 1147 et
3040 1092 3176 1147 flens
3215 1107 3547 1163 gemensque

1938 1190 2241 1243 contestor.
2278 1191 2334 1235 ut
2363 1183 2490 1238 dum
2523 1184 2683 1252 hujus
2716 1183 2905 1237 mundi
2939 1182 3077 1237 viam
3109 1186 3409 1248 currimus,
3439 1201 3545 1239 non

1940 1273 2153 1330 duabus
2186 1274 2413 1340 tunicis,
2445 1275 2494 1329 id
2527 1286 2633 1341 est,
2668 1276 2876 1345 duplici
2904 1278 3087 1331 animo
3114 1275 3235 1347 [AL
3271 1274 3415 1348 ﬁde]
3449 1292 3544 1333 ve-

1938 1368 2170 1422 stiamur
2216 1384 2231 1426 ;
2273 1383 2382 1422 non
2429 1367 2927 1423 calceamentorum
2978 1368 3227 1437 pedibus,
3282 1368 3544 1424 videlicet

1938 1466 2196 1532 operibus
2245 1478 2650 1533 prmgravemur
2688 1480 2702 1517 :
2746 1478 2852 1518 non
2898 1462 3216 1517 divitiarum
3261 1478 3429 1517 onera
3478 1464 3544 1517 ad

1938 1565 2139 1611 terram
2174 1565 2422 1628 premant
2451 1573 2465 1611 :
2492 1572 2598 1612 non
2632 1557 2821 1627 virgm,
2861 1556 2967 1612 hoc
3003 1567 3108 1623 est,
3144 1557 3404 1627 potentia:
3445 1573 3548 1612 sa:-

1938 1652 2166 1721 cularis,
2200 1663 2472 1723 quaeratur
2513 1652 2781 1707 auxilium
2819 1670 2833 1708 :
2871 1667 2977 1707 non
3023 1652 3223 1722 pariter
3262 1650 3543 1707 Christum

1867 1738 1912 1800 B
1939 1744 2169 1799 velimus
2200 1745 2397 1799 habere
2421 1753 2477 1799 et
2505 1745 2762 1801 smeulum
2793 1762 2807 1799 :
2832 1745 2926 1800 sed
2960 1762 3057 1816 pro
3082 1746 3340 1802 brevibus
3370 1757 3426 1801 et
3451 1762 3547 1801 ca-

1934 1835 2087 1888 ducis
2115 1843 2316 1890 :cterna
2367 1836 2684 1891 succedant.
2734 1836 2841 1892 Sed
2886 1846 2940 1892 et
2971 1852 3165 1907 precor
3206 1837 3297 1907 qui
3348 1836 3536 1893 ﬁdeles

1935 1926 2087 1993 cStis,
2130 1935 2186 1981 ut
2216 1929 2289 1981 ita
2332 1928 2495 1981 vitam
2539 1938 2779 1983 nostram
2822 1939 2879 1985 et
2912 1932 3385 1985 conversationem
3428 1946 3545 1986 ser-

1935 2020 2096 2081 vetis,
2128 2034 2195 2073 ne
2228 2019 2277 2073 in
2312 2019 2426 2089 ipsa
2455 2020 2540 2075 vel
2588 2019 2693 2089 ipsi
2740 2021 3058 2076 scandalum
3105 2022 3415 2091 patiamini,
3445 2023 3533 2077 vel

1936 2110 2057 2163 aliis
2084 2109 2400 2164 scandalum
2433 2110 2644 2165 faciatis
2677 2128 2689 2164 :
2717 2112 2810 2166 sed
2840 2112 2909 2165 sit
2932 2112 2983 2165 in
3016 2112 3172 2167 vobis
3210 2115 3407 2167 summi
3431 2125 3546 2169 stu-

1937 2202 2033 2267 dii,
2063 2218 2395 2271 summmque
2426 2203 2655 2257 cautela:
2684 2219 2698 2256 :
2728 2219 2795 2257 ne
2822 2202 2942 2273 quis
2967 2203 3018 2257 in
3054 2204 3193 2257 hanc
3228 2214 3542 2260 sanctorum

1938 2295 2420 2363 congregationem
2466 2294 2700 2363 pollutus
2742 2294 3021 2349 introeat:
3056 2311 3124 2350 ne
3161 2294 3406 2365 quisquis
3454 2297 3545 2352 .le-

1935 2386 2154 2442 husmus
2199 2386 2404 2441 habitet
2452 2388 2502 2440 in
2538 2387 2711 2443 vobis.
2772 2388 3035 2443 Dotninus
3080 2388 3238 2444 Jesns
3288 2399 3540 2445 conterat

1939 2478 2194 2534 Satanam
2230 2481 2329 2533 sub
2366 2479 2595 2547 pedibus
2626 2483 2825 2535 vestris
2858 2497 2869 2532 :
2905 2489 2961 2535 et
2996 2481 3297 2536 incolumes
3344 2497 3462 2547 vos,
3491 2492 3547 2537 et
3604 2476 3607 2481 ’

1938 2572 2150 2643 prolixa
2180 2582 2339 2627 :ctate
2380 2572 2661 2638 florentes,
2702 2574 2953 2629 Christus
3000 2574 3140 2630 Deus
3172 2589 3358 2631 noster
3392 2586 3539 2630 tuea-

1942 2675 2026 2717 tur
2050 2664 2414 2733 mnnipatens.
2450 2663 2556 2719 Sed
2588 2672 2642 2719 et
2682 2664 2923 2734 Spiritus
2959 2676 3183 2721 sanctus
3213 2669 3371 2721 nobis
3403 2683 3545 2737 prte-

1939 2764 2087 2810 starc
2122 2757 2404 2825 dignetur,
2440 2766 2499 2810 ut
2528 2757 2582 2810 in
2616 2756 2717 2811 hoc
2760 2756 2960 2812 stt-culo
2990 2758 3224 2815 factores
3257 2760 3545 2815 mandato-

1941 2866 2059 2903 rum
2094 2864 2317 2901 suorum
2352 2849 2553 2913 ellecti,
2589 2849 2641 2903 in
2676 2850 2836 2918 hujus
2872 2851 2993 2906 vita:
3023 2867 3195 2920 agone
3234 2852 3465 2920 probati,
3492 2862 3547 2907 et

1943 2942 2131 2997 ﬁdeles
2170 2943 2371 2997 inventi
2404 2943 2778 3011 spiritualihns
2819 2944 3086 2998 fructibus
3116 2946 3351 3012 tlilatati,
3387 2954 3409 2980 ⁸
3455 2960 3548 2999 sn-

1944 3034 2129 3105 pernis
2173 3050 2483 3090 mereamur
2528 3036 2746 3104 adiungi
2792 3038 3175 3091 concentibus.
3224 3037 3326 3106 Ipsi
3364 3038 3542 3105 gloria

232 3143 352 3183 mus
378 3146 392 3184 :
416 3129 685 3183 intantum
710 3136 767 3181 ut
792 3127 1136 3196 loquentibus
1157 3141 1372 3196 quoque
1395 3124 1593 3179 stridor
1615 3124 1832 3194 quidam
1863 3132 1909 3195 ε
1941 3137 1995 3181 et
2026 3128 2307 3197 imperium
2340 3142 2463 3181 cum
2490 3129 2679 3183 eodem
2698 3128 2904 3200 Spiritu
2930 3139 3121 3185 sancto
3144 3131 3197 3183 in
3220 3138 3412 3184 cuncta
3438 3142 3548 3185 sa:-

233 3237 339 3277 non
372 3221 598 3277 Latinus
625 3222 1001 3291 interstrepat.
1031 3218 1186 3275 Unde
1227 3219 1444 3290 ignosce
1472 3216 1733 3273 ariditati.
1765 3215 1833 3271 Et

1943 3220 2061 3275 cula
2092 3221 2439 3277 surculorum.
2483 3221 2681 3279 Amen.

305 3367 330 3395 ⁸
368 3357 496 3413 Erat
516 3366 698 3425 antea,
743 3358 821 3411 his
858 3355 1234 3411 continentibus
1275 3371 1564 3410 mereamur
1588 3356 1849 3427 adjungi:
1879 3356 1997 3430 ipsi,
2027 3366 2134 3414 etc.

234 3508 3119 3533 Μ

3135 3513 3519 3539 -—-——-——-

614 3618 1224 3705 APPENDIX
1298 3619 1458 3702 AD
1536 3617 2131 3702 REGULAM
2207 3617 3157 3708 PR/ECEDENTEM.

1710 3772 2061 3791 ———

484 3915 775 3974 MARTINI
805 3916 849 3972 γ
900 3917 961 3972 Ρ.
992 3916 1067 3973 Μ.
1100 3914 1558 3972 APPROBATIO.

308 4010 566 4067 Martinus
610 4010 901 4081 cpiscopus
942 4024 1133 4064 servus
1179 4024 1463 4064 servorum
1502 4008 1596 4063 Dei
1636 4006 1835 4064 dilecto

240 4104 353 4159 lilio
396 4104 548 4175 Lupo
595 4103 665 4159 de
697 4103 919 4159 Olmeto
950 4144 964 4169 ,
1013 4102 1306 4173 praeposito
1353 4102 1593 4170 generali
1628 4101 1835 4156 ordinis

243 4199 627 4254 monachorum
660 4198 718 4253 S.
753 4196 1105 4267 Hieronymi,
1132 4196 1365 4251 salutem
1389 4205 1445 4252 et
1482 4196 1834 4266 apostolicam

240 4289 694 4347 benedictionem.

320 4386 376 4440 l.
416 4384 507 4438 Pia
533 4400 632 4439 nos
662 4386 881 4455 excitat,
915 4394 969 4441 et
999 4385 1205 4441 inducit
1237 4382 1474 4450 aﬂeetio,
1518 4391 1577 4437 ut
1606 4383 1838 4438 sincerze

240 4477 542 4533 devotionis
586 4480 941 4549 propositum,
995 4495 1103 4549 quo
1153 4478 1365 4547 gloriosi
1411 4478 1471 4532 S.
1524 4476 1835 4547 Hieronymi

245 4569 549 4624 doctrinam
591 4579 645 4624 et
685 4572 852 4623 vitam
888 4569 1237 4625 monachales
1268 4569 1466 4622 imitari
1497 4568 1836 4638 contempla-

1938 3930 2100 3986 quem
2155 3916 2274 3987 ipse
2312 3916 2374 3973 S.
2424 3917 2788 3994 Hieronymus
2828 3937 2950 3979 cum
2999 3924 3115 3982 suis
3167 3930 3446 3985 monachis
3492 3940 3549 3988 et

1940 4008 2199 4065 fratribus
2220 4011 2525 4082 professum
2546 4013 2737 4081 fuisse,
2766 4026 2821 4071 et
2850 4017 2904 4071 in
2928 4021 3197 4074 communi
3224 4022 3547 4081 observasse

1940 4104 2288 4174 perhibetur,
2322 4110 2527 4177 vivere,
2562 4120 2618 4165 et
2658 4120 2717 4165 ut
2746 4126 2944 4168 nomen
2996 4114 3270 4184 gerebatis
3300 4115 3544 4184 ejusdem

1943 4198 2140 4263 sancti,
2183 4200 2265 4255 sic
2304 4201 2422 4269 ejus
2453 4203 2642 4271 vitam,
2676 4206 2940 4275 regulam,
2971 4216 3026 4261 et
3056 4222 3222 4275 opera
3266 4208 3547 4265 desidera-

1939 4288 2081 4345 batis
2109 4292 2331 4347 imitari.
2362 4293 2477 4349 Nus
2520 4304 2647 4351 tunc
2679 4296 2987 4367 hujusmodi
3034 4301 3370 4369 propositum
3414 4318 3547 4358 con-

1941 4381 2187 4452 dignum,
2220 4395 2272 4439 et
2304 4385 2503 4441 rationi
2534 4404 2840 4444 consonum
2876 4404 3247 4460 recensentes,
3284 4394 3376 4447 tibi
3408 4395 3549 4452 inter

1940 4484 2159 4545 extera,
2186 4488 2243 4531 ut
2282 4481 2521 4549 regulam
2556 4481 2772 4537 vivendi
2816 4484 2868 4537 in
2899 4484 3265 4551 monasteriis,
3319 4489 3369 4539 in
3413 4506 3547 4556 qua-

1939 4568 2061 4623 dam
2102 4572 2329 4641 epistola
2384 4573 2452 4628 ad
2498 4576 2850 4631 Eustochium
2882 4585 2938 4633 et
2984 4578 3271 4645 moniales,
3304 4595 3423 4649 qua:
3463 4582 3546 4638 in-

247 4664 390 4718 tione
431 4662 643 4728 studes,
686 4664 898 4717 assidua
941 4664 1179 4731 paternis
1205 4661 1485 4717 all'eCtihus
1518 4676 1850 4732 prosequen-
1878 4640 1926 4699 θ
1952 4663 2084 4733 cipit
2124 4679 2139 4717 :
2185 4664 2472 4734 Tepescens
2519 4667 2573 4719 in
2614 4670 2851 4721 membris
2895 4668 3182 4739 proclivum
3225 4686 3435 4741 corpus,
3489 4683 3548 4729 ut

248 4764 326 4808 tes
346 4798 360 4823 ,
420 4756 559 4811 votis
603 4754 707 4809 tuis
743 4755 902 4823 justis
929 4764 983 4809 et
1012 4755 1278 4820 honestis,
1305 4768 1402 4823 per
1426 4768 1548 4823 quze
1582 4755 1848 4824 regularis

245 4857 295 4902 et
339 4848 677 4905 monachalis
706 4850 1076 4914 observantia,
1108 4847 1208 4902 sub
1246 4862 1349 4915 qua
1382 4848 1616 4901 Sanctus
1646 4848 1761 4915 ipse
1790 4848 1843 4902 in

247 4938 343 4992 hoc
363 4941 567 4995 saeculo
593 4954 690 4993 sua
729 4939 922 4995 devota
956 4939 1220 4993 altissimo
1249 4935 1565 4993 exhibuisse
1592 4953 1844 5008 compro-

251 5030 407 5086 batur
433 5032 717 5102 obsequia,
749 5034 803 5087 in
831 5032 929 5087 Dei
959 5030 1204 5087 Ecclesia
1237 5031 1546 5101 pr0pagari,
1571 5030 1840 5103 digneque

246 5126 495 5182 venerari
536 5127 743 5197 valeat,
782 5128 1077 5198 benignum
1113 5137 1168 5182 et
1206 5126 1531 5182 benevolum
1558 5127 1835 5196 impertia-

249 5234 365 5273 mur
394 5234 704 5276 assensum.

315 5311 367 5367 2.
414 5312 629 5367 Dudum
660 5312 931 5383 siquidem
955 5314 1097 5368 inter
1121 5312 1224 5368 alia
1249 5312 1315 5367 ad
1341 5320 1584 5369 nostram
1614 5312 1840 5370 audien-

250 5406 375 5460 tiam
405 5406 694 5477 perducto,
736 5407 877 5477 quod
908 5416 983 5474 tu,
1018 5415 1073 5461 et
1115 5408 1361 5479 plerique
1406 5407 1499 5462 alii
1554 5407 1750 5463 fratres
1780 5409 1837 5465 S.

249 5500 567 5572 Hieronymi
610 5502 975 5556 communiter
1030 5502 1359 5572 nuncupati,
1404 5502 1506 5557 sub
1554 5502 1739 5572 regula
1786 5504 1843 5559 S.

254 5594 541 5662 Augustini
588 5591 860 5661 viventes,
895 5592 1015 5649 zelo
1060 5594 1365 5649 devotionis
1406 5596 1643 5659 accensi,
1688 5603 1741 5647 et
1783 5595 1853 5650 ob

1950 4756 2211 4809 asseritur
2238 4755 2469 4821 directa,
2515 4766 2851 4824 contentam,
2885 4769 2937 4813 et
2980 4760 3344 4829 designatum,
3383 4781 3543 4833 quam

1946 4846 2123 4900 dictus
2155 4847 2216 4901 S.
2250 4848 2612 4919 Hieronymus
2656 4860 2781 4905 tunc
2822 4866 2851 4903 a
2896 4851 3174 4922 plerisque
3222 4854 3363 4910 inter
3412 4857 3549 4915 alias

1948 4952 2077 4991 suas
2126 4938 2387 5007 epistolas
2430 4941 2667 4997 edidisse
2704 4952 2761 4997 et
2799 4944 3192 5012 conscripsisse
3239 4948 3543 5022 dicebatur,

1945 5031 2400 5102 quandocumque
2420 5032 2513 5088 tibi
2534 5035 2877 5091 videreturin
2894 5038 3135 5108 regulam
3152 5045 3541 5102 monachorum

1946 5126 2310 5181 Eremitarum
2342 5126 2581 5195 ejusdem
2614 5127 2829 5196 Sancti,
2856 5132 2907 5185 in
2942 5132 3121 5188 locum
3154 5134 3316 5192 diem:
3343 5140 3543 5209 regula:

1947 5220 2005 5276 S.
2038 5218 2323 5287 Augustini
2366 5221 2645 5288 Suscipere
2688 5237 2878 5291 posses
2903 5266 2918 5290 ,
2961 5226 3175 5296 plenam
3207 5242 3261 5284 et
3292 5230 3538 5299 liberam,

1947 5329 2046 5384 per
2066 5313 2200 5367 alias
2219 5321 2432 5368 nostras
2464 5314 2692 5380 litteras,
2710 5331 2841 5386 quas
2863 5329 2918 5374 et
2942 5334 3127 5374 earum
3156 5332 3371 5377 tenores
3402 5340 3547 5392 prte-

1949 5407 2197 5464 sentiLus
2226 5406 2413 5461 haberi
2453 5407 2701 5463 volumus
2724 5426 2821 5480 pro
2848 5416 3142 5481 expressis,
3177 5416 3545 5476 concessimus

1953 5500 2266 5556 facultatem
2288 5517 2301 5554 :
2319 5516 2414 5571 pro
2431 5509 2486 5555 ut
2502 5500 2555 5555 in
2570 5501 2773 5559 eisdem
2789 5504 2984 5561 litteris
2998 5508 3205 5577 plenius
3217 5508 3546 5570 continetur.

2031 5596 2087 5650 5.
2127 5590 2261 5647 Cum
2310 5602 2492 5649 autem
2550 5595 2690 5651 sicut
2728 5598 2968 5657 exhibita
3013 5603 3172 5660 nobis
3225 5620 3399 5677 nuper
3452 5626 3555 5681 pro

257 5684 465 5756 frugem
513 5686 643 5741 vitae
683 5686 927 5742 melioris
978 5690 1182 5743 arctius
1220 5697 1277 5743 et
1316 5688 1607 5759 perfectius
1631 5728 1647 5753 ,
1696 5702 1857 5757 quam
1961 5694 2116 5757 parte
2146 5695 2234 5742 tua
2267 5687 2457 5758 petitio
2486 5690 2822 5759 continebat,
2861 5708 2888 5748 a
2918 5697 3195 5755 nonnullis
3223 5710 3470 5760 vertatur
3501 5707 3556 5764 in

259 5776 448 5858 regula
466 5778 700 5843 dictaret
723 5778 1053 5861 huiusmodi,
1073 5791 1128 5841 et
1146 5780 1203 5840 in
1220 5795 1351 5847 vero
1368 5789 1513 5843 statu
1533 5780 1865 5869 monacliali,

1965 5777 2215 5853 dubium,
2247 5795 2316 5844 an
2357 5781 2475 5860 ipse
2505 5782 2562 5849 S.
2606 5783 2974 5867 Hieronymus
3018 5791 3219 5859 dictam
3268 5794 3557 5883 epistolam
