4050 6198
507 186 614 247 587

1560 186 1617 246 8.
1660 185 2048 246 HIERONYMI
2086 184 2370 246 OPERUM
2408 184 2773 244 MANTISSA.

3706 186 3813 244 388

507 304 771 372 ediderit;
808 313 969 376 tuque
1000 312 1285 374 propterea
1316 302 1528 357 vivendi
1562 318 1807 359 normam
1842 306 1895 358 in
1924 320 2011 368 ea,
2044 312 2099 357 nt
2127 305 2178 364 Α
2206 319 2362 374 quant
2412 302 2653 369 regulam
2695 298 3002 371 lmjusmodi
3052 298 3372 367 tradideris,
3418 301 3817 370 publicaveris,

505 398 797 469 prtefertur
839 400 1124 462 traditam,
1165 412 1262 466 pro
1294 397 1515 451 statutis
1548 395 1829 450 dumtaxat
1860 397 2100 466 ejusdem

506 494 733 559 Ordinis,
768 502 955 547 etnon
1006 491 1246 559 regulam
1299 492 1559 544 hactenus
1616 492 1948 557 susceperis,
2004 490 2099 544 sed

507 586 681 640 stabili
724 584 903 656 potius
957 582 1308 637 fundamento
1358 598 1457 650 pro
1507 582 1851 637 institutione
1903 583 2103 649 regnizc

501 679 741 747 ejusdem
776 677 960 732 Sancti
997 676 1219 744 provide
1254 692 1349 745 per
1379 687 1429 729 te
1457 685 1735 745 suscepto,
1776 692 1841 730 ex
1872 674 2105 730 diversis

500 767 749 837 epistolis
780 776 834 821 et
881 765 1200 821 tractatibus
1233 782 1330 837 per
1369 767 1572 821 dictum
1618 769 1677 823 S.
1712 767 2100 839 llierOnymum

502 861 683 923 editis,
714 870 763 916 ct
798 876 893 931 per
925 861 1223 915 Ecclesiam
1256 861 1592 931 approbatis,
1627 864 1883 917 nonnulla
1916 879 2101 918 veram

498 954 778 1024 religionis
811 954 1143 1023 doctrinam,
1185 957 1463 1027 vitamque
1506 957 1906 1026 tnonachalem,
1941 975 2101 1030 quam

496 1046 641 1102 idem
670 1046 902 1102 Sanctus
928 1062 1050 1103 cum
1077 1050 1190 1103 suis
1221 1050 1504 1104 monachis
1535 1061 1589 1105 et
1626 1050 1885 1105 fratribus
1908 1051 1963 1105 in
1988 1054 2105 1119 ejus

495 1137 597 1193 vita
631 1139 682 1193 in
732 1142 1037 1206 communi,
1070 1156 1181 1209 quo
1214 1140 1280 1195 ad
1328 1156 1389 1195 ea
1438 1158 1559 1210 qua:
1613 1142 1938 1211 principalia
1975 1152 2106 1198 sunt.

495 1243 690 1300 status,
724 1244 777 1289 et
806 1234 936 1289 vita:
966 1233 1329 1301 monachalis,
1378 1251 1473 1306 per
1502 1236 1668 1290 ntulta
1716 1248 1770 1291 et
1812 1251 1986 1307 usque
2036 1237 2104 1291 ad

494 1324 673 1379 obitus
702 1324 786 1379 sui
834 1336 1081 1393 tempora
1116 1326 1449 1389 observavit,
1485 1338 1535 1381 et
1565 1328 1785 1399 aliquos
1836 1330 1975 1383 alios
2009 1331 2105 1384 ob-

497 1436 717 1475 servare
752 1419 983 1489 monuit,
1018 1421 1356 1475 continentia
1405 1422 1735 1487 extraxeris,
1770 1424 2108 1493 compilave—

497 1512 595 1577 ris,
633 1521 688 1565 et
716 1511 864 1565 Vcltll
893 1512 944 1565 in
977 1529 1142 1565 unum
1171 1528 1370 1583 corpus
1399 1514 1500 1567 sub
1532 1516 1698 1569 certis
1735 1516 1907 1569 titulis
1945 1516 2105 1570 redit-

495 1606 666 1671 xeris,
711 1605 814 1660 sub
860 1606 1056 1677 quibus
1099 1618 1177 1671 tu,
1225 1618 1280 1663 et
1325 1608 1569 1678 plerique
1619 1609 1708 1663 alii
1752 1610 1998 1663 monachi
2052 1619 2105 1663 et

2208 409 2262 451 ιιι
2299 397 2603 465 praefertur,
2636 410 2699 449 ex
2737 404 2865 449 tunc
2900 405 2977 458 ttt,
3012 394 3245 463 priores,
3282 395 3557 461 monachi,
3596 395 3818 460 fratres,

2206 498 2259 541 et
2293 502 2536 558 [leSHntB
2582 488 2823 557 pra-dicti
2866 486 3094 549 ordinis,
3136 488 3437 541 secundum
3490 488 3639 541 illam
3690 498 3814 542 tota

2208 581 2519 652 principalia
2557 581 2837 650 religionis
2870 579 3176 649 hnjttsntodi
3218 583 3471 636 emittere
3496 621 3511 647 ,
3566 582 3815 651 profiteri

2211 686 2267 730 et
2298 678 2480 730 vivere
2505 676 2821 730 lcneamini.

2279 769 2332 823 7.
2378 767 2591 838 Vosque
2620 776 2675 822 et
2713 781 2895 821 mores
2930 777 3147 822 vestros
3195 774 3303 820 tam
3353 766 3532 823 eidem
3587 767 3816 836 regulae,

2205 878 2367 934 qnam
2394 862 2557 917 etiam
2592 860 2734 916 illius
2766 859 3052 925 doctrinm,
3084 870 3138 914 et
3170 861 3434 914 institutis
3482 860 3535 914 in
3577 859 3812 930 quadam

2207 955 2435 1025 epistola
2463 970 2560 1024 per
2596 964 2847 1009 sanctum
2876 953 3167 1008 Eusebium
3198 952 3525 1022 discipulum
3566 953 3815 1022 ejusdem

2207 1051 2380 1103 sancti
2410 1047 2724 1119 Hieronymi
2756 1046 2820 1099 ad
2858 1048 3145 1099 Damasum
3190 1046 3508 1115 episcopum
3542 1044 3822 1099 Portuen-

2208 1158 2322 1198 sein
2348 1152 2402 1196 et
2428 1141 2781 1195 Theodorum
2812 1141 3114 1194 Romanum
3148 1150 3482 1204 senatorem,
3511 1140 3581 1194 de
3611 1141 3721 1193 vita
3761 1149 3815 1195 et

2208 1236 2448 1292 doctrina
2474 1236 2779 1306 religionis,
2800 1249 2862 1289 ac
2878 1234 3051 1296 obitu,
3073 1242 3127 1288 et
3149 1234 3425 1288 miraculis
3447 1235 3617 1303 ipsius
3640 1234 3815 1288 sancti

2208 1328 2523 1399 Hieronymi
2550 1328 2817 1381 destinata
2847 1327 3138 1390 contentis,
3184 1341 3396 1380 necnon
3425 1343 3519 1396 per
3548 1328 3815 1381 eumdem

2208 1421 2266 1475 S.
2302 1420 2688 1490 Hieronymum
2718 1420 2844 1473 dum
2879 1420 2931 1473 itt
2967 1420 3228 1473 extremis
3261 1429 3442 1488 ageret
3473 1419 3586 1472 suis
3618 1434 3820 1472 mona-

2208 1513 2323 1566 chis
2353 1528 2453 1582 pro
2504 1514 2850 1567 observantia
2898 1510 3160 1581 regulari,
3206 1519 3261 1565 et
3305 1512 3428 1564 vita:
3473 1511 3812 1580 integritate,

2209 1604 2685 1672 sanctimoniaque
2716 1604 2945 1671 relictis,
2976 1606 3321 1659 conformate
3352 1604 3619 1659 debeatis.

496 1698 694 1753 fratres
734 1698 866 1753 dicti
915 1700 1143 1765 ordinis,
1202 1699 1483 1756 Altissimo
1532 1701 1897 1765 concedente,
1951 1701 2103 1758 vobis
2137 1686 2184 1746 Β
2284 1699 2335 1751 8.
2392 1698 2458 1751 Et
2511 1698 2863 1751 nihilominus
2914 1713 2980 1751 ne
3033 1696 3339 1766 ltnjusmodi
3392 1696 3575 1765 regula
3621 1712 3714 1765 per
3762 1708 3815 1753 te

495 1792 659 1845 etiam
688 1807 853 1862 super
898 1792 1001 1847 hoc
1031 1793 1310 1862 apostolici
1347 1793 1547 1848 favoris
1594 1794 1924 1865 suffragante
1965 1811 2102 1862 pra!-

494 1885 655 1947 sidio,
687 1885 755 1941 de
781 1895 979 1940 cancro
1002 1886 1221 1954 degere,
1254 1896 1307 1940 et
1342 1902 1682 1955 permanere,
1718 1903 1782 1941 ac
1815 1888 1903 1943 illa
1935 1888 1988 1943 in
2014 1905 2099 1944 re-

490 1980 668 2049 gulam
694 1976 969 2049 suscipere
1003 1978 1305 2047 proponitis
1333 1990 1386 2032 et
1414 1979 1575 2033 etiam
1605 1977 1889 2034 ail‘ectatis.

562 2074 620 2127 Α.
664 2072 765 2125 Pro
791 2080 944 2141 parte
970 2080 1056 2125 tua
1081 2071 1239 2127 nobis
1263 2071 1359 2126 fuit
1382 2071 1660 2127 humiliter
1706 2074 2094 2143 suttplicatum,

491 2174 549 2218 ιιι
576 2180 670 2233 per
702 2174 753 2219 te
785 2174 1053 2229 exttacta,
1086 2171 1142 2219 et
1171 2164 1483 2233 eompilata,
1519 2164 1571 2218 in
1604 2164 1822 2219 modum
1855 2157 2093 2231 vivendi,

488 2268 539 2312 ct
575 2262 799 2312 formam
832 2258 1032 2327 regula:
1076 2257 1413 2325 hujusmodi,
1461 2258 1553 2311 tibi
1598 2267 1651 2312 et
1687 2259 2097 2313 successoribus

490 2352 595 2407 tuis
644 2352 968 2420 prmpositis,
1004 2366 1067 2405 ac
1110 2352 1385 2415 omnibus,
1423 2360 1477 2404 et
1514 2350 1744 2417 singulis
1788 2350 2091 2419 prioribus,

489 2444 792 2511 monachis,
846 2446 1123 2510 fratribus,
1162 2455 1210 2497 et
1260 2443 1508 2513 personis
1537 2441 1667 2495 dicti
1710 2444 1924 2495 ordinis
1955 2458 2092 2511 pra:-

491 2540 755 2603 sentihns,
793 2548 849 2594 et
885 2538 1099 2603 futuris,
1144 2537 1237 2607 qui
1270 2537 1322 2591 in
1357 2538 1452 2590 illo
1483 2537 1687 2601 vivere,
1719 2546 1775 2590 et
1817 2536 2094 2592 Altissimo

492 2632 740 2687 famulari
774 2633 1047 2685 voluerint
1084 2636 1134 2685 in
1180 2633 1356 2685 locum
1390 2632 1551 2686 dictae
1584 2631 1784 2697 regula:
1828 2632 1885 2686 8.
1914 2636 2095 2703 Augu-

485 2729 611 2783 stini
658 2727 1013 2796 suscipiendi,
1063 2742 1125 2781 ac
1152 2726 1354 2780 dictum
1388 2725 1637 2779 ordinem
1675 2724 1734 2779 S.
1779 2726 2091 2794 llicr0nynti

486 2820 773 2892 profitendi
805 2829 1152 2887 potestatem,
1178 2834 1240 2872 ac
1269 2818 1541 2873 licentiam
1566 2817 1869 2873 concedere
1902 2818 1968 2872 de
1993 2818 2089 2872 be-

489 2914 750 2981 nignitate
786 2912 1079 2982 apos:o‘ica
1112 2912 1477 2981 dignarentur.

560 3007 611 3062 5.
654 3006 762 3061 Nos
793 3008 958 3076 igitur
979 3003 1351 3073 hujuscemodi
1381 3003 1685 3072 regularem
1717 3012 1770 3057 et
1798 3002 2090 3057 monacha-

2206 1788 2550 1857 suscipienda
2579 1828 2593 1850 .
2646 1798 2699 1842 et
2747 1788 2868 1842 aliis
2922 1787 3206 1843 monachis
3255 1788 3514 1842 tradenda
3555 1789 3810 1856 cuiquam

2204 1881 2426 1934 nimium
2464 1882 2644 1949 gravis
2676 1890 2957 1949 appareat,
2998 1891 3095 1935 aut
3125 1895 3356 1935 onerosa
3381 1922 3395 1946 ,
3430 1881 3681 1935 volumus
3702 1923 3716 1944 ,
3747 1890 3806 1935 et

2200 1975 2390 2030 eadem
2436 1974 2533 2027 tibi
2573 1975 2898 2029 auctoritate
2938 1975 3319 2035 concedimus,
3358 1975 3501 2044 quod
3554 1974 3765 2044 priores
3792 2017 3806 2040 ,

2202 2068 2474 2129 monachi,
2511 2067 2736 2137 fratres,
2784 2077 2838 2122 et
2882 2083 3129 2137 persona:
3162 2064 3458 2138 przedicttc,
3504 2077 3598 2121 aut
3627 2068 3700 2120 illi
3742 2084 3809 2122 ex

2200 2163 2301 2225 eis,
2336 2162 2424 2231 qui
2459 2163 2698 2231 regulam
2735 2162 3043 2231 hujusmodi
3076 2163 3454 2229 susceperint,
3489 2160 3634 2214 illam
3659 2204 3673 2227 ,
3709 2168 3807 2214 aut

2200 2256 2464 2320 instituta,
2501 2266 2555 2309 et
2603 2254 2907 2308 doctrinam
2959 2255 3011 2308 in
3059 2256 3289 2325 epistola
3338 2255 3583 2323 ejusdem
3625 2256 3803 2308 sancti

2198 2346 2415 2401 Eusebii
2443 2387 2457 2409 ,
2494 2347 2577 2403 vel
2624 2347 2801 2417 aliqua
2843 2358 3101 2402 contenta
3137 2351 3187 2401 itt
3232 2347 3441 2402 eisde
3469 2349 3805 2417 quandoque

2198 2437 2430 2491 htnnana
2476 2439 2805 2507 fragilitate,
2847 2451 2939 2493 aut
2990 2440 3305 2494 infirmitate
3356 2448 3647 2505 causante,
3700 2456 3802 2497 seu

2196 2530 2332 2583 alias
2379 2539 2485 2583 tam
2527 2539 2716 2585 exacte
2759 2542 2924 2601 prout
2966 2533 3200 2585 traditur
3259 2534 3310 2587 in
3356 2532 3563 2587 eisdem
3609 2533 3805 2589 obser-

2195 2636 2325 2677 vare
2380 2624 2749 2692 nequiverint,
2800 2641 2907 2678 non
2952 2633 3235 2693 propterea
3289 2624 3539 2678 mortalis
3588 2628 3797 2693 peceati

2196 2720 2414 2772 vinculo
2444 2721 2553 2773 sint
2581 2721 2751 2791 ligati,
2776 2721 2873 2776 sed
2906 2738 3001 2790 per
3028 2738 3155 2775 suos
3184 2723 3497 2791 superiores
3524 2724 3798 2792 corporali

2193 2810 2477 2865 dumtaxat
2524 2827 2680 2879 [mna
2707 2856 2720 2879 ,
2755 2828 2856 2882 qua
2900 2816 3153 2882 congruit
3202 2816 3561 2883 procedatnr,
3606 2816 3798 2884 eisque

2192 2919 2295 2975 pro
2325 2920 2577 2973 excessu,
2612 2915 2666 2961 et
2706 2908 3173 2973 transgressione,
3206 2924 3269 2962 ac
3302 2924 3398 2978 pro
3432 2910 3593 2964 modo
3620 2912 3797 2977 cnlpm

2195 2996 2399 3067 injungi
2432 2997 2612 3053 valeat
2645 2999 2957 3067 pmnitentia
2995 3000 3246 3055 salutaris
3271 3044 3286 3069 ,
3316 3016 3478 3071 quam
3515 3002 3797 3058 humiliter

487 3098 590 3155 lem
621 3071 1028 3152 observantiam
1049 3071 1180 3150 dicti
1213 3094 1268 3150 S.
1309 3071 1621 3165 Hieronymi
1652 3094 2000 3161 laudabilem,
2032 3106 2087 3149 et
2113 3071 2161 3135 (ἶ
2193 3093 2467 3162 suscipere
2495 3103 2549 3147 et
2577 3092 2877 3164 adimplere
2902 3103 3209 3149 teneantur.

486 3194 537 3245 in
573 3192 677 3245 vita
711 3192 829 3259 ejus
861 3207 955 3260 per
978 3193 1150 3258 ipsum
1180 3189 1523 3242 observatam
1556 3188 1748 3243 merito
1782 3190 2083 3256 laudantes,

486 3295 539 3339 ct
577 3284 964 3353 approbantes,
994 3283 1245 3350 illamque
1274 3281 1324 3335 in
1363 3280 1454 3335 Dei
1479 3279 1721 3337 ECCIesia
1752 3280 1803 3335 itt
1836 3282 2084 3336 ordinem

488 3376 862 3431 monicbalem
893 3374 1094 3435 attolli,
1131 3382 1185 3427 et
1212 3372 1490 3427 observari
1540 3373 1766 3426 intensis
1803 3373 2087 3428 desideriis

486 3471 823 3533 affectantes,
876 3468 1218 3537 necnon_pi0
1261 3478 1314 3521 et
1367 3470 1585 3523 sincero
1631 3474 1736 3523 tua:
1774 3466 2085 3523 devotionis

486 3568 761 3637 pf‘upOSllO
803 3573 954 3635 grato
986 3573 1375 3619 concurrentes
1412 3578 1663 3625 assensu,
1706 3562 2081 3631 hujuscemodi

485 3676 702 3729 quoque
753 3658 1243 3728 snjqilicationibns
1284 3657 1561 3723 inclinati,
1609 3657 1923 3711 tliscretioni
1975 3667 2081 3711 tua:

483 3753 820 3818 doctrinam,
853 3760 906 3803 ct
940 3751 1183 3803 instituta
1214 3751 1549 3804 monachalia
1578 3751 1818 3819 ejusdem
1857 3752 1912 3806 8.
1952 3752 2081 3807 Hie-

484 3843 730 3914 ronymi,
764 3851 920 3911 prout
958 3857 1053 3909 per
1094 3854 1143 3894 te
1176 3841 1402 3894 Domino
1436 3841 1736 3909 inspirante
1773 3858 1836 3896 cx
1873 3843 2077 3897 eisdem

482 3934 749 4005 epistolis,
786 3945 837 3988 et
865 3934 1207 3995 tractatibus,
1236 3941 1291 3985 ιιι
1317 3935 1686 4002 ρτωιιιὶιιὶιιιν,
1722 3949 1826 3988 non
1857 3937 2079 3989 mutatis

481 4028 768 4083 sententiis
798 4036 1064 4091 extracta,
1096 4026 1383 4095 compilata
1416 4037 1470 4080 et
1517 4026 1739 4082 reducta
1769 4038 1916 4090 sunt,
1958 4028 2078 4083 loco

479 4119 684 4188 regula:
712 4118 771 4173 S.
813 4116 1099 4187 Augustini
1136 4125 1193 4169 ct
1228 4124 1551 4169 statutorum
1585 4117 1637 4169 in
1682 4117 1910 4184 epistola
1946 4132 2077 4171 con-

481 4221 775 4274 tentornm,
808 4207 1118 4277 huiusmodi
1147 4206 1202 4261 in
1235 4208 1475 4277 regulam
1509 4207 1884 4263 monachalem
1922 4208 2073 4262 ordi-

478 4304 562 4361 nis
601 4303 993 4359 monachorum
1035 4301 1398 4356 Eremitarum
1452 4300 1582 4356 dicti
1617 4301 1676 4356 8.
1716 4301 2071 4371 Hieronymi,

473 4399 631 4469 cujus
672 4408 725 4451 tu
757 4395 873 4464 ipse
912 4395 1192 4465 professus
1238 4395 1450 4456 exiStis,
1502 4394 1757 4465 illamque
1804 4394 1967 4448 vitam
2016 4394 2069 4447 in

2262 3186 2317 3241 9.
2352 3186 2613 3256 Quodque
2644 3197 2721 3252 tu,
2756 3198 2811 3242 et
2840 3204 3193 3244 successores
3236 3189 3311 3243 tui
3347 3190 3621 3259 prtepositi
3656 3189 3788 3245 dicti

2188 3278 2398 3333 ordinis
2432 3280 2818 3333 monachorum
2850 3280 2974 3335 illos
3000 3298 3063 3335 ex
3098 3283 3388 3350 prioribus,
3422 3284 3704 3337 monachis
3730 3293 3789 3338 et

2188 3370 2448 3426 fratribus
2473 3372 2748 3441 pra:dictis
2772 3374 2860 3443 qui
2892 3373 3141 3429 ordinem
3171 3375 3343 3443 ipsum
3368 3374 3479 3444 jam
3510 3375 3615 3430 sub
3638 3376 3784 3431 dicta

2188 3466 2372 3536 regula
2403 3467 2461 3520 S.
2496 3468 2779 3537 Augustini
2817 3467 3047 3537 professi
3080 3480 3201 3521 sunt
3227 3510 3240 3531 ,
3282 3483 3344 3521 ac
3388 3478 3611 3537 propter
3640 3470 3791 3524 infir-

2187 3560 2429 3612 mitatem
2461 3557 2793 3626 hujusmodi,
2824 3574 2921 3613 seu
2948 3560 3135 3626 quavis
3166 3560 3269 3612 alia
3304 3559 3371 3613 de
3401 3575 3561 3615 causa
3591 3563 3655 3614 ad
3690 3564 3791 3614 oh-

2185 3648 2507 3705 servandum
2537 3650 2846 3719 hujttemodi
2879 3653 3117 3722 regulam
3148 3651 3206 3706 S.
3246 3651 3562 3724 Hieronymi
3598 3667 3658 3706 se
3688 3655 3792 3708 im—

2184 3751 2435 3813 potentes
2450 3746 2743 3811 senserint,
2763 3754 2856 3800 aut
2877 3747 3012 3799 alias
3029 3761 3152 3800 eam
3176 3756 3460 3815 acceptare
3484 3748 3783 3814 noluerint,

2183 3846 2240 3891 ut
2262 3839 2363 3891 sub
2395 3837 2521 3901 illis,
2556 3839 2761 3908 regula,
2794 3839 3162 3903 observantia,
3194 3849 3249 3894 et
3275 3839 3592 3896 obedientia
3621 3857 3783 3912 regu-

2180 3930 2383 3985 laribus
2406 3972 2420 3994 ,
2460 3930 2566 3984 sub
2604 3931 2800 3997 quibus
2830 3946 2924 3987 eos
2959 3943 3011 3987 ttt
3051 3931 3319 3988 haetenus
3349 3933 3541 3993 texisti
3568 3978 3581 4001 ,
3607 3943 3661 3989 et
3690 3950 3787 4004 gu-

2179 4020 2421 4077 bernasti
2449 4063 2463 4084 ,
2507 4024 2667 4076 etiam
2706 4024 2774 4078 de
2815 4033 3018 4079 cancro
3070 4038 3259 4095 regere
3285 4066 3299 4090 ,
3339 4036 3395 4079 et
3439 4026 3777 4095 gubernare,

2178 4117 2391 4187 ipsique
2413 4117 2466 4171 in
2511 4117 2623 4172 illis
2647 4133 2951 4183 remanere,
2983 4125 3038 4173 et
3063 4116 3350 4173 Altissimo
3379 4116 3648 4174 famulari.

2261 4213 2350 4267 10.
2375 4213 2513 4268 Cum
2540 4213 2621 4267 eis
2649 4228 2882 4283 quoque,
2917 4228 2979 4267 ac
3000 4214 3162 4266 etiam
3198 4211 3332 4278 illis,
3360 4211 3448 4282 qui
3480 4211 3777 4269 secundum

2178 4304 2352 4373 ipsam
2399 4306 2640 4374 regulam
2690 4307 2748 4361 S.
2795 4306 3147 4376 Hieronymi,
3191 4312 3247 4359 et
3292 4314 3349 4360 ut
3392 4304 3678 4374 przefertur
3717 4306 3773 4360 in

2180 4408 2455 4468 posterum
2491 4415 2588 4465 pro
2617 4406 2867 4467 tempore
2891 4397 3302 4467 profitebantur,
3331 4412 3463 4453 casu
3495 4398 3677 4467 aliquo
3705 4397 3777 4453 de

473 4493 723 4548 ordinem
766 4489 1074 4557 ltujnsmodi
1122 4486 1479 4559 suscipiendi,
1525 4501 1589 4541 ac
1618 4488 1789 4557 ipsam
1824 4488 2065 4557 regulam
2097 4459 2151 4521 D
2180 4494 2472 4562 praemissis
2494 4537 2507 4561 ,
2538 4502 2631 4546 aut
2661 4492 2764 4546 alia
2810 4491 3114 4547 rationabili
3155 4507 3317 4547 causa
3346 4532 3361 4556 ,
3402 4491 3471 4547 de
3502 4507 3604 4561 qua
3654 4492 3776 4559 tibi,

472 4586 719 4655 ejusdem
763 4583 968 4644 Sancti,
1020 4580 1317 4651 prioribus,
1351 4580 1650 4645 monachis,
1706 4579 1983 4647 fratribus,
2013 4592 2069 4636 et

473 4676 723 4750 petsonis
751 4674 1023 4744 prmdtctis
1052 4673 1154 4728 sub
1178 4688 1240 4727 ea
1267 4672 1451 4726 vivere
1486 4671 1849 4739 cupientibus.

540 4772 594 4827 6.
635 4772 782 4837 Quos
812 4770 999 4834 etiam,
1027 4783 1091 4821 ac
1124 4776 1175 4821 te
1201 4781 1230 4819 a
1256 4766 1411 4821 dicta:
1438 4765 1637 4835 regula:
1663 4765 1722 4820 S.
1751 4765 2060 4835 Augustini,

469 4873 526 4919 ct
554 4872 881 4917 statutorum
918 4877 1013 4930 per
1062 4870 1112 4915 te
1138 4858 1289 4929 juxta
1335 4859 1533 4912 dictam
1576 4857 1859 4925 epistolam
1899 4856 2063 4930 Ταυρε-

467 4974 615 5012 scena
645 4965 1048 5024 susceptorum,
1078 4953 1207 5007 licet
1231 4952 1558 5007 auctoritate
1580 4951 1727 5005 sedis
1750 4954 2063 5018 apostolica:

466 5052 935 5112 centirmatorum,
966 5046 1341 5109 observantia,
1370 5060 1435 5098 ex
1476 5050 1602 5097 tunc
1639 5046 1856 5113 penitus
1902 5046 2065 5097 abso-

467 5148 615 5204 lutos
650 5159 772 5199 esse
812 5142 1082 5209 volumus,
1117 5152 1172 5196 et
1213 5140 1559 5195 decernimus
1601 5155 1697 5209 per
1736 5149 2058 5210 prresentes,

463 5242 628 5297 etiam
660 5238 763 5291 sub
790 5233 987 5297 modis,
1023 5244 1079 5288 et
1109 5232 1296 5287 formis
1327 5233 1381 5286 in
1411 5230 1568 5285 dictis
1597 5231 1793 5285 litteris
1829 5246 2060 5301 expres-

460 5336 561 5398 sis,
596 5332 691 5386 tibi
724 5330 890 5383 etiam
923 5341 1030 5396 quo
1060 5324 1124 5379 ad
1152 5328 1254 5379 hoc
1274 5324 1583 5392 saffragari,
1616 5334 1669 5377 et
1698 5324 1836 5379 alias
1874 5324 1925 5377 in
1956 5339 2056 5378 suo

456 5430 655 5485 robore
701 5435 1029 5495 permanere
1056 5420 1304 5473 volumus
1330 5418 1727 5473 observandam
1780 5417 2051 5482 tradendi,

446 5531 511 5580 et
536 5516 878 5593 publicandi,
905 5514 1117 5583 plenam
1149 5522 1205 5568 et
1234 5512 1460 5567 liberam
1491 5513 1817 5567 auctoritate
1836 5521 2054 5582 aposto-

453 5617 560 5673 lica
592 5623 785 5669 tenore
808 5606 1179 5678 praesentium,
1212 5604 1564 5661 concedimus
1594 5605 1925 5671 facultatem,
1954 5622 2053 5662 vo-

438 5706 651 5779 lentes,
674 5711 738 5765 et
760 5697 1091 5758 auctoritate
1113 5697 1335 5772 praefata
1362 5706 1693 5774 statuentes,
1718 5698 1866 5773 quod
1895 5708 2049 5776 post-

2175 4600 2273 4639 seu
2326 4584 2431 4638 illis
2486 4584 2776 4649 videbitur,
2825 4584 3185 4649 subsistente,
3236 4596 3402 4651 super
3438 4584 3671 4653 singulis
3721 4583 3775 4638 itt

2174 4676 2365 4730 eadem
2416 4677 2602 4744 regula
2647 4674 2706 4729 Β.
2746 4674 3061 4746 Hieronymi
3103 4675 3410 4740 contentis,
3447 4674 3779 4731 auctoritate

2173 4768 2455 4839 pra-dicta,
2502 4784 2597 4838 per
2645 4782 2777 4834 vos,
2818 4768 2902 4823 vel
2946 4769 3082 4823 alios
3128 4768 3475 4838 diSpensare,
3507 4778 3600 4824 aut
3640 4770 3776 4824 alias

2172 4878 2361 4917 eorum
2396 4864 2695 4917 animarum
2725 4864 2905 4931 saluti,
2926 4873 3085 4933 prout
3103 4862 3403 4932 expediens
3419 4862 3604 4929 fuerit,
3635 4880 3772 4918 con-

2169 4958 2348 5012 sulere
2370 4967 2424 5011 et
2454 4957 2617 5012 etiam
2644 4958 2932 5025 providere
2961 4958 3209 5022 valeatis,
3232 4972 3398 5027 super
3425 4957 3622 5027 quibus
3675 4957 3771 5014 tibi

2168 5058 2225 5103 et
2245 5050 2655 5105 successoribus
2686 5049 2820 5119 ipsis
2848 5050 3009 5103 etiam
3041 5051 3251 5121 plenam
3275 5092 3289 5118 ,
3320 5059 3376 5104 et
3405 5050 3632 5105 liberam
3670 5049 3771 5104 ha-

2166 5158 2287 5197 rum
2315 5143 2457 5197 serie
2480 5143 2833 5197 concedimus
2866 5142 3203 5196 facultatem.

2239 5236 2329 5289 Η.
2383 5234 2742 5289 Decerniinus
2798 5234 3019 5304 insuper
3075 5233 3401 5289 auctoritate
3456 5229 3767 5301 prmdieta,

2162 5328 2309 5399 quod
2352 5327 2661 5396 hujusmodi
2701 5328 2885 5398 regula
2917 5335 3201 5398 postquam
3236 5342 3331 5395 per
3363 5336 3413 5381 te
3442 5324 3639 5380 tradita
3661 5370 3675 5391 ,
3709 5334 3768 5382 et

2163 5422 2431 5493 publicata
2460 5419 2639 5483 fuerit,
2671 5431 2727 5475 ιιι
2757 5419 3062 5491 prtefertur,
3095 5419 3259 5475 robur
3288 5421 3529 5477 obtineat
3561 5435 3765 5491 perpe-

2156 5521 2269 5567 tua:
2317 5510 2606 5573 firmitatis,
2638 5518 2695 5565 et
2738 5511 2807 5566 ab
2843 5512 3119 5580 omnibus,
3163 5510 3251 5579 qui
3283 5511 3583 5566 secundum
3634 5526 3764 5567 eam

2160 5613 2285 5661 vota
2332 5618 2521 5658 eorum
2571 5601 2889 5673 principalia
2937 5613 3130 5675 sponte
3161 5602 3402 5673 profiteri
3443 5603 3761 5674 voluerint,

2153 5698 2313 5777 juxta
2351 5696 2498 5757 illius
2526 5696 2935 5777 continentiam
2973 5710 3030 5761 et
3068 5696 3321 5760 effectum
3367 5696 3772 5766 inviolabiliter
