4050 6198
243 153 355 216 589

251 367 550 424 tutionibus
583 374 936 446 Apostolicis,
971 397 1067 436 nec
1100 383 1206 438 nou
1237 389 1490 445 omnilms
1521 391 1608 458 iis,
1643 409 1761 463 qure
1791 395 1842 449 in

251 459 407 515 dietis
439 464 574 520 litte:
594 467 637 521 is
667 485 770 524 non
798 471 1018 530 obstare
1041 478 1335 548 voluimus,
1365 485 1687 556 exterisque
1711 502 1811 542 con
1831 518 1843 527 -

253 554 430 606 trariis
461 558 916 634 quibuscumque.

320 647 407 700 1‘2.
442 649 580 705 Nulli
613 667 744 724 ergo
774 655 1055 715 hominum
1091 663 1254 720 liceat
1287 665 1424 724 hanc
1467 673 1717 741 paginam
1753 691 1846 729 no-

253 747 377 792 strzc
395 743 822 813 constitutionis,
838 755 1050 820 statuti,
1065 756 1377 825 voluntatis,
1398 769 1450 817 et
1467 767 1846 822 concessionis

253 827 546 904 infringere
573 879 587 901 ,
629 840 709 892 vel
737 843 786 895 ei
819 858 953 898 ausu
997 851 1286 905 temerario
1316 856 1606 912 contraire.
1640 857 1695 914 Si
1727 861 1846 929 quis

252 933 426 979 autem
479 929 580 984 hoc
610 942 882 992 attentare
935 945 1369 1012 prmsumpserit.
1418 948 1842 1020 indignationem

255 1021 646 1090 omnipotentis
678 1026 795 1094 Dei,
820 1040 875 1084 et
904 1031 1181 1089 beatorum
1209 1037 1351 1094 Petri
1374 1051 1428 1095 et
1450 1041 1596 1096 Pauli
1626 1054 1844 1114 aposto—

252 1108 424 1165 lorum
451 1115 570 1184 ejus
593 1131 652 1172 se
675 1121 886 1176 noverit
910 1123 1273 1183 incursurum.
1295 1131 1478 1185 Datum
1498 1134 1678 1188 llomaa
1701 1137 1840 1205 apud

251 1215 472 1260 sanctos
498 1211 800 1280 apostolos,
840 1213 1018 1270 idibus
1045 1217 1251 1286 Martii,
1282 1225 1632 1292 pontificatus
1663 1228 1839 1286 nostri

247 1309 391 1352 anno
412 1298 752 1358 duodecimo.

251 1433 564 1493 EIUSDEM
610 1441 896 1501 MARTINI
946 1445 989 1501 ν
1037 1449 1098 1504 Ρ.
1142 1451 1211 1504 Μ.
1271 1453 1496 1511 BULLA
1534 1459 1836 1518 ALTERA.

316 1571 576 1629 Martinus
603 1577 891 1648 episcopus
922 1597 1113 1639 servus
1154 1601 1440 1644 servorum
1475 1592 1594 1661 Dei,
1619 1595 1684 1650 ad
1718 1613 1841 1667 per-

248 1675 459 1734 petuam
493 1669 567 1722 rei
599 1676 938 1728 memoriam.
1222 1695 1224 1697 '

321 1759 369 1812 l.
399 1761 464 1814 Et
485 1762 526 1814 si
563 1778 658 1832 pro
685 1780 1005 1824 cunctorum
1035 1772 1233 1828 Christi
1255 1775 1490 1832 fidelium
1518 1797 1682 1852 super
1709 1787 1828 1854 qui-

245 1849 346 1904 bus
379 1869 564 1908 curam
596 1861 932 1926 apostolatus
965 1866 1128 1918 oflicii
1161 1873 1398 1936 gerinms
1428 1883 1568 1927 Statu
1604 1878 1839 1932 salubri-

246 1955 330 1997 ter
381 1946 706 2016 dirigendi),
761 1964 813 2008 et
855 1959 1164 2026 ampliando
1218 1963 1445 2019 libenter
1483 1969 1839 2027 adhibeamus

243 2038 628 2095 Sollicitudinis
683 2058 880 2100 nostra:
926 2063 1148 2119 partes:
1195 2055 1316 2111 illos
1356 2069 1533 2114 tamen
1584 2062 1844 2119 affectuo-

245 2129 371 2182 siori
406 2133 591 2186 studio
632 2144 1014 2208 prosequimur
1046 2146 1344 2215 charitatis,
1393 2155 1508 2220 qui,
1555 2158 1843 2216 mundanis

246 2221 475 2289 abjcctis
519 2224 819 2298 illecebris,
855 2234 904 2286 in
938 2235 1250 2293 ltumilit-itis
1281 2245 1475 2312 spiritu
1513 2250 1704 2304 sedulo
1735 2255 1844 2306 vir-

250 2323 416 2366 tutum
470 2317 697 2370 Doinino
730 2322 1085 2383 famulantur.
1135 2329 1291 2386 Unde
1331 2351 1392 2389 ca
1435 2354 1553 2405 (ιιιςιτ
1589 2357 1684 2408 pro
1727 2344 1843 2397 illo-

250 2422 361 2458 rum
387 2409 488 2462 sub
518 2425 644 2464 vera
672 2414 950 2483 religionis
979 2422 1324 2478 observantia
1358 2430 1686 2485 stabilieudo
1719 2451 1842 2504 pro-

248 2503 424 2570 posito
482 2509 706 2575 provide
763 2527 1048 2569 emanasse
1106 2521 1513 2593 comperimus,
1575 2539 1626 2578 ut
1685 2528 1836 2584 firma

249 2595 556 2669 i'libataque
587 2619 940 2672 permaneant
968 2610 1199 2666 libenter
1221 2618 1518 2684 apostolico
1541 2623 1840 2681 munimine

250 2690 589 2748 roboramus.

316 2782 371 2835 ‘2.
402 2783 585 2854 Nuper
624 2787 893 2858 siquidem
938 2810 1038 2864 pro
1078 2808 1226 2866 parte
1258 2800 1440 2857 dilecti
1482 2805 1574 2859 lilii
1613 2806 1742 2876 Lupi
1772 2808 1839 2865 de

251 2877 484 2945 Oimeto,
517 2881 723 2938 ordinis
758 2890 1147 2944 monachorum
1174 2893 1540 2953 Eremitaium
1563 2901 1618 2955 S.
1653 2903 1839 2957 lliero—

251 2970 390 3039 tymi
437 2976 709 3041 generalis
747 2980 1023 3047 prrrpositi
1071 2983 1227 3038 nobis
1259 2989 1504 3054 CXpOSiln
1531 3033 1544 3054 ,
1573 2993 1713 3061 quod
1739 2996 1837 3048 du-

964 193 971 215 ι
1017 167 1318 233 REGULAE
1358 175 1840 241 MONACHORUM

1946 180 2327 249 PPROBATlO
2380 194 2669 257 MARTINI
2719 201 2787 259 ν.

246 273 594 334 observetur.
626 278 742 337 Non
777 283 1120 346 obstantibus
1151 297 1450 365 praemissis
1474 345 1489 363 ,
1533 314 1593 355 ae
1623 299 1841 357 Consti-
1873 306 1923 364 Α
1951 317 2005 360 et
2050 326 2078 362 ει

3373 215 3392 254 -’
3444 218 3548 279 590

2088 313 2417 380 pprobantes
2441 360 2456 384 ,
2501 319 2760 394 illamque
2811 326 2863 381 in
2896 326 2989 402 Dei
3022 327 3268 390 Ecclesia
3307 334 3358 389 in
3401 338 3548 394 ordi-

1952 415 2075 455 nem
2112 405 2486 464 monachalem
2515 416 2722 481 attolli,
2750 427 2803 472 et
2833 419 3110 477 observari
3153 425 3380 481 intensis
3405 428 3546 483 desi—

1950 493 2116 549 deriis
2137 497 2472 572 affectantes,
2498 507 2670 562 eidem
2694 509 2844 580 Lupo
2867 513 3188 578 doctrinam,
3219 529 3268 573 ct
3301 521 3542 577 instituta

1951 589 2289 645 monachalia
2319 592 2561 662 ejusdem
2595 598 2653 655 S.
2697 601 3009 676 llieronymi
3058 624 3122 661 ex
3183 611 3384 666 eisdem
3427 613 3544 682 epi-

1951 680 2142 746 stolis,
2191 693 2244 737 et
2286 688 2623 758 tractatibus,
2672 707 2829 763 prout
2878 713 2973 764 per
3003 699 3176 770 ipsum
3218 702 3423 774 Lupum
3455 680 3548 761 ex-

1953 779 2145 842 tracta,
2202 781 2491 848 compilata
2523 828 2536 851 ,
2577 796 2629 840 et
2674 790 2897 846 reducta
2946 787 3159 850 fuerant
3204 797 3324 852 loco
3353 801 3548 870 regula:

1949 861 2005 917 S.
2049 868 2333 937 Augustini
2373 873 2423 927 in
2471 878 2712 946 regulam
2756 884 3131 943 monaehalem
3164 891 3372 946 ordinis
3431 909 3548 949 mo-

1950 957 2248 1015 nachorum
2282 968 2634 1025 ercmitarttm
2667 974 2795 1030 dicti
2834 976 2893 1032 S.
2927 979 3240 1054 llierOnymi
3270 1029 3284 1052 ,
3315 995 3368 1040 et
3400 987 3543 1057 ejus-

1948 1044 2069 1100 dem
2126 1049 2182 1104 S.
2236 1055 2402 1110 vitam
2457 1060 2734 1127 prmfatam
2783 1066 2836 1120 in
2887 1072 3134 1127 ordinent
3174 1075 3542 1144 hujuscemodi

1946 1137 2302 1208 suscipiendi,
2331 1161 2393 1198 ac
2427 1148 2600 1212 ipsam
2637 1158 2877 1224 regulam
2906 1160 3034 1218 dicti
3057 1170 3227 1225 sancti
3255 1170 3545 1240 prioribus,

1947 1230 2234 1285 monachis
2260 1278 2274 1302 ,
2327 1236 2588 1296 fratribus
2612 1286 2626 1310 ,
2666 1257 2721 1301 et
2759 1255 3008 1318 personis
3050 1260 3322 1326 praedictis
3349 1265 3449 1318 sub
3481 1279 3541 1320 ea

1944 1321 2132 1378 vivere
2154 1326 2520 1400 Cupientibus,
2551 1351 2689 1405 quos
2718 1340 2880 1396 etiam
2914 1360 2976 1398 ac
3006 1361 3103 1414 per
3133 1350 3305 1420 ipsum
3336 1354 3544 1426 Lupum

1944 1424 2226 1486 postquam
2253 1429 2552 1480 secundum
2577 1430 2822 1486 eamdem
2854 1439 3094 1505 regulam
3126 1453 3246 1496 vota
3276 1461 3373 1498 sua
3399 1449 3548 1516 prin-

1948 1507 2138 1576 cipalia
2189 1514 2497 1572 amisissent
2538 1535 2567 1575 a
2595 1522 2752 1578 dieue
2800 1529 3004 1598 regula:
3045 1534 3217 1588 sancti
3258 1539 3546 1606 Augustini

1944 1600 2286 1660 observantia
2316 1623 2380 1662 ex
2410 1619 2536 1667 tunc
2567 1617 2775 1682 penitus
2805 1620 3082 1678 absolutos
3112 1641 3238 1682 esse
3270 1630 3538 1697 volumus,

1863 1697 1914 1758 B
1942 1703 1993 1746 et
2022 1693 2360 1755 decrevimus
2391 1703 2785 1764 observandam
2821 1713 3104 1784 tradendi,
3138 1731 3190 1772 et
3226 1721 3537 1788 publicandi

1949 1786 2188 1856 plenam,
2219 1805 2274 1846 et
2328 1795 2550 1852 liberam
2595 1818 2690 1868 per
2726 1805 2859 1860 alias
2891 1820 3102 1865 nostras
3139 1813 3366 1883 litteras,
3401 1834 3538 1888 quas

1951 1894 2136 1934 earnm
2181 1893 2371 1941 tenore
2414 1895 2772 1956 praesentibus
2818 1899 2999 1955 haberi
3030 1905 3281 1961 volumus
3314 1924 3412 1978 pro
3443 1927 3536 1966 ex-

1951 1976 2181 2042 pressis,
2215 1985 2589 2040 concessimus
2627 1988 2958 2056 facultatem,
2987 2012 3052 2050 ae.
3077 2013 3174 2068 per
3205 2003 3421 2058 easdem
3455 2006 3543 2059 lit-

1950 2075 2090 2118 teras
2118 2069 2414 2133 voluimus,
2437 2076 2580 2144 quod
2609 2089 2887 2150 postquam
2925 2085 3064 2140 idem
3097 2088 3278 2156 Lupus
3302 2096 3537 2164 regulam

1948 2155 2261 2227 hujusmodi
2291 2167 2618 2237 tradidisset,
2644 2173 2992 2242 publicasset,
3029 2191 3084 2233 ut
3116 2181 3430 2249 praefertur,
3461 2203 3531 2242 ex

1915 2306 1917 2308 ,
1952 2261 2078 2305 tunc
2111 2253 2244 2321 ipse,
2276 2273 2340 2311 ac
2373 2262 2603 2331 priores,
2641 2268 2911 2332 tnonachi,
2945 2269 3164 2340 fratres,
3199 2289 3264 2330 ac
3294 2294 3541 2342 persmne

1948 2347 2185 2414 pra'dicti
2219 2351 2428 2406 ordinis
2458 2357 2755 2411 secundum
2784 2360 2927 2414 illam
2954 2375 3075 2418 vota
3099 2381 3196 2420 sua
3221 2369 3538 2442 principalia

1947 2439 2224 2508 religionis
2265 2443 2572 2513 hujusmodi
2615 2449 2900 2519 emittere,
2944 2461 3225 2524 profiteri,
3264 2471 3320 2516 et
3356 2465 3540 2520 vivere

1949 2542 2266 2588 tenereu'ttr
2291 2579 2304 2602 ,
2337 2539 2562 2609 ipsaque
2595 2546 2777 2612 regula
2820 2548 2898 2601 sic
2949 2551 3141 2606 tradita
3187 2563 3241 2610 et
3270 2557 3540 2626 publicata

1947 2626 2115 2680 robur
2137 2628 2348 2683 obtinet
2381 2647 2460 2700 pet
2478 2645 2652 2704 petua:
2678 2638 2972 2695 firmitatis.

2017 2721 2070 2773 5.
2133 2721 2264 2775 Cum
2318 2735 2499 2780 autem
2547 2729 2686 2782 sicut
2735 2733 2972 2788 exhibita
3025 2737 3180 2792 nobis
3227 2757 3404 2812 nuper
3445 2760 3541 2812 pro

1951 2824 2104 2881 parte
2152 2815 2395 2882 ejusdem
2443 2819 2578 2889 Lupi
2635 2824 2827 2892 petitio
2872 2827 3208 2898 continebat,
3257 2833 3385 2889 licet
3424 2838 3540 2905 ipse

1944 2904 2285 2972 postmodum
2325 2909 2391 2962 a;l
2440 2912 2729 2968 salutarem
2771 2915 2900 2971 dicti
2935 2917 3147 2976 ordinis
3195 2929 3535 2982 monachalis

1945 2997 2362 3066 institutionem,
2397 3003 2624 3076 ejusque
2664 3009 3016 3078 Soliditatem,
3049 3028 3102 3071 et
3143 3008 3536 3080 incrementum

249 3063 371 3116 dum
409 3067 541 3134 ipse,
583 3077 637 3122 et
669 3070 913 3142 pletiqne
957 3075 1048 3128 alii
1091 3081 1422 3144 professores
1460 3085 1669 3139 ordinis
1700 3089 1842 3156 ejus-
1871 3088 1916 3151 C
1953 3091 2176 3157 provide
2208 3093 2518 3165 intendens,
2555 3101 2829 3166 pra‘fatam
2855 3105 3019 3159 vitam
3050 3108 3176 3163 dicti
3209 3117 3378 3166 sancti
3415 3115 3538 3169 llie-

249 3158 370 3212 dem
415 3164 584 3214 sancti
629 3163 947 3236 Hieronymi
978 3169 1077 3223 sub
1123 3174 1306 3239 regula
1347 3180 1519 3230 sancti
1552 3180 1838 3249 Augustini

251 3259 374 3304 tunc
413 3253 620 3306 vivente
659 3257 773 3309 Zelo
800 3257 1111 3315 devotionis
1137 3266 1350 3319 accensi
1383 3268 1452 3322 ob
1496 3269 1839 3340 frngemvitze

248 3346 486 3398 melioris
509 3389 522 3411 ,
565 3349 764 3404 arctius
794 3361 846 3404 et
879 3355 1168 3421 perfcetius
1199 3375 1357 3428 quam
1398 3365 1578 3432 regula
1611 3367 1841 3424 dictaret

250 3435 579 3504 hujusmodi,
621 3444 753 3497 etin
801 3462 930 3499 vero
958 3457 1100 3503 statu
1147 3455 1472 3523 monaebali,
1526 3475 1684 3527 quem
1728 3462 1841 3530 ipse

251 3539 464 3583 sanctus
492 3532 853 3604 llieronynnis
878 3554 1000 3593 cum
1032 3543 1144 3596 suis
1177 3547 1477 3612 monachis,
1501 3563 1551 3604 et
1586 3550 1842 3610 fratribus

252 3625 552 3691 professum
589 3628 754 3683 fui-se
783 3676 796 3697 ,
826 3643 878 3685 et
917 3635 966 3686 in
1000 3639 1277 3692 communi
1305 3642 1627 3699 observasse
1660 3651 1843 3716 perbi-

252 3715 426 3785 betur,
461 3721 668 3786 vivere,
701 3733 834 3776 etut
858 3743 1052 3782 nomen
1079 3733 1343 3797 gerebant
1372 3735 1613 3805 ejusdem
1643 3744 1839 3811 sancti,

249 3807 324 3862 sic
349 3809 466 3878 ejus
494 3810 659 3865 vitam
689 3854 703 3877 ,
737 3818 1000 3885 regulam,
1036 3830 1090 3875 et
1117 3837 1280 3889 opera
1311 3825 1694 3888 desiderabant
1720 3833 1842 3889 imi-

253 3901 372 3955 tari.
413 3903 621 3957 ldcirco
645 3905 710 3960 ad
737 3906 1047 3975 hujusmodi
1069 3914 1276 3970 ordinis
1307 3919 1497 3974 stabile
1521 3923 1695 3990 potius
1723 3924 1842 3979 fun-

250 3992 607 4063 damentum,
660 4015 756 4068 pro
799 4002 1146 4062 institutione
1199 4013 1400 4080 regula:
1450 4018 1838 4074 monachoxuut

249 4088 600 4142 eremitarun:
630 4091 838 4147 ordinis
868 4095 994 4149 dicti
1022 4100 1195 4153 sancti
1227 4101 1538 4176 Hieronymi
1565 4125 1630 4162 ex
1659 4111 1837 4166 diver-

249 4178 325 4230 sis
370 4181 658 4249 epistolis,
708 4195 760 4238 et
814 4190 1135 4244 tractatibus
1186 4208 1281 4261 per
1337 4197 1539 4253 dictum
1593 4214 1838 4259 sanctum

251 4267 637 4343 Hieronymum
688 4277 879 4342 editis,
913 4290 968 4334 et
1021 4297 1118 4350 per
1168 4285 1465 4343 Ecclesiam
1506 4296 1837 4364 approbatis,

250 4365 504 4417 nonnulla
540 4380 725 4420 veram
751 4369 1025 4440 religionis
1055 4373 1376 4444 doctrinam,
1415 4383 1690 4456 vitamque
1722 4405 1841 4441 mo-

1947 3183 2156 3252 ronymi
2194 3187 2564 3242 monachalem
2597 3191 2648 3243 in
2680 3193 2926 3249 ordinem
2959 3196 3288 3266 hujusmodi,
3311 3204 3537 3275 ejusque

1945 3271 2270 3341 doctrinam,
2315 3288 2366 3329 ct
2422 3279 2661 3335 instituta
2691 3288 3026 3341 tnouacbalia
3053 3331 3066 3354 ,
3110 3304 3271 3359 prout
3319 3312 3383 3349 ex
3420 3301 3540 3366 epi-

1945 3365 2133 3430 stolis,
2191 3379 2245 3422 et
2297 3373 2615 3426 tractatibus
2663 3377 2934 3441 pra-dictis
2981 3397 3074 3449 per
3112 3383 3285 3452 ipsum
3335 3387 3542 3458 Lupum

1945 3466 2206 3522 extracta,
2236 3463 2520 3528 compilata
2545 3505 2558 3524 ,
2603 3475 2658 3518 et
2688 3467 2905 3522 redueta
2935 3471 3156 3528 fuerunt
3183 3520 3196 3544 ,
3241 3489 3294 3531 ut
3327 3481 3544 3548 praefer-

1947 3555 2034 3602 tur
2058 3593 2071 3616 ,
2108 3551 2373 3606 dictarunt
2423 3555 2722 3610 litterarum
2757 3563 2938 3631 vigore
2984 3566 3102 3619 loco
3130 3568 3290 3624 dicta:
3332 3576 3536 3642 regula:

1945 3643 2118 3696 sancti
2163 3644 2447 3713 Augustini
2500 3649 2551 3702 in
2599 3651 2841 3721 regulam
2883 3657 3092 3713 ordinis
3138 3665 3531 3723 monaclrirnm

1946 3732 2307 3789 Eremitarum
2338 3743 2693 3809 assumpscrit
2722 3785 2736 3808 ,
2765 3755 2818 3799 et
2850 3751 3120 3815 erexerit,
3155 3765 3317 3824 atque
3344 3773 3533 3814 susce-

1948 3825 2125 3895 perit,
2157 3826 2439 3897 ipsamque
2467 3833 2704 3901 regulam
2734 3838 3006 3906 prioribus
3030 3887 3043 3908 ,
3076 3848 3355 3902 monachis
3383 3889 3399 3916 ,
3431 3851 3538 3906 fra-

1947 3919 2140 3984 tribus,
2175 3932 2228 3975 et
2259 3910 2508 3991 personis
2534 3927 2744 3984 ordinis
2789 3931 3096 4001 lmjusmodi
3129 3939 3232 3992 sub
3260 3954 3322 3995 ea
3355 3944 3539 4002 vivere

1945 4012 2289 4080 cupientibus
2327 4014 2479 4084 juxta
2529 4019 2670 4075 illius
2717 4025 3107 4082 continentiam
3155 4031 3540 4092 inviolabiliter

1946 4105 2340 4163 observandam
2379 4112 2700 4181 tradiderit,
2734 4119 3126 4186 publicaverit,
3165 4139 3228 4177 ac
3258 4127 3536 4186 observari

1945 4199 2274 4267 decreverit,
2305 4205 2514 4274 ipsique
2544 4209 2775 4276 priores,
2805 4215 3079 4278 monachi,
3107 4227 3155 4268 et
3194 4217 3392 4273 fratres
3415 4233 3536 4279 vota

1944 4307 2038 4347 sua
2066 4294 2382 4364 principalia
2413 4300 2708 4354 secundum
2739 4307 2982 4374 regulam
3014 4307 3320 4378 hujusmodi
3352 4313 3403 4366 in
3433 4331 3542 4369 ma-

1946 4386 2105 4440 nibus
2149 4387 2278 4442 dicti
2313 4389 2444 4460 Lupi
2497 4397 2728 4463 professi
2764 4401 2980 4466 fuerint,
3015 4402 3213 4471 illaque
3239 4405 3307 4459 de
3337 4416 3538 4464 eti-tero

250 4456 565 4528 nachalem,
600 4475 759 4528 qttam
794 4463 933 4517 idem
963 4479 1189 4523 sanctus
1222 4485 1343 4525 eum
1386 4476 1500 4529 suis
1532 4480 1832 4545 mooachis,
1861 4482 1916 4542 D
1947 4486 2158 4535 ult‘ntes
2183 4485 2478 4538 secundum
2510 4500 2628 4540 eam
2661 4501 2943 4560 regantur,
2973 4502 3023 4547 et
3056 4494 3450 4567 gubernentnr,
3475 4515 3540 4557 ac

249 4560 301 4605 et
329 4552 592 4611 fratribus
624 4559 676 4612 in
716 4560 833 4630 ejus
862 4564 970 4618 vita
1005 4565 1056 4620 in
1089 4573 1361 4626 communi
1391 4577 1566 4644 quoad
1601 4595 1685 4647 ea,
1718 4597 1838 4651 quae

252 4645 568 4715 principalia
626 4663 754 4706 sunt
807 4664 1018 4723 status,
1075 4670 1130 4714 et
1186 4664 1312 4717 vita:
1364 4645 1700 4726 monachalis
1743 4691 1840 4744 per

250 4737 437 4805 multa,
466 4749 522 4796 et
553 4758 724 4813 usque
749 4748 814 4800 ad
839 4749 922 4802 sui
945 4751 1126 4805 obitus
1151 4761 1393 4825 tempora
1425 4760 1755 4830 observavit,
1784 4778 1838 4821 et

250 4833 454 4900 aliquos
487 4835 626 4890 alios
656 4837 956 4897 observare
999 4849 1240 4912 monuit,
1277 4854 1610 4909 continentia
1655 4858 1838 4931 Lupus

249 4921 361 4992 ipse
411 4937 750 4996 extraxerat,
804 4935 1230 5006 compilaverat,
1269 4952 1322 4995 et
1365 4945 1513 4999 velut
1563 4947 1613 5000 in
1670 4967 1832 5007 unum

249 5031 440 5088 corpus
473 5022 574 5077 sub
603 5029 768 5080 certis
797 5026 968 5083 titulis
996 5029 1308 5101 reduxerat,
1344 5037 1444 5090 sub
1474 5041 1672 5108 quibus
1698 5045 1832 5116 ipse,

250 5118 301 5162 et
330 5110 572 5182 plerique
607 5114 700 5169 alii
731 5119 985 5174 monachi
1014 5163 1027 5187 ,
1074 5131 1131 5176 et
1157 5123 1354 5182 fratres
1378 5129 1506 5184 dicti
1538 5110 1744 5190 ordinis
1769 5153 1836 5194 ex

252 5210 373 5258 tunc
395 5205 448 5259 in
479 5215 640 5262 antea
671 5209 893 5279 degere,
925 5223 980 5268 et
1009 5229 1356 5285 permanere,
1386 5237 1450 5275 ac
1483 5223 1573 5278 illa
1605 5225 1657 5280 in
1686 5244 1840 5300 regu-

251 5291 350 5348 lam
379 5298 664 5368 suscipere
705 5305 1106 5374 pr0ponebant,
1142 5320 1194 5365 et
1224 5312 1572 5372 affectabam.
1601 5319 1712 5376 Nos
1742 5324 1839 5393 igi-

250 5396 334 5442 tur
379 5391 695 5463 hujttsmodi
741 5402 1079 5468 propositum
1125 5406 1490 5476 eondignum,
1539 5419 1594 5466 et
1645 5391 1841 5472 rationi

250 5495 542 5540 consonum
592 5502 985 5560 recensentes,
1033 5495 1347 5566 hujusmodi
1389 5504 1692 5573 regularem
1721 5553 1735 5575 ,
1786 5519 1841 5564 et

250 5578 620 5636 monachalem
652 5580 1064 5644 observantiam
1097 5606 1194 5660 per
1216 5591 1392 5664 ipsum
1428 5609 1678 5653 sanctum
1720 5599 1845 5657 llie-

247 5682 530 5752 ronytnum
563 5675 621 5734 in
650 5674 758 5734 vita
790 5679 907 5756 ejus
935 5679 1276 5743 observatam
1306 5686 1500 5746 merito
1533 5689 1841 5765 laudantes,

1951 4572 2064 4642 ipsa
2112 4572 2163 4627 in
2209 4577 2452 4647 regulam
2482 4594 2669 4634 eorum
2703 4591 2974 4652 tamquam
3007 4599 3192 4640 veram
3231 4586 3534 4648 doctrinam

1945 4681 2316 4736 monacbalem
2358 4686 2528 4737 sancti
2562 4684 2878 4756 llieronymi
2917 4687 3221 4755 laudantes,
3253 4697 3306 4744 et
3336 4706 3536 4762 appro-

1945 4778 2134 4834 bantes
2173 4792 2560 4851 acceptarunt,
2603 4796 2656 4839 et
2695 4787 2992 4840 secundum
3034 4804 3190 4858 eam,
3221 4791 3387 4848 etiam
3421 4812 3537 4852 mo-

1945 4883 2179 4935 nasteria
2227 4883 2470 4952 ejusdem
2519 4884 2725 4940 ordinis
2772 4887 3164 4946 monachorum
3217 4906 3431 4967 regunt,
3483 4909 3539 4957 et

1944 4982 2266 5053 gubernant.

2018 5083 2074 5138 ὁ.
2109 5083 2254 5140 ldem
2287 5094 2463 5142 tamen
2487 5087 2669 5159 Lupus
2692 5093 3149 5167 assumptionem,
3175 5101 3534 5176 erectionem,

1948 5186 2350 5256 susceptionem
2381 5230 2396 5253 ,
2435 5190 2779 5247 traditionem
2805 5234 2820 5260 ,
2856 5195 3277 5264 publicationem
3304 5247 3320 5270 ,
3370 5217 3421 5259 et
3449 5207 3545 5262 de-

1949 5296 2179 5351 cretum,
2211 5287 2428 5358 aliaque
2476 5293 2751 5360 praemissa
2799 5310 2867 5350 ex
2897 5301 3064 5355 certis
3120 5307 3302 5359 causis
3331 5306 3545 5364 dubitat

1947 5390 2154 5447 viribus
2199 5406 2308 5446 non
2352 5404 2512 5460 posse
2544 5395 2842 5451 subsistere
2877 5413 2888 5448 :
2919 5413 3022 5467 pro
3049 5412 3205 5471 parte
3235 5405 3365 5460 dicti
3402 5407 3543 5480 Lupi

1944 5495 2104 5550 nobis
2153 5495 2251 5549 fuit
2299 5493 2580 5550 humiliter
2622 5498 2984 5567 supplicatum
3031 5513 3091 5560 ut
3138 5509 3538 5583 assumptioni,

1944 5596 2238 5664 erectioni,
2289 5583 2654 5666 sus’ceptioui,
2699 5599 3024 5672 traditioni,
3066 5618 3120 5662 et
3153 5609 3542 5683 publicationi,

1946 5713 2010 5760 ac
2038 5697 2159 5758 aliis
2200 5699 2501 5776 praemissis
2530 5716 2630 5778 pro
2663 5700 2886 5764 illorum
2915 5705 3271 5774 subsistentia
3311 5713 3543 5778 flriniori
