4050 6198
505 224 605 290 591

1555 225 1611 285 S.
1657 222 2044 288 lllERONYMI
2085 222 2369 288 OPERUM
2411 221 2775 286 MANTISSA.
3679 220 3815 293 392

508 347 672 401 robur
701 339 1012 416 apostolica:
1042 339 1473 401 confirmationis
1501 344 1737 415 adjicere
1766 347 1832 403 de
1862 348 2103 419 benigui-
2132 351 2181 409 Α
2212 346 2419 402 nandas
2467 344 2835 400 conscientias
2865 339 3236 414 professorum
3279 337 3442 413 huius
3483 342 3724 410 ordinis,
3755 352 3817 399 ct

508 448 617 492 tate
648 438 944 507 apostolica
974 437 1342 508 dignarentur.

575 530 629 585 5.
679 529 785 584 Nos
836 530 999 600 igitur
1038 529 1131 600 qui
1178 529 1460 600 religionis
1516 529 1994 601 propagationem,
2050 540 2105 589 et

507 620 678 677 divini
709 622 887 677 cultus
921 629 1274 692 augmentum
1316 620 1517 677 nostris
1544 622 1727 693 vigere
1769 622 2107 695 temporibus

506 716 735 772 intensis
764 716 1057 773 desideriis
1086 715 1408 773 affectamus
1431 760 1446 785 ,
1483 716 1793 787 huiusmodi
1825 718 2107 790 supplica-

508 808 743 863 tionibus
772 808 1048 876 inclinati,
1074 809 1500 879 assumptionem
1522 849 1537 876 ,
1570 809 1902 865 erectionem
1928 851 1943 876 ,
1986 825 2107 865 sus-

506 903 835 973 ceptionem,
885 902 1254 970 traditionem,
1298 910 1351 957 et
1393 902 1839 972 publicationem,
1894 910 1950 959 et
2001 902 2106 959 alia

507 994 810 1065 praemissa,
840 995 1122 1066 ipsamque
1146 994 1413 1065 regulam,
1440 1004 1603 1065 prout
1646 994 1875 1051 inferius
1904 995 2109 1051 deseri-

505 1088 682 1157 betur,
720 1103 782 1143 ac
812 1090 1013 1155 omnia,
1048 1098 1103 1144 et
1139 1089 1345 1158 singula
1390 1089 1443 1143 in
1466 1102 1528 1144 ea
1576 1098 1855 1156 contenta,
1887 1102 1951 1143 ac
1981 1087 2108 1143 inde

504 1192 710 1251 secuta,
737 1192 852 1237 rata
883 1181 1170 1245 habentes,
1194 1190 1249 1237 et
1276 1192 1429 1251 grata
1452 1227 1465 1250 ,
1500 1197 1567 1235 ex
1607 1182 1937 1236 auctoritate
1981 1195 2110 1250 apo-

509 1274 699 1329 stolica
728 1290 793 1331 ex
824 1282 1007 1331 nostra
1033 1285 1178 1330 certa
1202 1274 1428 1330 scientia
1449 1273 1853 1339 confirmamus,
1884 1285 1937 1329 et
1967 1288 2106 1343 prm-

511 1368 682 1422 sentis
736 1368 924 1438 scripti
976 1366 1281 1437 patrocinio
1336 1367 1762 1434 communimus,
1795 1366 2108 1436 suppleutes

512 1475 706 1517 omnes
766 1461 1053 1529 defectus,
1108 1462 1154 1517 si
1207 1461 1299 1532 qui
1355 1460 1547 1516 forsan
1600 1461 1998 1519 intervenerint
2051 1459 2105 1515 in

508 1552 741 1609 eisdem.
1467 1568 1476 1575 ‘

576 1645 632 1702 6.
679 1646 995 1702 Statuentes
1039 1646 1428 1713 nihilominus,
1467 1654 1523 1702 et
1564 1646 1726 1702 etiam
1766 1644 2102 1710 ordinantes,

2213 456 2311 511 pro
2346 442 2587 510 ipsorum
2638 438 2827 507 majori
2860 439 3040 508 quiete
3089 437 3421 503 animorum,
3451 438 3593 508 quod
3639 438 3684 493 si
3720 439 3813 509 qui

2214 531 2585 602 professorum
2620 529 2933 600 huiusmodi
2963 530 3163 585 dictam
3211 530 3479 602 regulam,
3508 545 3603 585 seu
3630 530 3815 601 aliqua

2209 624 2281 680 de
2323 623 2597 679 contentis
2636 623 2691 679 in
2719 639 2803 691 ea,
2837 624 3071 678 humana
3101 622 3390 693 fragilitate
3410 664 3425 689 ,
3456 632 3549 678 aut
3579 622 3814 678 infirmi-

2211 725 2319 773 tate
2360 726 2655 782 causante,
2688 732 2785 773 seu
2812 715 2946 772 alias
2993 726 3102 771 tam
3133 726 3347 784 exacte,
3380 725 3549 788 prout
3579 716 3816 773 traditur

2210 810 2263 866 in
2291 809 2522 877 eisdem,
2554 824 2663 865 non
2695 810 3130 880 observaverint,
3150 824 3259 865 non
3291 820 3582 880 prepterea
3605 821 3814 866 morta-

2209 901 2277 958 lis
2304 903 2510 973 peccati
2538 903 2752 959 vinculo
2783 903 2893 958 sint
2924 901 3111 973 ligati,
3141 903 3239 959 sed
3265 919 3361 973 per
3389 918 3518 958 suos
3552 906 3808 975 superio-

2212 1011 2303 1051 res
2344 1012 2442 1067 pro
2478 1012 2667 1050 eorum
2691 1038 2705 1061 ,
2742 1003 2797 1049 et
2828 995 3298 1064 transgressione,
3328 1010 3395 1048 ac
3438 993 3602 1049 modo
3635 995 3813 1063 culpa:

2210 1087 2413 1158 iniungi
2439 1087 2614 1143 valeat
2644 1087 2960 1157 ptenitentia
2992 1085 3272 1152 salutaris,
3315 1101 3476 1156 quam
3526 1086 3812 1156 suscipere

2210 1192 2266 1237 et
2298 1182 2600 1250 adimplere
2624 1189 2932 1235 teneantur.
2958 1178 3076 1234 Non
3100 1179 3443 1235 obstantibus
3465 1178 3805 1250 apostolicis,

2211 1290 2275 1332 ac
2321 1274 2604 1345 prazdicti,
2648 1282 2705 1330 et
2750 1273 2978 1328 aliorum
3004 1286 3470 1343 quorumcumque
3519 1272 3805 1339 ordinum,

2210 1369 2451 1433 statutis,
2476 1377 2533 1423 et
2556 1366 3042 1422 consuetudinibus
3066 1405 3083 1433 ,
3113 1366 3277 1421 etiam
3303 1364 3610 1435 iuramento
3630 1406 3646 1431 ,
3676 1380 3815 1420 con-

2208 1460 2518 1518 firmatione
2566 1460 2883 1529 apostolica,
2925 1459 3009 1513 vel
3038 1473 3377 1529 quacumque
3415 1456 3675 1513 ﬁrmitate
3700 1458 3813 1513 alia

2211 1552 2501 1620 roboratis,
2531 1551 2850 1621 ueterisque
2879 1549 3172 1606 contrariis
3195 1550 3649 1621 quibuscumque.

2283 1648 2338 1703 8.
2391 1646 2574 1703 Teuor
2603 1660 2736 1701 vero
2780 1645 3003 1715 ltegulte
3053 1642 3363 1713 huiusmodi
3418 1644 3486 1699 de
3530 1644 3701 1700 verbo
3743 1645 3817 1700 ad

502 1740 649 1810 quod
695 1741 762 1795 de
791 1752 991 1795 cretero
1032 1740 1214 1811 Lupus
1258 1739 1376 1809 ipse
1415 1782 1431 1809 ,
1486 1742 1713 1810 ejusque
1759 1754 2104 1795 successores
2136 1737 2182 1799 Β
2210 1738 2434 1793 verbum
2464 1738 2733 1808 sequitur,
2753 1746 2808 1792 et
2831 1745 2915 1791 est
2940 1735 3066 1790 talis
3088 1752 3101 1791 :
3121 1734 3339 1790 Fratres
3362 1735 3678 1802 charissimi,
3704 1752 3813 1791 non

503 1830 805 1903 praepositi,
837 1833 1118 1903 generales
1139 1877 1157 1903 ,
1189 1832 1429 1903 priores,
1464 1832 1749 1898 monachi,
1794 1833 2019 1898 fratres,
2048 1843 2103 1887 et

507 1921 871 1991 professores,
907 1938 970 1978 ac
999 1932 1318 1989 conventus,
1346 1932 1403 1978 et
1431 1923 1760 1977 monasteria
1803 1922 1933 1977 dicti
1957 1921 2104 1976 ordi-

500 2014 587 2067 nis
636 2013 1024 2069 monachorum
1071 2014 1428 2069 Ercmitarum
1506 2013 1564 2069 S.
1606 2013 1946 2085 Hieronymi,
1976 2029 2100 2085 quas

502 2121 646 2161 nunc
670 2113 1060 2169 sunt,etcrunt
1082 2107 1134 2161 in
1160 2118 1456 2176 posterum,
1473 2106 1830 2177 profiteantur
1848 2116 1970 2163 vota
1999 2122 2100 2163 sua

503 2199 605 2255 tria
638 2199 963 2271 principalia
1000 2199 1297 2270 religionis,
1331 2214 1394 2254 ac
1417 2201 1579 2254 etiam
1604 2208 1883 2269 regantur,
1917 2208 1971 2254 et
1994 2216 2095 2269 gu-

500 2291 800 2347 bernentur
838 2306 933 2361 per
968 2291 1169 2345 dictum
1214 2290 1457 2361 Lupum,
1482 2290 1706 2360 ejusque
1742 2304 2092 2345 successores

500 2384 824 2456 praepositos
845 2427 859 2451 ,
892 2401 956 2441 ac
978 2385 1163 2442 vivere
1199 2394 1485 2441 teneantur
1525 2385 1821 2441 secundum
1855 2386 2097 2457 regulam

504 2480 847 2551 huiusmodi,
879 2481 1103 2552 eiusque
1141 2481 1531 2536 continentiam
1558 2525 1573 2550 ,
1618 2490 1674 2535 et
1708 2479 1959 2535 efl‘eetum
1988 2524 2001 2547 ,
2037 2495 2100 2536 ac

498 2573 669 2643 ipsius
699 2573 1136 2643 susceptionem,
1169 2573 1516 2627 traditionem
1536 2613 1549 2636 ,
1580 2581 1634 2627 et
1674 2571 2099 2643 publicationem

503 2667 759 2738 prtefatas
783 2712 798 2738 ,
840 2668 1050 2736 aliaque
1081 2665 1323 2721 instituta
1352 2665 1562 2721 ordinis
1590 2664 1899 2736 huiusmodi
1929 2679 2093 2735 regu-

498 2760 658 2818 laria.

570 2854 625 2908 7.
660 2852 918 2908 Volumus
959 2852 1215 2925 insuper,
1245 2862 1407 2925 atque
1449 2850 1799 2910 concedimus
1829 2850 1895 2907 ad
1937 2867 2087 2911 sere-

2207 1847 2338 1901 queo
2356 1846 2509 1901 quem
2533 1838 2698 1883 mente
2720 1828 2928 1900 concepi
2951 1845 3039 1883 ore
3063 1828 3299 1898 proferre
3321 1844 3628 1897 sermonem,
3663 1836 3770 1884 etc.
3791 1845 3807 1895 ;

2210 1924 2263 1977 in
2298 1922 2403 1976 fine
2437 1936 2566 1976 vero
2594 1921 2836 1991 eiusdem
2867 1920 3138 1976 subditur.

2281 2017 2333 2069 9.
2369 2013 2509 2069 Nulli
2532 2029 2665 2084 ergo
2693 2014 2917 2068 omnino
2948 2013 3230 2069 hominum
3268 2012 3430 2069 liceat
3471 2011 3615 2069 hanc
3654 2014 3810 2086 pagi-

2208 2124 2332 2164 nam
2382 2116 2581 2164 nostra:
2613 2109 3069 2175 confirmationis,
3095 2108 3559 2177 communitionis,
3591 2111 3808 2180 suppli-

2205 2202 2455 2267 cationis,
2485 2201 2696 2269 statuti,
2729 2200 3112 2269 ordinationis,
3140 2203 3459 2271 voluntatis,
3488 2211 3543 2258 et
3572 2218 3807 2259 conces-

2200 2296 2374 2351 sionis
2402 2295 2720 2365 infringere,
2754 2294 2837 2351 vel
2861 2296 2909 2351 ei
2938 2312 3071 2351 ausu
3101 2297 3393 2353 temerario
3423 2296 3716 2352 contraire.
3748 2296 3808 2353 Si

2203 2390 2325 2463 quis
2354 2401 2533 2447 autem
2577 2393 2680 2446 hoc
2723 2400 2993 2447 attentare
3022 2391 3449 2462 przesumpserit,
3480 2389 3814 2460 indignatio-

2203 2500 2327 2540 nem
2360 2481 2752 2553 omnipotentis
2794 2482 2913 2545 Dei,
2960 2490 3017 2536 et
3053 2482 3340 2537 beatorum
3370 2480 3519 2538 Petri
3555 2489 3613 2536 et
3652 2480 3811 2536 Pauli

2204 2576 2573 2645 apostolorum
2607 2574 2725 2644 eius
2746 2589 2808 2630 se
2831 2573 3045 2630 noverit
3075 2575 3450 2629 incursurum.
3468 2572 3590 2626 Dat.
3615 2572 3813 2628 Romae

2209 2668 2351 2739 apud
2376 2668 2606 2725 Sanctos
2626 2666 2918 2737 Apostolos
2944 2676 3098 2723 sexto
3129 2666 3249 2723 idus
3268 2665 3419 2734 Julii,
3450 2666 3812 2738 pontificatus

2203 2762 2374 2819 nostri
2404 2778 2548 2818 anno
2578 2759 2795 2817 decimo
2824 2760 3009 2817 tertio.

505 2983 3793 3012 MM

1027 3120 1798 3252 REGULA
1885 3110 3245 3256 MONACHARUM.

493 3428 724 3504 Indigna
770 3444 1007 3503 prorsus,
1038 3443 1153 3500 qua:
1204 3424 1527 3499 Hieronymo
1576 3424 1890 3501 afﬁgeretur,
1944 3424 2108 3478 doctis
2150 3423 2424 3494 probisqne
2479 3423 2777 3480 hominibus
2817 3425 2926 3483 visa
2965 3436 3062 3483 est.
3094 3425 3236 3483 Sane
3266 3442 3427 3500 neque
3470 3436 3576 3501 est,
3610 3430 3665 3486 in
3704 3448 3811 3503 quo

1625 3518 2065 3576 consarcinatoris
2095 3514 2420 3587 diligentiam
2452 3516 2654 3574 Iaudes.

2750 3506 2970 3521 ΑΜ

1808 3624 2217 3700 ΡΒΟΟΞΜ
2231 3624 2471 3695 [ΠΜ.

1977 3786 2321 3803 ﬂ

562 3904 879 3977 Tepeseens
920 3905 974 3960 in
1011 3903 1272 3962 membris
1311 3902 1612 3975 proclivum
1641 3915 1839 3973 corpus
1875 3898 1943 3957 ad
1972 3909 2088 3955 ter-
2118 3898 2164 3963 C
2197 3905 2480 3970 promptus
2506 3906 2621 3967 est,
2664 3908 3105 3970 prsesumptnose
3135 3909 3190 3956 et
3226 3916 3332 3957 non
3377 3902 3565 3960 timide
3607 3904 3806 3961 ambu-

489 4014 605 4055 ram
636 4015 702 4055 ex
736 4014 839 4071 qua
878 3999 1053 4066 exiit,
1099 4000 1322 4069 iamque
1364 4011 1557 4068 rugosa
1594 3995 1778 4050 fronte
1813 4008 2001 4049 senem
2037 4001 2093 4048 et

487 4100 699 4147 natura:
732 4106 873 4161 pene
905 4100 1217 4161 portentum
1248 4110 1262 4143 :
1296 4099 1499 4156 vester,
1536 4087 1867 4158 prtedilectte
1895 4089 1946 4141 in
1983 4086 2089 4142 Do-

488 4186 639 4241 mino
671 4184 821 4253 filiae,
846 4195 901 4239 et
922 4184 1167 4239 Dominae
1188 4182 1394 4239 Christi
1422 4182 1661 4252 virgines
1681 4180 2089 4248 sacratissimm,

488 4276 847 4332 Eustochium
886 4286 943 4332 et
974 4277 1221 4346 reliquae,
1254 4275 1320 4329 ad
1353 4275 1489 4345 Agni
1522 4288 1689 4328 novas
1716 4272 1955 4341 nuptias,
1988 4272 2089 4326 sub

488 4367 852 4435 obedientiaa,
889 4366 1198 4438 pudicitiae,
1232 4367 1606 4438 paupertatis,
1643 4373 1699 4421 et
1730 4365 2013 4435 religionis
2038 4366 2089 4419 in

486 4462 649 4517 domo
685 4461 896 4516 Domini
927 4461 1180 4516 adunata:
1217 4461 1534 4531 proposito,
1572 4460 1799 4514 nimium
1831 4458 2092 4511 sollicitat

487 4555 587 4623 pite
629 4553 938 4609 dev0tionis
972 4554 1025 4607 in
1057 4553 1340 4608 charitatis
1380 4551 1576 4607 affectu
1603 4594 1618 4618 ,
1656 4561 1713 4605 ut
1759 4551 2086 4606 trentulenta

485 4661 679 4700 manus
710 4660 826 4700 sum
851 4661 1145 4715 parumper
1168 4645 1458 4701 vetustatis
1488 4644 1676 4711 oblita,
1706 4642 1817 4697 Deo
1845 4643 2084 4707 vivendi,

485 4754 591 4792 non
632 4738 834 4793 mundo
868 4757 879 4792 :
910 4740 1159 4809 spiritui,
1208 4754 1314 4793 nou
1345 4737 1538 4792 carni:
1585 4744 1638 4791 et
1673 4737 1815 4807 quod
1858 4735 2084 4789 arduum

480 4843 585 4897 est,
621 4848 728 4887 non
763 4832 868 4887 sibi
910 4833 1036 4903 ipsi,
1087 4848 1332 4887 normam
1371 4841 1423 4885 et
1463 4830 1730 4900 regulam,
1771 4844 1837 4882 ex
1883 4827 2085 4882 Christi

481 4934 536 4977 et
564 4926 943 4993 apostolorum
976 4926 1085 4979 vita
1117 4925 1402 4979 collectam
1431 4941 1446 4978 :
1477 4940 1543 4977 ex
1576 4932 1885 4976 Sanctorum
1917 4923 2084 4977 etiam

483 5026 699 5084 patrum
734 5017 1213 5082 auachoretarum,
1237 5032 1376 5087 ηυοε
1405 5032 1501 5087 per
1525 5026 1733 5085 septem
1764 5030 1933 5069 annos
1960 5030 2083 5070 ere-

486 5122 700 5161 morum
734 5118 890 5164 antra
923 5110 1297 5175 circumiens,
1330 5125 1435 5163 non
1476 5109 1594 5162 sine
1640 5106 2000 5162 admiratione
2031 5114 2086 5161 et

479 5201 874 5257 informatione
935 5204 1157 5273 reperi,
1210 5201 1616 5258 observationis
1668 5212 1722 5255 ct
1769 5199 2084 5255 imitatioiiis

2197 3991 2436 4047 fantibus
2465 3991 2519 4047 in
2549 3992 2636 4047 via
2669 3991 2793 4058 Dei;
2828 3993 2881 4047 itt
2913 4008 3016 4063 qua
3050 4001 3128 4048 tot
3157 3994 3331 4050 latent
3368 3995 3632 4063 adversa,
3666 4008 3807 4069 quot

2196 4094 2471 4140 momenta
2524 4093 2651 4139 sunt
2695 4087 3037 4155 temporum!
3083 4085 3341 4157 Exposcit
3375 4100 3556 4144 vestra
3595 4090 3797 4160 pictas,

2196 4188 2252 4233 ut
2282 4178 2492 4249 depicta
2533 4179 2635 4236 sibi
2675 4181 2915 4250 pericula
2941 4223 2957 4248 ,
2990 4190 3045 4236 et
3071 4182 3304 4237 fomenta
3328 4183 3553 4240 remedii
3594 4185 3802 4255 proeli-

2195 4288 2293 4327 vus
2333 4288 2550 4344 semper
2573 4274 2639 4329 ad
2673 4274 2874 4330 malum
2905 4291 2932 4329 a
2966 4274 3269 4346 primordio
3294 4278 3597 4347 iuventutis
3626 4281 3798 4336 ratio-

2195 4366 2335 4419 nalis
2355 4376 2412 4421 et
2436 4365 2687 4422 animalis
2710 4368 2928 4423 animus
2950 4383 3185 4424 cernens
3206 4370 3488 4440 gradiatur
3511 4387 3609 4442 per
3652 4380 3791 4429 tuta.

2191 4458 2236 4512 0
2275 4458 2513 4527 prudens
2559 4459 2872 4527 consilium,
2917 4470 2975 4515 ut
3016 4477 3119 4531 pro
3158 4476 3293 4519 voce
3332 4462 3704 4533 scripturam:
3743 4475 3799 4520 et

2194 4566 2289 4620 pro
2319 4550 2553 4605 faciliter
2576 4553 2900 4619 transeunti,
2930 4552 3023 4607 diu
3050 4569 3365 4610 mansurum
3388 4566 3691 4612 commutet
3715 4559 3727 4611 !
3752 4557 3799 4612 0

2186 4642 2328 4710 iusta
2378 4652 2432 4698 ct
2461 4654 2646 4699 sancta
2677 4644 2989 4701 exhortatio
3011 4686 3027 4714 ,
3056 4653 3111 4701 et
3139 4646 3398 4717 pcrdigna
3427 4647 3800 4705 exauditionis

2193 4735 2486 4791 beneﬁcio!

2265 4826 2391 4895 Sed,
2422 4826 2746 4897 prmdilcctae
2773 4828 2923 4895 ﬁliae,
2946 4838 3001 4885 et
3028 4830 3073 4885 si
3093 4829 3297 4900 justum
3329 4839 3384 4885 et
3414 4839 3661 4887 sanctum
3688 4841 3795 4899 est,

2189 4920 2333 4990 quod
2359 4920 2542 4989 petitis
2572 4937 2597 4972 a
2628 4931 2781 4991 patre
2814 4941 2825 4974 :
2858 4922 3030 4991 patris
3064 4931 3242 4977 tamen
3274 4931 3435 4990 negat
3466 4934 3628 4989 tetas,
3666 4938 3794 4993 pro-

2191 5012 2342 5067 hibet
2399 5012 2802 5080 insuffieientia,
2839 5014 2963 5069 licet
2991 5014 3205 5084 ingerat
3249 5013 3518 5070 cbaritas.
3557 5014 3796 5084 Stupent

2189 5105 2332 5159 oculi
2365 5104 2695 5175 palpitantes
2720 5108 2770 5161 in
2797 5107 3057 5175 tenebris,
3092 5108 3275 5162 horret
3300 5117 3507 5163 naturte
3532 5107 3793 5177 phrenesi

2191 5200 2508 5254 inconstans
2544 5215 2737 5255 manus
2780 5215 3039 5271 peragere
3079 5199 3369 5269 juvenilia.
3418 5200 3682 5255 Hortatur
3714 5210 3799 5256 ta-

480 5296 646 5365 digno
675 5296 1171 5351 commendandam
1217 5296 1515 5365 praeconio,
1552 5296 1603 5348 in
1640 5294 1895 5364 praesenti
1932 5293 2077 5347 lihel-
2110 5294 2159 5354 D
2190 5308 2313 5347 men
2361 5308 2581 5362 semper
2627 5292 2915 5348 (haritatis
2954 5292 3136 5360 ardor,
3180 5309 3249 5349 ne
3288 5301 3540 5363 parcatur
3587 5292 3797 5360 labori,

481 5386 534 5440 In
570 5387 800 5445 edoceat
832 5388 1017 5443 ofticio
1039 5388 1260 5451 calami,
1286 5400 1503 5458 paratas
1533 5395 1746 5441 mentes
1773 5386 1840 5440 ad
1864 5386 2086 5453 bonum,

476 5480 643 5536 veluti
685 5482 864 5551 lingua
891 5481 1213 5551 jamdudum
1240 5480 1451 5535 solebat
1482 5494 1615 5533 voce
1644 5494 1751 5533 non
1787 5486 2021 5533 mortua.
2046 5478 2090 5533 Ο

475 5569 603 5625 felix
639 5571 882 5637 adeetio,
918 5587 951 5627 ο
980 5571 1318 5627 desiderium
1352 5570 1405 5627 iu
1440 5571 1674 5625 Domino
1703 5568 2094 5625 commendan-

473 5664 600 5715 dum
630 5682 643 5718 :
677 5673 737 5717 ut
767 5680 889 5733 qua:
917 5664 1251 5729 deficiente,
1289 5681 1385 5733 per
1415 5665 1629 5719 senium
1660 5674 1715 5718 et
1744 5677 2089 5718 Communem

470 5752 650 5815 m'atis
679 5752 843 5814 finem
890 5755 1073 5833 lingua
1102 5753 1384 5833 doctoris,
1415 5755 1485 5816 de
1538 5770 1673 5815 casu
1715 5754 1952 5827 timetis,
1998 5752 2090 5832 qui

2194 5385 2334 5438 unde
2367 5392 2549 5437 tantus
2595 5384 2868 5453 colligitur
2908 5384 3113 5439 fructus
3151 5402 3163 5437 :
3196 5399 3356 5456 quem
3392 5400 3499 5439 non
3544 5394 3795 5455 putarem

2194 5474 2245 5530 in
2276 5476 2433 5531 vobis
2472 5490 2720 5544 carpere,
2754 5492 2876 5546 qua:
2912 5477 3207 5546 Scriptnris
3251 5476 3318 5530 de
3350 5474 3567 5530 Domini
3601 5477 3799 5532 volun-

2198 5578 2305 5623 tate
2334 5567 2529 5623 melius
2559 5565 2692 5621 estis
2720 5567 2950 5637 edoctae,
2986 5580 3040 5623 ιιι
3074 5567 3435 5623 blandimenti
3474 5568 3679 5641 aliquid
3710 5570 3794 5623 fa-

2197 5669 2334 5728 tear,
2366 5660 2492 5715 licet
2521 5659 2769 5715 veritatis
2793 5704 2808 5728 ,
2842 5662 2943 5717 nisi
2989 5659 3054 5715 ad
3105 5660 3240 5715 alias
3286 5659 3653 5717 succedentes
3699 5678 3797 5733 per

2197 5762 2443 5833 tempora
2484 5750 2895 5817 informandum
2940 5753 3246 5819 traheretur
3275 5760 3454 5816 tantus
3481 5754 3573 5817 hic
3611 5755 3793 5818 labor.
