4050 6198
207 253 306 314 393

1416 252 1702 313 REGULA
1739 250 2248 312 MONACHARUM.

3365 253 3476 312 394

210 369 396 426 Vincat
426 370 590 444 igitur
617 371 861 431 duellum
895 369 1000 428 hoc
1026 369 1265 428 charitas
1296 388 1311 427 :
1345 386 1464 444 quae
1493 373 1669 442 ipsum
1700 372 1782 425 in-
1809 374 1864 434 Α
1886 369 1988 427 bus
2017 371 2368 434 auxiliantur,
2393 367 2497 424 sibi
2521 368 2751 424 invicem
2779 366 3157 429 administrant
3180 368 3401 441 pietatis
3425 378 3480 425 et

211 463 514 523 vincibilem
547 468 695 537 vicit,
722 478 781 522 ut
811 467 1132 523 immortalis
1162 479 1463 523 moreretur
1493 483 1593 537 pro
1611 466 1787 521 nobis.

217 558 405 615 Verum
438 561 636 617 frustra
663 562 781 617 hac
807 571 1057 632 speratur
1077 561 1303 616 victoria
1334 561 1387 615 in
1414 568 1556 615 tanta
1587 561 1793 629 impos-

211 652 461 710 sibilitate
507 665 737 723 naturas,
800 655 905 710 nisi
951 654 1165 710 devotze
1220 654 1498 710 orationes
1560 653 1792 707 ﬁliarum

212 746 380 802 adsint
408 765 423 801 :
456 749 654 820 quibus
682 751 827 805 Deus
852 750 1029 820 paruit
1060 750 1114 805 in
1141 758 1350 805 tantum
1377 749 1447 804 ab
1471 749 1712 819 antiquo,
1735 754 1794 800 ut

213 842 370 897 etiam
401 859 525 899 eum
557 846 853 915 pteniteret
872 859 1063 901 eorum
1105 859 1226 914 qua
1252 843 1501 912 primitus
1538 841 1794 898 minando

212 938 596 1009 spoponderat,
627 938 879 1010 quamvis
907 939 1175 1010 pcenitere
1202 954 1310 994 non
1341 938 1529 1009 possit.

721 1075 951 1132 CAPUT
989 1073 1275 1132 PRIMUM.

419 1201 442 1238 ε’
489 1189 569 1249 De
596 1192 858 1249 Churitate
894 1202 942 1247 et
986 1190 1195 1247 Unitate
1231 1192 1503 1249 servanda.

282 1305 416 1374 Quis
455 1317 633 1363 autem
683 1308 738 1362 in
781 1305 1114 1362 monasterio
1153 1306 1466 1362 constitutis
1513 1304 1793 1362 sororibus

211 1400 417 1471 primus
442 1401 511 1456 sit
533 1400 872 1471 arripiendus
893 1401 1087 1456 modus
1118 1400 1231 1456 Deo
1257 1400 1472 1456 vivendi
1502 1410 1557 1456 et
1582 1402 1788 1471 regula,

213 1493 326 1565 ipse
347 1494 499 1550 solus
526 1494 772 1550 Christus
800 1495 958 1566 hujus
987 1495 1256 1566 prepositi
1294 1495 1545 1565 inceptor
1579 1505 1635 1550 et
1666 1494 1795 1550 doc-

213 1596 315 1652 tor,
343 1588 397 1641 in
429 1587 588 1643 unius
619 1589 980 1659 responsione
1009 1588 1233 1644 instruit
1263 1588 1578 1643 universos:
1606 1587 1669 1643 Si
1695 1588 1792 1653 vis,

219 1680 389 1752 inquit
412 1679 552 1735 idem
591 1682 846 1751 magister
872 1681 989 1736 haec
1018 1681 1244 1750 petenti,
1270 1683 1337 1734 ad
1376 1682 1534 1734 vitam
1571 1679 1794 1751 ingredi,

1891 463 2177 519 charitatis
2206 464 2487 529 obsequia.
2525 463 2633 520 Sed
2666 474 2813 519 certe
2839 463 2886 516 si
2919 465 3112 520 fratres
3140 474 3232 518 aut
3261 479 3477 519 sorores

1889 556 2055 612 simul
2085 558 2139 611 in
2169 573 2333 613 unum
2376 572 2482 612 non
2513 556 2761 612 habitent
2798 575 2808 608 :
2841 571 2948 612 non
2977 557 3087 627 jam
3118 558 3343 625 bonum,
3375 556 3472 613 sed

1891 653 2092 707 malum
2121 660 2226 709 est.
2257 652 2402 707 Nihil
2435 652 2629 706 bonum
2658 650 2912 709 divisum.

1966 747 2141 802 Omne
2162 747 2325 802 etiam
2355 745 2655 801 secundum
2680 744 3042 816 philosophos
3073 745 3125 800 in
3151 753 3353 801 tantum
3383 745 3478 800 ha-

1894 838 1990 895 bet
2017 839 2299 902 bonitatis,
2330 838 2382 892 in
2421 846 2680 905 quantum
2709 837 2932 891 unitatis
2975 838 3217 892 attinens
3253 852 3364 892 suae
3391 852 3484 891 na-

1895 946 2057 991 turas.
2100 934 2261 1001 Quod
2291 934 2338 989 si
2370 932 2637 1003 singulum
2666 947 2833 986 unum
2881 931 2936 986 in
2983 940 3094 987 tota
3142 932 3326 987 mundi
3373 946 3486 984 ma-

1896 1029 2059 1085 china
2086 1041 2185 1097 per
2209 1041 2270 1081 se
2295 1035 2541 1081 creatum
2565 1035 2650 1080 est
2678 1025 2876 1080 bonum
2906 1045 2920 1078 :
2949 1040 3056 1079 non
3082 1032 3265 1081 tamen
3287 1033 3370 1080 est
3393 1039 3492 1092 op-

1897 1123 2112 1187 timum,
2165 1118 2271 1173 nisi
2315 1118 2532 1174 caeteris
2575 1133 2797 1173 nexum.
2829 1118 3126 1189 Propterea
3173 1120 3227 1173 in
3269 1116 3489 1174 exordio

1896 1211 2085 1267 mundi
2117 1212 2255 1266 vidit
2285 1212 2444 1278 Deus,
2484 1211 2628 1282 quod
2667 1222 2860 1267 cuneta
2887 1229 3010 1282 quae
3045 1213 3250 1268 fecerat
3278 1254 3293 1281 ,
3334 1219 3490 1267 erant

1894 1306 2058 1361 valde
2079 1305 2241 1360 bona.
2286 1305 2515 1372 Idcirco,
2562 1306 2922 1369 charissimte,
2960 1308 3015 1361 in
3036 1307 3349 1378 apostolica
3379 1307 3490 1361 vita

1896 1399 2049 1454 vobis
2071 1399 2140 1454 de
2163 1399 2368 1455 saeculo
2397 1400 2645 1454 adunatis
2667 1415 2764 1469 per
2791 1414 3051 1469 corpora,
3075 1401 3150 1455 sit
3176 1416 3272 1456 cor
3297 1415 3485 1466 unum,

1899 1503 1955 1548 et
2001 1493 2180 1547 anima
2228 1508 2335 1547 una
2379 1494 2434 1548 in
2468 1493 2721 1559 Domino,
2758 1493 2904 1546 velut
2936 1493 3002 1547 de
3034 1493 3298 1561 apostolis
3331 1500 3384 1547 ct
3423 1493 3492 1548 de

1899 1589 2032 1660 ipsis
2091 1590 2410 1661 apostolicis
2461 1589 2593 1644 viris
2641 1590 2696 1643 in
2746 1588 2968 1644 Actibus
3011 1603 3202 1642 eorum
3255 1587 3490 1656 legitur:

1903 1683 2260 1739 Multitudinis
2288 1687 2421 1739 enim
2453 1685 2770 1740 credentium
2801 1692 2908 1738 erat
2937 1700 3026 1737 cor
3053 1699 3216 1736 unum
3245 1690 3292 1736 et
3320 1682 3494 1734 anima

217 1789 355 1828 serva
376 1773 814 1840 mandata.Quod
833 1774 877 1828 si
902 1773 1040 1829 forte
1058 1782 1332 1844 qureratur
1357 1789 1474 1842 qua:
1501 1773 1629 1839 sint,
1652 1772 1796 1827 illico
1828 1769 1878 1831 B
1905 1796 2010 1832 una
2042 1780 2096 1833 in
2136 1779 2390 1834 Domine.
2425 1779 2581 1834 Nulla
2613 1780 2721 1833 vita
2760 1794 2860 1850 pro
2891 1787 3044 1833 certo
3088 1787 3174 1832 est
3221 1776 3488 1843 deterior,

215 1867 288 1922 sic
302 1866 672 1936 percunctanti
686 1867 931 1936 exposuit
949 1866 1164 1937 :Diliges
1181 1865 1459 1919 Dominum
1475 1865 1639 1918 Deum
1655 1874 1796 1918 tuum

215 1975 274 2015 ea:
305 1969 414 2014 toto
435 1961 612 2029 corde,
639 1967 828 2028 mente,
853 1970 898 2014 et
924 1961 1118 2016 viribus
1142 1961 1263 2028 tuis,
1290 1968 1337 2014 et
1362 1961 1477 2032 plus
1498 1975 1650 2030 quam
1673 1958 1801 2029 teip-

220 2068 369 2108 aum:
395 2063 442 2107 et
457 2054 750 2124 proximum
769 2064 910 2107 tuum
928 2054 1058 2107 sicut
1073 2054 1137 2107 (ei
1143 2069 1290 2124 psunt
1309 2051 1522 2124 (Matth.
1538 2067 1594 2118 v,
1606 2049 1721 2122 45).
1742 2050 1803 2106 lu

218 2144 300 2202 bis
326 2146 540 2202 duobus
563 2147 848 2216 praeceptis
867 2146 1065 2216 pendet
1088 2145 1349 2216 quidquid
1371 2156 1454 2201 est
1476 2145 1631 2216 legis,
1646 2143 1801 2214 quid-

224 2237 350 2310 quid
377 2239 540 2293 etiam
571 2240 851 2309 propheta:
880 2247 936 2294 et
962 2239 1134 2293 sancti
1163 2239 1264 2293 viri
1295 2237 1618 2308 pet-scrutati
1651 2243 1800 2292 sunt.

290 2329 358 2384 Et
382 2329 652 2386 attendite
675 2331 929 2398 sollicite,
959 2346 1166 2401 quasso,
1196 2330 1553 2397 charissima,
1577 2346 1695 2402 qua:
1723 2332 1806 2386 in-

227 2425 370 2496 gredi
415 2440 523 2480 non
558 2424 734 2480 solum
774 2426 902 2481 totis
933 2424 1218 2480 affectibus
1257 2427 1456 2496 cupitis
1499 2426 1567 2481 ad
1611 2426 1802 2492 vitam,

227 2535 346 2592 qua:
390 2536 518 2577 vere
562 2521 672 2577 vita
717 2531 802 2578 est
843 2523 995 2593 (nam
1036 2523 1343 2578 viventibus
1375 2524 1429 2577 in
1461 2522 1662 2578 mundo
1695 2522 1805 2577 vita

229 2630 340 2670 non
362 2615 574 2684 est,sed
604 2616 798 2687 mors),
822 2614 916 2670 sed
941 2616 1053 2684 jam
1085 2616 1177 2671 Dei
1207 2617 1406 2671 auxilio
1433 2617 1562 2672 estis
1593 2618 1695 2671 iter
1727 2616 1807 2671 in-

239 2723 456 2778 gressae,
487 2709 629 2779 quod
656 2710 775 2764 sine
803 2709 1093 2779 praeceptis
1116 2709 1405 2764 charitatis
1440 2724 1547 2764 non
1572 2708 1809 2780 ingredi-

235 2811 324 2858 tur
350 2803 625 2874 quisquam
657 2803 724 2858 ad
770 2803 882 2858 Deo
910 2803 1222 2858 vivendum.
1256 2803 1486 2872 Pr0pter
1517 2803 1621 2858 hoc
1662 2804 1809 2858 enim

229 2896 505 2968 apostolus
528 2896 731 2952 Paulus
759 2910 866 2951 non
887 2897 1150 2966 gloriatur
1173 2896 1230 2950 in
1259 2895 1460 2967 linguis
1490 2893 1812 2966 angelorum

227 2999 283 3045 et
327 2989 603 3046 hominum
625 3029 640 3054 ,
672 3005 783 3044 non
813 2989 868 3044 in
913 2989 1226 3061 cognitione
1255 2990 1643 3062 mysteriorum
1691 2989 1810 3057 Dei,

227 3098 335 3141 non
368 3085 425 3140 in
453 3085 650 3155 spiritu
678 3084 974 3155 prophetiae
998 3126 1012 3150 ,
1044 3101 1154 3140 non
1186 3085 1241 3139 in
1272 3084 1665 3155 asperitatibus
1690 3099 1812 3139 caro

1905 1887 2068 1942 quam
2106 1872 2268 1928 simul
2295 1873 2494 1942 degere
2532 1888 2761 1942 corpore
2795 1883 2849 1928 et
2891 1887 2999 1928 non
3031 1883 3233 1928 mente.
3268 1871 3334 1927 Et
3365 1886 3495 1926 vere

1903 1965 2150 2022 infelices
2195 1975 2342 2033 sunt,
2393 1966 2589 2036 quibus
2627 1980 2736 2021 non
2783 1966 2924 2021 inest
2962 1980 3097 2032 una,
3130 1963 3228 2020 sed
3273 1964 3487 2020 diversa

1905 2060 2175 2116 voluntas.

1980 2153 2062 2210 Sit
2091 2156 2273 2225 itaque
2291 2154 2449 2210 vobis
2479 2167 2696 2224 semper
2717 2169 2854 2209 unus
2883 2153 3126 2220 allectus,
3161 2166 3268 2208 una
3296 2153 3494 2207 volun-

1909 2257 2015 2313 tas,
2041 2263 2146 2302 una
2177 2247 2512 2314 fraternitas,
2549 2263 2652 2303 una
2691 2248 2973 2319 proportio
3006 2263 3243 2312 morum,
3268 2261 3375 2301 una
3417 2246 3500 2315 ju-

1911 2338 2182 2405 cunditas,
2213 2355 2317 2394 una
2351 2341 2570 2395 tristitia
2598 2357 2612 2393 :
2645 2355 2715 2395 ne
2746 2340 2890 2411 quod
2922 2340 3112 2396 altera:
3146 2340 3351 2410 placet,
3383 2339 3498 2393 dis-

1910 2432 2110 2504 pliceat
2159 2431 2524 2502 alteramque
2571 2431 2772 2504 gaudet
2823 2433 3016 2501 altera,
3065 2433 3316 2488 tristetur
3344 2440 3397 2487 et
3426 2431 3506 2487 al-

1911 2533 2051 2581 tera.
2084 2525 2152 2580 Et
2181 2526 2261 2580 sic
2301 2525 2504 2581 habere
2535 2526 2786 2594 poteritis
2820 2527 3107 2596 religionis
3136 2526 3505 2597 propositum,

1912 2622 1960 2676 si
2005 2619 2287 2675 unanimes
2331 2620 2384 2674 in
2416 2620 2582 2674 domo
2615 2620 2710 2675 Dei
2744 2619 3024 2675 habitetis.
3073 2619 3201 2675 Haec
3239 2634 3369 2675 vera
3397 2619 3508 2673 vita

1913 2713 2032 2780 Dei,
2069 2729 2178 2768 non
2205 2711 2408 2768 diaboli
2433 2729 2446 2765 :
2473 2728 2605 2769 vere
2636 2714 3059 2782 monasterium,
3089 2728 3200 2770 non
3227 2712 3504 2769 infernus:

1913 2823 2044 2864 vere
2071 2806 2176 2864 vita
2205 2807 2486 2879 religiosa,
2519 2823 2629 2864 non
2659 2807 2948 2865 diabolica.

2538 2943 2764 3002 CAPUT
2801 2946 2885 3001 Il.‘

2196 3061 2276 3117 De
2304 3079 2405 3119 non
2435 3061 2672 3119 habendo
2703 3064 2902 3135 aliquid
2933 3065 3223 3137 proprium.

227 3181 336 3249 nis,
367 3197 478 3237 non
514 3180 678 3236 etiam
715 3180 771 3234 in
800 3180 1268 3252 eleemosynarum
1310 3181 1589 3251 operibus,
1625 3194 1814 3251 quam-
1838 3165 1884 3231 C
1993 3181 2134 3237 Ante
2177 3181 2376 3237 mentis
2400 3189 2598 3238 vestra:
2642 3182 2830 3238 oculos
2874 3197 3092 3254 semper
3131 3184 3509 3254 evangelicum

227 3287 386 3344 quam
439 3272 510 3328 ad
556 3271 740 3327 omnia
780 3275 952 3343 pietas
992 3273 1206 3342 valeat,
1241 3273 1534 3330 dummodo
1577 3272 1812 3331 Charitas

227 3382 336 3424 non
365 3366 533 3422 desit.

1919 3271 2056 3332 illud
2085 3283 2345 3347 appareat
2373 3275 2715 3332 stolidissimi
2737 3275 2840 3330 viri
2873 3275 3016 3332 illius
3041 3278 3355 3347 exemplum
3379 3295 3394 3332 :
3420 3280 3513 3348 qui

1920 3370 2214 3429 {editicium
2257 3387 2418 3428 suum
2449 3370 2595 3441 quod
2623 3383 2972 3439 summepere
3003 3371 3226 3439 fecerat,
3259 3373 3514 3443 ingruen-

295 3463 431 3518 Haac
461 3462 650 3533 itaque
678 3462 796 3519 sola
829 3462 1004 3520 reddit
1043 3462 1315 3520 hominem
1349 3464 1460 3521 Deo
1487 3465 1769 3521 viventem
1792 3503 1806 3532 ,

227 3554 344 3612 hac
371 3555 686 3628 religiosos,
721 3555 837 3611 haec
879 3557 1176 3612 monachos
1215 3556 1378 3615 facit:
1410 3558 1527 3615 sine
1559 3559 1660 3613 hac
1690 3573 1810 3613 mo-

231 3649 473 3704 nasteria
525 3657 654 3704 sunt
696 3657 921 3716 tartara,
965 3648 1301 3706 habitatores
1349 3662 1473 3706 sunt
1512 3651 1811 3707 daemones.

229 3740 366 3798 Cum
398 3743 500 3797 hac
524 3757 656 3798 vero
678 3753 809 3798 sunt
834 3744 1120 3814 paradisus
1150 3746 1203 3800 in
1229 3747 1425 3801 terris:
1450 3755 1504 3801 et
1527 3747 1580 3801 in
1613 3747 1691 3802 eis
1719 3746 1817 3802 de-

228 3847 418 3908 gentes
447 3845 578 3893 sunt
603 3837 802 3908 angeli.
834 3837 1090 3909 Ideoque,
1115 3838 1247 3894 mihi
1274 3838 1484 3894 dilectae
1516 3839 1663 3905 ﬁliae,
1687 3839 1817 3894 licet

230 3927 388 3999 longa
416 3945 515 3986 vos
546 3939 823 3987 macerent
864 3931 1100 4000 jejunia,
1135 3930 1344 4000 abjecta
1375 3939 1430 3986 et
1462 3931 1612 4001 nigra
1646 3933 1816 3986 vestis

229 4022 691 4096 deformet,longa
717 4023 1029 4080 ofﬁciorum
1053 4033 1348 4092 et0perum
1369 4032 1586 4078 texatur
1606 4023 1812 4079 series:

230 4116 279 4172 si
307 4118 456 4172 intus
483 4115 626 4172 desit
653 4117 910 4183 Charitas,
944 4116 1012 4172 ad
1045 4117 1288 4171 infimum
1330 4116 1570 4171 nondum
1601 4115 1816 4186 religio-

231 4209 322 4262 nis
344 4206 569 4278 gradum
597 4219 924 4280 perventum
951 4217 1057 4265 est.
1091 4208 1410 4279 PrOpterea,
1438 4208 1775 4263 charissima:
1795 4254 1812 4279 ,

228 4297 318 4355 hic
349 4300 717 4371 incipiendum
744 4311 827 4359 est
855 4303 980 4371 iter,
1023 4300 1091 4357 ad
1119 4302 1438 4374 apostolica:
1470 4301 1816 4373 perfectionis

227 4398 466 4466 ινῑωωε
583 4419 588 4431 "
1927 4410 2044 4482 qui,
2076 4408 2298 4463 relictis'
2319 4406 2571 4462 omnibus
2607 4419 2727 4474 qua:
2777 4401 3049 4457 habebant
3091 4400 3146 4454 in
3192 4398 3416 4466 sazculo,
3452 4399 3522 4453 ad

295 4490 358 4545 Si
385 4503 522 4545 vero
547 4489 774 4546 relativa
801 4500 885 4547 est
913 4489 1170 4560 Charitas,
1197 4501 1252 4547 et
1282 4490 1349 4548 ad
1379 4507 1546 4548 unum
1577 4507 1686 4548 non
1715 4507 1816 4563 po-
1926 4503 2209 4559 Christum
2236 4500 2555 4556 imitandum
2581 4494 2994 4568 pauperculum,
3019 4490 3110 4562 qui
3137 4488 3228 4546 ubi
3251 4500 3411 4560 caput
3433 4505 3522 4545 re-

229 4589 333 4638 test
362 4583 586 4655 proprie
615 4583 838 4639 dilectio
865 4584 1110 4642 fraterna
1155 4584 1266 4641 dici
1295 4603 1310 4639 :
1359 4585 1564 4642 idcirco
1595 4595 1678 4642 est
1722 4602 1820 4642 ne-
1844 4575 1900 4641 Β
1931 4599 2103 4655 cunei
2123 4640 2136 4665 ,
2168 4612 2274 4653 non
2302 4596 2499 4662 habet,
2524 4599 2914 4649 concurrentes
2951 4603 3020 4643 ex
3050 4595 3178 4641 γοιο
3202 4626 3215 4653 ,
3248 4584 3350 4640 sub
3375 4583 3527 4655 jura-

229 4692 384 4734 cesse
411 4679 557 4750 quod
581 4679 764 4749 plures
785 4681 918 4748 sint,
942 4681 1032 4752 qui
1059 4697 1120 4737 se
1147 4691 1334 4737 mutuo
1363 4697 1428 4737 ex
1451 4681 1718 4737 charitate
1738 4681 1808 4737 di-

1935 4691 2106 4750 menti
2126 4688 2514 4760 pollicitatione
2537 4685 2924 4754 promiserunt,
2949 4678 3084 4732 nihil
3101 4677 3426 4746 temporale,
3441 4677 3525 4733 ni-

231 4769 425 4842 ligant,
452 4784 510 4826 ut
534 4771 745 4827 dicatur
763 4773 912 4843 juxta
943 4774 1261 4845 prophetam
1290 4793 1303 4828 :
1336 4773 1538 4829 Bonum
1559 4783 1606 4828 et
1624 4776 1808 4845 jucun-

1938 4785 2017 4842 hil
2031 4795 2304 4841 terrenum
2320 4789 2515 4853 prteter
2530 4777 2803 4832 Christum
2819 4773 3018 4838 solum,
3035 4785 3143 4825 non
3163 4770 3337 4824 solum
3353 4774 3525 4841 possi-

229 4867 352 4921 dum
379 4876 454 4923 est
498 4867 730 4922 habitare
770 4869 958 4940 fratres
998 4873 1051 4923 in
1100 4886 1259 4923 unum
1299 4868 1473 4941 (Psal.
1504 4884 1708 4935 cxxxu,
1739 4868 1817 4939 l).
1935 4874 2091 4945 dere,
2117 4875 2211 4930 sed
2225 4889 2323 4928 nec
2337 4873 2498 4928 etiam
2522 4879 2936 4939 appetere,qu:c
2959 4865 3070 4934 jam
3091 4863 3428 4935 dimiserunt,
3447 4877 3529 4924 ιε-

229 4961 383 5030 Quod
429 4964 564 5018 satis
607 4963 872 5034 approbat
908 4962 1184 5034 Sapientia
1223 4963 1409 5018 dicens
1449 4980 1462 5017 :
1510 4961 1701 5017 Frater
1730 4963 1821 5033 qui
1940 4984 2074 5028 nere
2097 4967 2185 5022 vel
2205 4978 2448 5036 querere
2477 4961 2697 5017 debent.
2719 4960 2850 5014 Hinc
2871 4957 3120 5012 Christus
3142 4959 3400 5027 apostolis
3419 4975 3532 5017 non

229 5053 387 5110 simul
404 5057 626 5127 juvatur
647 5074 678 5110 a
706 5056 885 5127 fratre,
910 5058 1056 5128 quasi
1084 5057 1265 5111 civitas
1289 5058 1438 5125 ﬁrma
1461 5056 1640 5129 (Prov.
1667 5074 1816 5126 xvnt,
1941 5073 2164 5140 portare
2190 5061 2486 5124 sacculum,
2513 5071 2688 5127 neque
2714 5069 2927 5126 peram,
2958 5068 3132 5123 neque
3178 5069 3252 5110 tes
3292 5055 3344 5110 in
3379 5057 3532 5113 zonis

1921 3465 2066 3522 tibus
2095 3464 2433 3530 fluminibus,
2465 3462 2720 3518 ﬂantibus
2746 3463 2951 3529 ventis,
2983 3472 3038 3518 et
3067 3462 3332 3518 imbribus
3359 3464 3518 3519 inunv

1920 3559 2173 3616 dantibus
2213 3558 2546 3630 pluviarum,
2587 3565 2760 3611 totum
2803 3554 2983 3610 amisit
3028 3556 3083 3610 in
3114 3571 3306 3612 casura
3340 3574 3354 3610 :
3387 3571 3523 3627 quo-

1922 3657 2069 3709 niam
2099 3651 2421 3708 mdiﬁcatum
2452 3659 2570 3706 erat
2596 3651 2652 3704 in
2681 3648 2894 3705 sabulo.
2929 3648 3038 3705 Nec
3067 3650 3284 3718 mirum,
3309 3649 3519 3706 charis-

1922 3749 2077 3804 sima:
2100 3764 2115 3815 ;
2142 3748 2354 3802 ﬁrmum
2391 3745 2535 3801 enim
2560 3744 2689 3814 quid
2715 3753 2807 3800 aut
2840 3743 3069 3813 stabile,
3101 3745 3155 3799 in
3198 3744 3384 3800 mobili
3423 3744 3517 3800 diu

1923 3858 2144 3899 manere
2182 3856 2288 3897 non
2321 3848 2517 3911 potest.
2565 3836 2819 3893 Ediﬁcat
2854 3837 3035 3893 fatuus
3077 3837 3166 3894 ille
3214 3839 3269 3894 in
3301 3837 3516 3906 sabulo,

1924 3939 2016 4009 qui
2046 3938 2100 3992 in
2128 3937 2238 3992 vita
2274 3933 2569 4006 apostolica
2604 3940 2658 3987 et
2699 3930 2980 4002 religionis
3005 3933 3285 4002 proposito
3315 3933 3517 4003 appetit

1925 4031 2253 4102 temporales
2279 4029 2517 4084 divitias.
2549 4027 2649 4082 Hic
2691 4025 2972 4094 attendite,
3006 4026 3155 4093 ﬁliae,
3188 4027 3520 4097 diligenter:

1924 4126 2019 4183 hic
2066 4125 2366 4198 periculum
2415 4139 2577 4182 omne
2624 4131 2730 4189 est,
2777 4122 2864 4177 hic
2912 4120 3185 4190 interitus,
3233 4119 3324 4176 hic
3371 4134 3522 4177 mors

1926 4231 2152 4278 mterna.

1999 4315 2100 4384 Qui
2126 4315 2236 4386 jam
2267 4313 2718 4370 renuntiaverunt
2747 4307 2998 4366 omnibus
3028 4321 3148 4378 qua:
3189 4305 3474 4378 possident
3500 4323 3518 4363 ε

230 5148 341 5221 l9).
402 5149 473 5206 Et
524 5151 760 5206 iterum:
804 5150 866 5206 Si
913 5153 1105 5223 fuerint
1137 5152 1239 5206 duo
1268 5152 1443 5218 simul,
1479 5151 1718 5222 fovebant
1767 5169 1821 5205 se

230 5253 413 5300 mutuo
445 5263 457 5298 :
491 5245 585 5300 sed
611 5244 655 5299 si
695 5261 828 5300 unus
858 5247 1130 5317 gradiatur
1158 5256 1205 5302 et
1233 5245 1411 5314 cadat,
1445 5259 1520 5299 υιε
1545 5245 1663 5312 soli,
1695 5261 1824 5316 quo-

229 5338 370 5392 niam
415 5339 773 5394 sublevantem
809 5354 913 5394 non
958 5339 1106 5394 habet
1133 5338 1361 5410 (Eccles.
1395 5353 1470 5408 tv,
1500 5337 1616 5410 10).
1646 5336 1823 5408 Pr0p-

229 5437 383 5488 terea
425 5430 796 5488 solitariorum
846 5431 953 5486 vita
1002 5447 1159 5504 quam
1208 5433 1343 5488 satis
1388 5441 1647 5503 expertus
1677 5445 1821 5499 sum,

230 5526 699 5596 periculosissima
720 5534 802 5582 est
824 5534 879 5582 et
898 5525 1065 5583 ardua
1094 5546 1106 5582 :
1130 5536 1184 5583 et
1211 5528 1256 5584 si
1284 5527 1426 5583 bona
1455 5535 1512 5582 et
1537 5526 1827 5598 quamplu-

231 5619 342 5677 ries
374 5623 487 5677 Deo
516 5621 715 5690 vicina,
747 5639 856 5678 non
885 5631 1067 5678 tamen
1101 5639 1254 5695 aeque
1290 5639 1484 5680 secura
1524 5633 1627 5690 est,
1659 5631 1718 5677 ut
1753 5622 1836 5677 si-'

232 5721 348 5775 mul
378 5720 744 5776 habitantium
773 5720 829 5774 in
861 5719 1078 5775 vinculo
1108 5717 1420 5776 dilectionis
1458 5729 1515 5776 et
1545 5717 1828 5775 charitatis

230 5813 456 5876 aﬂ‘ectu.
488 5815 596 5886 Qui
625 5814 730 5875 sibi
764 5814 996 5870 invicem
1031 5831 1125 5885 per
1161 5824 1495 5877 tcntamenla
1525 5813 1829 5873 deﬁcienti-

752 5909 1029 5974 Pnnon.
1065 5907 1304 5997 XXX,

1775 6019 1800 6027 .—

1947 5157 2174 5217 mandat
2195 5173 2208 5211 :
2232 5165 2291 5209 ut
2317 5169 2386 5209 ex
2406 5155 2510 5206 hoc
2526 5148 2835 5218 intelligant
2863 5162 3051 5201 eorum
3071 5148 3196 5202 vita:
3215 5158 3536 5216 sectatores,

1947 5250 2092 5325 quod
2112 5246 2243 5306 nihil
2260 5244 2537 5319 preprium
2552 5242 2605 5298 in
2625 5238 2975 5297 monasteriis
2989 5238 3118 5296 licet
3140 5240 3364 5296 habere.
3379 5241 3543 5297 Certe

1947 5357 2059 5402 non
2089 5343 2348 5408 tunicam,
2383 5337 2490 5395 nisi
2513 5352 2635 5407 qua:
2659 5351 2725 5391 ex
2755 5335 3083 5391 necessitate
3117 5342 3399 5406 portatur:
3433 5347 3544 5390 non

1945 5437 2202 5508 caligant,
2230 5448 2330 5490 nec
2356 5429 2505 5487 aliud
2535 5428 2816 5484 minimum
2837 5426 3110 5498 quodque.

2032 5532 2232 5586 Verum
2262 5537 2317 5584 et
2345 5525 2393 5582 si
2422 5524 2674 5580 Christus
2708 5533 2763 5580 et
2806 5521 3037 5592 apostoli
3070 5519 3250 5593 aliqua
3281 5537 3400 5592 quae.
3444 5520 3552 5578 sibi

1961 5626 2264 5689 dabuntur,
2296 5632 2520 5694 propter
2549 5617 2931 5674 necessitatem
2964 5615 3247 5682 tenebant,
3277 5615 3413 5670 nulli
3442 5615 3556 5672 sin-

1954 5718 2212 5794 gulorum
2243 5711 2663 5784 licebataliquid
2705 5727 2772 5768 ex
2803 5711 2887 5767 his
2935 5711 3253 5781 contingere
3286 5718 3562 5780 tamquam

1958 5825 2162 5876 suum:
2197 5807 2296 5872 sed
2327 5807 2598 5884 pessimus
2641 5804 2734 5868 ille
2781 5804 3033 5881 proditor
3082 5814 3239 5881 atque
3270 5805 3449 5883 ,latro,
3479 5804 3560 5877 te:

2987 5899 3062 5966 13
