4050 6198
557 238 665 301 595

1588 228 1645 286 S.
1687 221 2073 284 HIERONYMI
2109 220 2401 280 OPERUM‘
2432 223 2793 284 MANTlSSA.

3727 221 3838 286 598

560 370 691 416 rens
715 353 947 422 loculos,
974 348 1153 406 omnia
1180 346 1427 418 portabat
1451 345 1505 400 in
1529 344 1608 399 eis
1630 342 1805 398 velati
1826 340 1991 394 totius
2012 352 2142 392 con-
2168 341 2215 399 Α
2244 337 2343 403 sic,
2378 337 2572 406 quibus
2610 335 2696 393 hic
2726 336 2943 407 pietatis
2973 335 3250 408 minutus
3280 342 3365 393 est
3408 335 3584 402 labor,
3628 342 3690 393 ut
3726 338 3842 394 sin-

566 450 898 524 gregatiunis
923 444 1235 501 communia
1259 458 1274 498 :
1306 449 1361 496 et
1388 440 1638 494 minister
1672 435 2000 499 communis,
2021 432 2145 524 ‘sin-A

563 522 813 614 palorum
847 535 1262 594 necessitatibus
1287 530 1631 604 providebat.
1662 527 1733 583 Et
1754 542 1818 581 ex
1844 525 1945 579 hoc
1968 522 2144 578 edocti

565 633 795 706 apostoli
836 639 891 685 et
939 628 1129 683 ﬁdeles
1172 633 1297 697 post
1335 622 1541 678 Christi
1585 619 1964 675 necensionem
2010 614 2146 669 nihil

563 730 787 783 omnino
823 738 979 778 suum
1020 736 1142 775 esse
1182 717 1440 773 dicebant
1470 730 1484 768 :
1527 711 1618 767 sed
1663 719 1809 767 erant
1838 709 1945 762 illis
1973 706 2145 761 omnia

560 820 849 878 communia
877 832 896 871 :
942 824 990 871 et
1029 812 1247 885 singulis
1294 808 1619 864 diuidebatur
1670 814 1825 878 prout
1871 804 2149 869 unicuique

563 930 693 983 opus
722 922 850 968 erat.
882 910 975 965 Sic
1010 919 1065 965 et
1108 923 1233 969 vos,
1272 903 1606 960 charissimte
1644 897 1789 963 ﬁliae,
1823 906 1877 952 et
1911 895 1955 950 si
1987 894 2149 949 liceat

563 1010 769 1065 habere
790 1004 987 1075 aliquid
1018 1000 1341 1072 temporale,
1366 1006 1423 1052 ut
1443 996 1647 1049 victum
1674 1000 1730 1047 et
1748 998 2144 1059 tegumentum,

562 1118 681 1172 quae
728 1101 833 1153 duo
864 1098 1020 1169 plene
1065 1094 1345 1151 sufﬁciunt
1373 1085 1726 1145 Christiano:
1775 1083 1908 1138 nihil
1956 1082 2145 1134 horum

562 1193 792 1264 alicujus
838 1191 907 1246 sit
956 1199 1239 1251 vestrum,
1288 1182 1382 1238 sed
1439 1193 1728 1236 commune
1772 1174 2149 1245 quodcumque

563 1292 727 1346 etiam
777 1284 1023 1341 minimis
1067 1279 1319 1352 puellulis
1361 1274 1664 1346 quibusque
1696 1269 2049 1326 distribuatur
2094 1276 2149 1323 ut

561 1385 738 1439 decet.

1173 1488 1404 1549 CAPUT
1448 1486 1540 1544 HI.

567 1618 644 1673 De
666 1616 901 1690 eligendo
931 1606 1217 1690 sororeshad
1238 1605 1587 1690 recipientium
1609 1609 1657 1655 et
1686 1594 2147 1655 administrandum

1125 1678 1255 1735 bona
1278 1676 1594 1732 monasterii.

648 1847 831 1915 Itaque
865 1843 1111 1898 obtestor
1134 1853 1231 1893 vos
1256 1849 1447 1892 omnes
1475 1842 1527 1888 et
1550 1830 1792 1901 singulas
1819 1841 2001 1882 coram
2047 1824 2158 1880 Deo

569 1952 623 1995 et
651 1940 869 1994 Christo
892 1936 1040 1999 Jcsu,
1070 1934 1157 2002 qui
1176 1929 1513 2001 judicaturus
1539 1935 1624 1981 est
1650 1936 1860 1986 omnes,
1884 1929 1944 1974 ut
1964 1933 2156 1974 aurum

571 2045 624 2089 ct
651 2042 955 2102 argentum,
988 2034 1146 2097 atque
1174 2024 1282 2078 cito
1315 2020 1581 2076 transiens
1605 2015 1853 2087 pecunia,
1883 2014 2029 2067 nulla
2064 2025 2160 2066 cor

573 2134 813 2184 veStrum
840 2123 1049 2179 ratione
1076 2118 1301 2174 seducat
1332 2133 1345 2168 :
1380 2123 1438 2169 ut
1466 2113 1669 2166 nitatur
1697 2108 1877 2179 aliqua
1916 2114 2154 2160 vestrum

566 2238 687 2277 eum
729 2218 933 2275 Ananin
981 2222 1037 2269 et
1078 2211 1340 2282 Sapphira
1382 2204 1600 2262 mentiri
1652 2201 1874 2273 Spiritui
1926 2207 2149 2263 sancto,

569 2325 728 2383 quem
760 2309 891 2364 nihil
924 2307 1095 2361 latet:
1142 2299 1427 2358 retinendo
1467 2296 1606 2366 apud
1649 2308 1709 2348 se
1747 2290 1949 2361 aliquid
1987 2304 2156 2360 quan-

566 2412 914 2473 tumcumque
934 2401 1211 2454 niinimum
1234 2389 1555 2461 temporale,
1578 2387 1717 2441 ultra
1743 2400 1801 2438 ea
1826 2398 1943 2454 qua)
1966 2399 2031 2436 ex
2060 2398 2155 2473 nc-

572 2470 1137 2567 cessitale'portantur
1167 2507 1182 2546 :
1214 2503 1313 2543 nec
1340 2496 1520 2540 tamen
1552 2483 1675 2548 hoc,
1708 2478 1811 2534 nisi
1840 2476 1908 2533 de
1935 2470 2151 2532 licentia

564 2594 870 2647 abbatissae.

636 2686 865 2751 Semper
898 2691 1087 2735 eorum
1118 2672 1309 2730 mortis
1344 2668 1607 2743 judicium
1638 2666 1885 2723 terribile
1913 2679 2008 2721 vos
2043 2670 2153 2719 ter-

569 2787 705 2831 rrat.
758 2774 890 2828 Nam
922 2770 1119 2839 legitur
1145 2767 1285 2837 quod
1318 2780 1383 2822 ex
1411 2778 1594 2819 eorum
1640 2773 1833 2827 morte,
1876 2761 2043 2831 factus
2078 2768 2153 2814 est

564 2872 715 2921 timor
746 2879 963 2934 magnus
984 2864 1038 2915 in
1067 2860 1305 2914 universa
1331 2856 1564 2910 Ecclesia
1592 2871 1610 2908 :
1638 2862 1692 2910 et
1721 2867 1913 2907 omnes
1935 2852 2023 2921 qui
2056 2866 2151 2904 au-

566 2960 801 3020 ilierunt,
836 2955 1156 3009 timuerunt.
1189 2938 1374 3004 Nudus
1402 2945 1560 3002 JeSus
1593 2946 1765 3001 nudas
1792 2944 1984 3015 qtimrit
2015 2942 2150 2995 ami-

564 3066 655 3107 cas
683 3060 736 3107 et
760 3060 1009 3119 sponsas.
1044 3044 1199 3112 Quod
1236 3044 1281 3097 si
1319 3043 1493 3111 ipsum
1536 3040 1689 3109 sequi
1719 3035 2020 3105 teniporale
2050 3034 2147 3089 ali-

2245 429 2387 499 gulis
2415 430 2717 495 mensibus,
2753 441 2845 485 aut
2883 430 3234 486 hebdomadis
3263 430 3378 487 sive
3406 429 3600 486 diebus
3636 434 3843 501 parata

2246 522 2378 587 sint,
2410 532 2518 578 tam
2548 524 2617 579 de
2644 524 2727 579 his
2755 538 2876 594 qua:
2907 525 3254 594 proveniunt,
3286 539 3450 595 quam
3491 521 3565 578 de
3603 522 3693 577 his
3720 538 3841 594 quae

2246 615 2635 685 expenduntur
2657 617 2709 670 in
2731 616 2968 686 capitulo
2991 628 3175 673 coram
3199 616 3471 672 abbatissa
3493 626 3550 671 et
3569 622 3841 672 conventu

2246 722 2498 764 sororum
2529 710 2802 779 sigillatim
2834 710 3062 766 reddere
3092 711 3382 765 rationem.
3415 710 3573 779 Quod
3604 712 3698 765 ﬁat
3737 710 3846 764 sal-

2249 810 2358 855 tem
2388 801 2559 856 semel
2591 803 2642 854 in
2671 815 2890 867 mense,
2918 816 2989 857 ne
3026 810 3083 857 et
3112 804 3244 872 ipsa:
3272 802 3414 873 apud
3457 817 3678 859 sorores
3717 802 3841 857 iurti

2246 892 2355 946 sint
2403 904 2673 962 suSpectte
2712 903 2810 949 :et
2861 894 2943 949 eis
2980 908 3050 949 ex
3103 894 3453 966 negligentia,
3502 896 3645 951 male
3687 909 3845 952 exse,

2249 988 2450 1059 quendi
2480 988 2706 1043 materia
2736 987 2915 1043 detur.

2863 1088 3089 1156 CAPUT
3118 1100 3205 1155 IV.

2442 1213 2517 1267 De
2540 1208 2918 1269 Communitate
2948 1226 2995 1269 et
3026 1213 3364 1269 Humanitate
3384 1218 3651 1273 servanda.

2322 1351 2445 1421 Sic,
2487 1352 2595 1420 sic,
2646 1353 2743 1409 Dei
2773 1369 3009 1423 Sponsre,
3064 1369 3324 1425 sponsum
3349 1355 3531 1412 lesum
3562 1358 3851 1430 astringite

2251 1448 2523 1499 mentibus
2571 1444 2790 1499 mundis
2839 1459 2870 1499 a
2900 1454 3244 1501 terrenarum
3296 1447 3669 1517 contagione;
3714 1465 3854 1519 quo-

2251 1539 2399 1592 niam
2426 1553 2610 1593 secum
2654 1540 2709 1595 in
2748 1539 3080 1595 habitatione
3120 1539 3251 1595 nihil
3278 1542 3478 1610 patitur
3523 1555 3649 1598 esse
3680 1551 3853 1603 terro-

2252 1647 2400 1687 num.
2428 1631 2540 1699 Sic,
2568 1632 2670 1698 sic,
2695 1633 3007 1702 apostolica:
3048 1634 3284 1702 femina),
3328 1632 3578 1703 projicite
3607 1650 3768 1703 peras
3796 1647 3854 1699 et

2183 1730 2231 1792 Β
2257 1724 2503 1780 sacculos
2542 1741 2557 1780 :
2600 1736 2658 1780 ut
2707 1741 2882 1795 neque
2923 1725 3194 1795 marsupia
3240 1740 3305 1782 ex
3336 1728 3507 1783 latere
3556 1728 3851 1798 pendeant,

2259 1831 2434 1886 neque
2462 1830 2596 1887 opus
2626 1816 2698 1871 sit
2726 1817 2969 1873 clavibus
3000 1836 3013 1871 :
3046 1828 3103 1872 ut
3124 1820 3238 1887 jam
3258 1834 3329 1875 ex
3362 1818 3493 1889 ipsis
3522 1832 3854 1879 monstretur

2257 1911 2584 1967 exteriorum
2622 1911 2871 1978 indiciis,
2896 1912 3036 1981 quod
3066 1911 3198 1966 nihil
3230 1910 3459 1967 habetur
3496 1914 3851 1972 intrinsecum

2259 2014 2461 2074 praster
2486 2004 2668 2059 .lesum
2703 2022 2715 2059 :
2747 2005 2889 2075 quod
2922 2005 3058 2060 nihil
3081 2013 3167 2061 est
3189 2007 3456 2075 clausum,
3480 2009 3626 2079 quod
3652 2022 3740 2065 est
3760 2010 3853 2066 de—

2256 2098 2429 2154 ditum
2462 2101 2648 2156 usibus
2688 2102 2952 2156 omnium.
2985 2100 3321 2158 Vestimenta
3347 2102 3583 2173 duplicia
3615 2114 3745 2160 sunt
3785 2120 3853 2161 ex

2257 2194 2551 2266 Evangelia
2582 2196 2847 2264 prohibita
2886 2195 3079 2252 vobis:
3116 2204 3173 2250 ut
3206 2196 3430 2252 dissatis
3452 2212 3513 2251 ca
3540 2198 3717 2254 solum
3748 2198 3852 2253 ha-

2257 2289 2405 2356 bere,
2436 2305 2558 2359 qua:
2587 2300 2793 2345 naturae
2824 2298 3032 2345 tantum
3063 2292 3395 2348 subveniunt
3437 2307 3454 2346 :
3494 2302 3551 2349 et
3592 2309 3701 2349 non
3729 2308 3855 2364 quas

2255 2382 2494 2436 nutriant
2519 2383 2714 2463 tineas.
2735 2383 2793 2439 Si
2820 2398 2925 2453 qua
2954 2398 3089 2439 vero
3116 2392 3427 2453 supersunt,
3461 2399 3568 2440 uno
3594 2385 3858 2441 claudan-

2254 2485 2343 2531 tur
2373 2478 2425 2532 in
2458 2476 2579 2533 loco
2612 2495 2624 2531 :
2652 2485 2710 2533 ut
2729 2492 2797 2533 ex
2822 2478 2908 2534 his
2935 2492 3297 2548 quantumque
3320 2492 3479 2534 soror
3503 2488 3658 2549 eget,
3698 2480 3857 2537 indui

2252 2570 2444 2639 possit.

2321 2664 2477 2720 Nulla
2518 2680 2769 2736 umquam
2806 2666 2860 2722 in
2887 2667 3131 2723 vestibus
3156 2668 3492 2738 pretiositas,
3535 2668 3683 2725 nulla
3730 2683 3855 2724 me-

2252 2756 2477 2823 lioritas,
2517 2758 2745 2814 alteram
2781 2759 3075 2828 dominam,
3117 2762 3344 2817 alteram
3392 2762 3640 2819 ancillam
3667 2771 3858 2837 osten-

2249 2854 2327 2903 tet
2375 2869 2387 2901 :
2435 2849 2531 2904 sed
2582 2850 2636 2904 in
2686 2850 2938 2907 omnibus
2982 2852 3264 2923 aequalitas
3312 2854 3545 2921 existat,
3593 2870 3715 2924 qum
3758 2855 3854 2910 uni

2249 2955 2450 3011 sponso
2496 2949 2708 3012 nuptas,
2755 2946 3027 3005 communi
3072 2955 3197 3001 voto
3247 2945 3506 3015 professa
3547 2955 3692 3003 mut.
3734 2948 3853 3003 Non

2248 3046 2481 3107 qumrat,
2533 3038 2792 3106 obsecro,
2849 3040 2954 3095 illia
3004 3042 3146 3112 regis
3190 3043 3315 3098 lilia:
3369 3043 3555 3098 militis
3606 3045 3855 3113 praeemi-

566 3144 691 3215 quid
722 3151 982 3213 appetens
1007 3154 1101 3195 seu
1128 3136 1445 3193 desiderans
1472 3133 1610 3188 forte
1639 3129 1904 3198 volueris,
1934 3139 2153 3183 onerata
2180 3126 2226 3190 C
2260 3145 2387 3184 nere
2452 3132 2661 3201 pompis
2706 3135 2937 3188 terrenis
2958 3172 2973 3199 ,
3032 3135 3082 3188 in
3130 3133 3333 3191 Christi
3377 3144 3429 3192 et
3478 3139 3851 3205 apostolorum

564 3234 863 3307 gravedine
889 3232 1092 3287 nudum
1122 3230 1269 3299 sequi
1292 3244 1402 3283 non
1433 3224 1657 3297 poteris.
1695 3222 1830 3277 illnc
1859 3221 1994 3276 beati
2024 3236 2156 3293 pau-

568 3346 713 3402 peres
740 3329 992 3384 dicuntur
1037 3325 1225 3397 spiritu
1258 3341 1276 3377 :
1309 3332 1366 3376 ut
1395 3337 1460 3375 ex
1502 3320 1605 3373 hoc
1638 3316 1839 3372 sciatur
1866 3315 2007 3384 quod
2048 3329 2154 3368 non

560 3423 762 3477 sullieit
790 3430 985 3475 cuncta
1016 3416 1337 3485 temporalia
1376 3415 1429 3467 in
1460 3409 1662 3465 mundo
1704 3407 2060 3479 relinquendo
2088 3407 2153 3461 ad

564 3512 879 3572 monasterii
925 3517 1301 3581 paupertatem
1334 3504 1625 3570 accedere,
1670 3504 1715 3557 si
1755 3516 1907 3557 mens
1959 3502 2156 3555 misera

565 3606 769 3678 appetit
789 3620 910 3674 qua:
934 3603 1170 3673 reliquit.
1192 3600 1357 3671 Magis
1386 3600 1528 3654 enim
1552 3593 1990 3668 contemplantur
2012 3595 2154 3650 oculi

566 3698 780 3755 Domini
809 3696 1061 3750 affectum
1090 3709 1251 3766 quam
1290 3707 1534 3747 censum.
1586 3688 1776 3745 Melius
1805 3700 1889 3746 est
1928 3689 2073 3743 enim
2101 3690 2152 3743 in

565 3796 770 3852 szeculo
814 3809 937 3847 cum
993 3793 1207 3849 ereteris
1250 3789 1506 3845 divitibus
1534 3830 1551 3854 ,
1602 3788 1807 3844 divitiis
1858 3789 2151 3855 insistere,

566 3903 727 3959 quam
754 3886 806 3941 in
839 3884 1169 3940 monasterio
1192 3896 1399 3953 pauper
1430 3881 1574 3949 ipsas
1594 3888 1872 3951 appetere.

644 3979 872 4049 Propter
899 3973 1041 4046 quod
1072 3974 1216 4039 volo,
1249 3972 1459 4039 hortor,
1492 3982 1544 4027 et
1575 3989 1769 4027 moneo
1797 3989 1913 4041 vos,
1948 3971 2155 4028 charis-

564 4075 740 4139 simze,
774 4079 831 4125 ut
867 4070 983 4125 haec
1024 4078 1285 4138 perpetuo
1316 4067 1368 4121 in
1398 4075 1580 4123 vestro
1609 4068 1941 4123 monasterio
1969 4066 2153 4123 obser-

562 4164 708 4217 vatio
740 4171 953 4216 maneat
982 4178 993 4211 :
1029 4159 1173 4229 quod
1208 4158 1355 4213 nulla
1387 4159 1593 4214 scilicet
1628 4159 1848 4213 omnino
1892 4169 2112 4229 tangere
2133 4202 2147 4224 ,

561 4266 652 4309 ant
681 4253 988 4325 aliqualiter
1018 4252 1257 4307 retinere
1298 4249 1496 4304 audeat
1541 4265 1635 4317 per
1666 4249 1851 4304 horam
1882 4265 2101 4305 censum
2133 4290 2147 4315 ,

565 4358 657 4403 aut
684 4347 926 4413 obolum,
963 4354 1051 4397 aut
1082 4341 1286 4413 aliquid
1321 4334 1813 4412 quantumcumque
1844 4341 2147 4407 minimum,

562 4455 886 4515 quamquam
926 4454 956 4493 a
1003 4446 1175 4493 matre
1214 4444 1307 4490 aut
1358 4450 1547 4490 sorore
1575 4433 1836 4490 mittatur.
1872 4433 2151 4505 Eligantor

2257 3223 2553 3278 consortio.
2592 3224 2708 3280 Non
2751 3227 2893 3281 enim
2927 3226 3088 3282 Petro
3131 3228 3225 3284 vili
3267 3229 3522 3299 piscatori
3552 3230 3852 3297 .Bartholo-

2257 3332 2427 3370 meus
2457 3318 2651 3372 nobilis
2683 3320 3031 3388 auteponitur
3054 3336 3082 3374 a
3112 3322 3327 3377 Christo
3366 3340 3380 3375 :
3410 3324 3575 3380 immo
3599 3326 3851 3394 piscatori

2258 3409 2423 3465 tutius
2454 3412 2639 3467 mundi
2666 3414 2995 3470 monarchize
3030 3416 3259 3471 traditur
3283 3419 3634 3488 principatus.
3665 3418 3853 3488 Digni-

2256 3507 2455 3562 tatibus
2500 3512 2677 3564 Carnis
2720 3510 3019 3579 spiritualis
3047 3510 3159 3567 vita
3207 3526 3317 3569 non
3359 3521 3525 3583 eget:
3568 3522 3622 3567 et
3668 3515 3851 3571 canis

2252 3602 2453 3655 arrhas
2471 3600 2716 3657 Christus
2737 3602 2790 3657 in
2812 3618 2912 3658 suo
2930 3619 3039 3660 non
3060 3605 3258 3674 quaerit
3274 3605 3549 3677 conjugis.
3567 3604 3625 3662 la
3646 3608 3851 3665 saeculo

2254 3694 2461 3749 nubant
2486 3694 2706 3763 paribus
2737 3696 2863 3750 tilia:
2903 3712 3112 3767 regum,
3149 3696 3276 3753 ﬁlis:
3319 3698 3553 3755 militum
3600 3699 3848 3768 praeclri-

2253 3788 2465 3841 uentias
2488 3796 2731 3857 quierant
2757 3795 2814 3842 et
2833 3790 3091 3845 honores.
3118 3788 3180 3844 In
3209 3790 3539 3846 monasterio
3560 3805 3691 3847 vero
3710 3790 3849 3846 obli-

2254 3889 2323 3936 ta}
2343 3880 2523 3953 populi
2548 3881 2632 3936 sui
2655 3892 2711 3936 ct
2730 3882 2923 3937 domus
2945 3898 3082 3953 suae,
3101 3883 3155 3939 in
3182 3886 3409 3941 Domino
3427 3886 3606 3941 solum
3622 3886 3848 3953 gloriam

2255 3985 2502 4045 quaerant
2546 3992 2559 4029 :
2602 3986 2652 4029 et
2694 3976 2989 4043 exsultent,
3033 3978 3178 4049 quod
3216 3977 3285 4034 de
3314 3980 3507 4048 majori
3550 3980 3849 4050 praecipitio

2253 4069 2452 4121 montis
2477 4077 2606 4122 sunt
2633 4069 2699 4123 ad
2727 4070 2892 4124 vitam
2923 4072 3273 4141 apostolicam
3304 4080 3556 4142 sumptae.

2327 4160 2559 4230 Propter
2588 4162 2729 4230 quod
2763 4162 3032 4218 admoneo
3061 4179 3183 4234 vos,
3217 4164 3363 4229 ﬁliae,
3405 4174 3461 4219 ut
3494 4179 3847 4236 quascumque

2251 4252 2427 4306 ofﬁcia
2458 4254 2614 4308 vobis
2637 4255 2831 4310 domus
2854 4271 2883 4309 a
2915 4266 3088 4311 matre
3114 4259 3433 4313 monasterii
3475 4260 3744 4328 imposita,
3774 4259 3848 4316 i—

2251 4343 2399 4398 benti
2428 4347 2609 4400 animo
2636 4347 2899 4417 expleatis
2926 4366 2939 4402 :
2974 4347 3212 4403 Hilarem
3253 4350 3389 4404 enim
3418 4352 3646 4406 datorem
3672 4350 3849 4423 diligit

2255 4434 2391 4491 Deus
2422 4436 2491 4506 (ll
2533 4438 2655 4491 Cor.
2689 4454 2778 4505 Ix,
2823 4436 2903 4509 7).
2945 4439 3057 4496 Nec
3086 4443 3528 4499 verecunde-tur
3556 4444 3609 4497 in
3646 4442 3848 4499 vilibus

561 4551 650 4594 aut
672 4540 822 4608 juxta
848 4530 1216 4605 apostolorum
1240 4532 1403 4586 ritum
1424 4531 1693 4586 Communi
1719 4524 1842 4585 voto
1864 4528 2151 4585 abbatissa:
2177 4532 2229 4593 D
2258 4530 2489 4597 nobiles,
2537 4546 2637 4586 nec
2672 4532 2758 4586 illa
2794 4543 3069 4598 recusent,
3098 4534 3191 4590 sed
3235 4535 3460 4591 audiant
3495 4538 3804 4607 sapientem
3828 4555 3843 4591 :

559 4642 614 4685 ct
639 4640 961 4685 cmtcrarum
990 4624 1215 4694 singulis
1243 4624 1399 4678 annis
1428 4642 1438 4675 :
1468 4632 1560 4679 aut
1588 4625 1631 4677 si
1662 4622 1859 4679 decens
1881 4622 2149 4678 videbitur

557 4736 610 4777 ct
645 4724 791 4787 utile,
832 4718 1225 4775 conﬁrmentur
1251 4721 1371 4772 duae
1399 4726 1491 4772 aut
1520 4717 1704 4788 plures
1730 4733 1799 4772 ex
1831 4716 2104 4774 sororibus
2131 4761 2144 4785 ,

558 4816 684 4871 boni
715 4813 1042 4879 testimonii,
1094 4811 1269 4881 plenae
1304 4810 1501 4880 Spiritu
1538 4821 1727 4866 sancto
1756 4818 1812 4866 et
1838 4809 2098 4881 sapientia
2132 4830 2143 4865 :

558 4910 752 4978 quibus
780 4908 1092 4977 injungatur
1114 4904 1217 4959 hoc
1241 4920 1397 4975 opus,
1431 4906 1489 4958 'ut
1517 4919 1887 4975 quoscumque
1920 4920 2145 4974 proven-

559 5014 643 5057 tus
671 5012 773 5057 tam
800 5001 990 5058 domus
1020 5015 1178 5069 quam
1217 4998 1548 5069 singularum
1575 5012 1822 5052 sororum
1854 4995 2138 5068 recipiant,

557 5106 607 5147 et
638 5110 702 5149 ex
734 5093 819 5148 his
836 5093 1116 5148 sororibus
1144 5091 1455 5149 necessaria
1485 5080 1718 5146 ﬁdeliter
1742 5084 2135 5145 adminisnrent.

508 5176 511 5179 ’
622 5188 862 5241 Caveant
884 5202 1099 5256 quoque
1128 5200 1196 5239 ne
1228 5190 1321 5237 aut
1346 5200 1409 5237 ex
1443 5182 1701 5253 parcitate
1729 5199 1972 5238 murmur
1994 5227 2008 5252 ,
2052 5191 2144 5237 aut

552 5299 617 5336 ex
650 5279 981 5335 abundantia
1033 5270 1212 5333 tumor
1257 5275 1310 5332 in
1358 5272 1636 5332 sororibus
1683 5274 1876 5333 habeat
1914 5272 2137 5333 locum:

550 5374 643 5427 sed
675 5374 821 5443 juxta
852 5369 1219 5439 apostolorum
1260 5370 1447 5436 vitam,
1483 5386 1591 5425 non
1626 5370 1747 5439 plus
1774 5372 2023 5441 cuiquam
2050 5382 2139 5426 aut

551 5469 727 5522 minus
759 5467 1027 5521 tribuatur
1066 5463 1255 5536 :juxta
1283 5465 1425 5536 quod
1466 5464 1637 5536 exigit
1666 5466 1984 5531 necessitas,
2033 5484 2137 5521 non

547 5561 823 5624 Voluntas,
857 5557 1123 5613 tribuatur
1154 5574 1169 5612 :
1203 5566 1261 5611 ut
1284 5572 1389 5610 non
1410 5555 1518 5626 jam
1548 5554 1718 5612 altera
1750 5558 1817 5612 sit
1848 5573 2033 5627 egens,
2062 5560 2139 5613 al-

553 5666 665 5707 tera
708 5652 989 5707 abundans
1036 5670 1047 5705 :
1080 5652 1175 5707 sed
1207 5666 1540 5720 unaqurcquc
1571 5666 1636 5706 cx
1670 5651 1976 5721 provisione
2006 5668 2135 5708 con—

550 5741 759 5804 decenti
785 5750 1069 5801 moveatur
1090 5742 1158 5799 ad
1180 5740 1273 5799 Dei
1300 5740 1533 5797 laudem.
1564 5738 1889 5800 Provideant
1922 5748 2138 5817 insuper

2256 4623 2461 4688 Quanto
2490 4625 2658 4690 major
2695 4640 2767 4692 es,
2808 4624 3022 4680 humilia
3066 4635 3115 4681 te
3157 4628 3211 4680 in
3242 4628 3497 4683 omnibus.
3529 4616 3769 4685 Audiam
3792 4639 3848 4687 et

2251 4714 2525 4771 Christum
2550 4716 2678 4785 quid
2706 4718 2967 4786 apostolis
2997 4718 3065 4773 de
3102 4719 3408 4789 hujusmodi
3438 4722 3655 4792 pompis
3680 4720 3736 4777 in
3766 4722 3848 4777 ul-

2251 4808 2378 4863 tima
2401 4812 2555 4864 amna
2588 4808 2817 4864 humana
2850 4812 3028 4867 mente
3049 4810 3473 4883 disceptantihus
3498 4814 3842 4871 deﬁniverit:

2249 4902 2413 4972 Reges
2443 4906 2673 4974 gentium
2702 4903 3043 4959 dominantur
3068 4922 3241 4961 eorum
3279 4922 3298 4960 :
3337 4916 3386 4961 et
3420 4908 3507 4977 qui
3544 4917 3845 4977 potatatem

2252 4995 2437 5050 habent
2465 5013 2620 5067 super
2660 5013 2765 5063 eos,
2810 4998 3024 5066 beneﬁci
3068 5009 3341 5052 vocantur.
3387 4996 3496 5054 Vos
3529 5008 3699 5053 autem
3739 5016 3847 5055 non

2249 5089 2323 5141 sic
2352 5108 2365 5143 :
2395 5090 2484 5144 sed
2510 5092 2595 5161 qui
2618 5094 2785 5163 major
2805 5101 2879 5144 est
2903 5092 2957 5144 in
2979 5091 3141 5159 vobis,
3168 5091 3259 5160 ﬁat
3280 5092 3411 5147 sicut
3442 5076 3607 5145 minor
3636 5111 3647 5145 :
3676 5103 3725 5147 et
3753 5095 3849 5164 qui

2248 5198 2526 5252 prtecessor
2549 5188 2645 5247 est,
2671 5184 2801 5235 sicut
2825 5182 3138 5236 ministratur
3160 5182 3310 5254 (Luc.
3342 5179 3607 5252 1111,25).
3639 5182 3845 5240 Verum

2248 5290 2317 5329 ne
2346 5275 2587 5329 doctoris
2615 5270 2885 5342 doctrina,
2916 5291 2980 5330 ex
3002 5278 3283 5332 contraria
3311 5278 3629 5349 operatione
3674 5279 3843 5336 viles~

2246 5373 2376 5422 cat:
2410 5368 2589 5422 statim
2635 5364 2905 5423 Subinl'ert
2944 5385 3011 5424 ex
3058 5368 3408 5425 similitudine
3434 5369 3675 5441 quadam
3720 5387 3845 5429 cum

2248 5461 2675 5531 interrogatione
2704 5463 3036 5519 Conclndcns
3066 5481 3079 5517 :
3114 5462 3253 5518 Nam
3278 5463 3391 5532 quis
3415 5467 3588 5535 major
3612 5475 3688 5519 est
3715 5481 3735 5523 :
3759 5467 3847 5533 qui

2242 5555 2509 5618 recumbit,
2539 5571 2604 5606 an
2634 5555 2722 5624 qui
2750 5555 3045 5611 ministrat?
3069 5548 3256 5609 Nonne
3280 5556 3366 5626 qui
3396 5558 3652 5609 recumbit
3679 5559 3702 5610 ?
3732 5540 3845 5631 Εξο

2243 5657 2412 5701 autem
2440 5646 2493 5700 in
2522 5645 2689 5701 medio
2716 5650 2869 5702 vestri
2898 5666 3030 5715 sum,
3065 5648 3195 5701 sicut
3226 5648 3315 5712 qui
3341 5648 3610 5703 ministrat
3646 5648 3845 5722 (lbid.,

2241 5741 2357 5819 27).
2381 5741 2675 5801 Erubescat
2702 5743 2967 5819 siquidem
2992 5753 3202 5803 stercus
3226 5739 3569 5814 vilissimum,
3594 5753 3651 5803 et
3670 5760 3849 5823 vapor
