4050 6198
270 135 374 199 33,7

1492 139 1767 198 REGULA
1809 138 2312 199 MONACIIARUM.

3435 157 3543 216 398

266 264 331 320 ad
362 265 630 335 modicum
664 279 882 336 parens,
913 265 1145 320 humana
1177 279 1330 320 meas
1367 277 1425 319 sc
1461 261 1721 318 extollere
1753 280 1765 314 :
1803 271 1856 315 et
1883 260 1931 321 Α
1960 272 2149 329 gentes
2172 278 2269 332 pro
2293 264 2436 319 victu
2461 266 2723 337 captando
2745 267 3025 336 vilissimo,
3048 282 3101 327 et
3123 275 3211 329 vix
3242 276 3382 331 raris
3405 272 3537 333 fabis

265 354 457 412 domus
487 354 669 417 ofﬁcia
694 359 961 423 abnuens,
996 370 1022 411 a
1051 362 1261 412 cmter‘is
1287 354 1561 411 Scroribus
1584 354 1683 409 sibi
1716 354 1861 410 velle

264 452 474 504 Servili.
535 451 663 527 Nam
720 448 1007 517 (ἷῖιτὶίῐιις,
1066 452 1219 519 cujus
1271 452 1673 522 generationem
1734 448 1851 520 quis

264 560 523 601 enarrare
557 548 660 599 nun
710 556 916 627 potest,
950 554 1053 601 non
1088 544 1234 600 venit
1276 544 1592 611 ministrari,
1626 543 1721 597 sed
1755 543 1851 596 nti-

264 640 513 693 nistrare.
569 639 632 697 Et
674 642 727 695 in
770 642 955 703 ultima
1003 650 1157 695 Coena
1196 638 1584 711 diScipnlorum
1630 636 1854 692 abluens

252 732 449 815 pedes,
480 733 587 790 hoc
612 735 725 790 suis
746 732 962 811 reii-juit
989 728 1315 803 humilitatis
1342 733 1668 804 exemplum.

888 867 1117 935 CAPUT
1146 868 1208 925 ν.

445 964 535 1025 Bt
558 965 797 1027 εἰωθυῖα
821 965 1031 1031 uitanda
1053 965 1107 1021 in
1129 964 1424 1037 recipientia
1449 977 1670 1035 sorores.

330 1102 716 1159 Detestabilem
758 1100 1008 1157 haeresim
1050 1100 1296 1155 simonite
1321 1141 1336 1164 ,
1379 1112 1537 1168 quam
1575 1093 1851 1151 communi

257 1202 526 1268 pravitate
546 1194 741 1253 diaboli
766 1194 1023 1251 moniales
1044 1204 1274 1248 assueta!
1297 1192 1663 1253 committunt,
1686 1188 1849 1244 etiam

255 1293 311 1348 in
334 1290 518 1346 auditu
549 1291 769 1345 horreat
796 1285 976 1343 vestra
1003 1287 1253 1343 societas.
1290 1284 1436 1341 Hiezi
1464 1296 1645 1353 poena,
1674 1290 1731 1338 et
1760 1281 1849 1338 Si-

255 1385 431 1439 monis
462 1396 556 1439 vos
586 1392 784 1439 terreat
817 1382 1078 1452 pravitas.
1114 1380 1227 1434 Vox
1259 1379 1407 1436 Petri
1431 1376 1634 1433 Christi
1661 1376 1851 1432 vicarii

254 1480 320 1536 ad
352 1480 654 1545 Simonem,
702 1490 995 1548 numquam
1033 1477 1100 1531 de
1138 1476 1337 1530 vestris
1379 1483 1539 1529 exeat
1581 1470 1847 1526 auribus:

254 1569 487 1627 Pecunia
517 1582 605 1625 tua
634 1579 798 1625 tecum
823 1571 889 1623 sit
918 1566 972 1622 in
1010 1566 1370 1637 perditionem.
1406 1560 1686 1619 Existimas
1713 1560 1849 1617 enim

255 1667 445 1745 donum
474 1663 572 1719 Dei
612 1664 790 1718 haberi
828 1662 1046 1734 pecunia
1076 1676 1095 1717 :
1122 1661 1331 1715 bonum
1363 1656 1467 1743 ~Dei
1504 1667 1581 1713 est
1619 1656 1848 1725 Spiritus
1877 1656 1931 1717 Β

255 1740 463 1816 sanctus
499 1759 700 1832 (Actor.
722 1772 838 1823 vin,
874 1756 986 1828 20).
1018 1754 1334 1809 Communis
1362 1738 1719 1807 mercatorum
1752 1750 1850 1804 hac

251 1852 348 1908 hct
379 1860 535 1915 usas,
567 1860 625 1905 ut
650 1846 893 1905 venditio
921 1855 1287 1903 commutetur
1312 1845 1365 1900 in
1397 1844 1615 1899 melius.
1643 1843 1854 1898 Asserit

253 1944 463 2016 quippe
516 1945 867 2012 simoniacus‘,
919 1940 1204 2012 pecuniam
1244 1954 1366 1996 esse
1420 1938 1848 2008 praestantiorem

254 2038 403 2094 dono
426 2037 553 2101 Del,
581 2050 703 2091 cum
730 2034 868 2091 idem
900 2032 953 2089 in
983 2032 1159 2105 ipsam
1182 2038 1496 2088 commutat.
1530 2028 1738 2084 Δάνος
1764 2034 1853 2084 ve-

258 2126 471 2190 nientes
500 2138 740 2193 Sorores,
774 2129 841 2185 ad
870 2138 1085 2184 sanctas
1112 2125 1317 2183 Christi
1346 2124 1609 2197 suscipite
1639 2124 1852 2195 nuptias

257 2226 473 2296 gratis:
520 2233 864 2293 prmponatttr
900 2223 1164 2277 sanctitas
1200 2220 1438 2288 pecunia!
1481 2235 1496 2274 :
1535 2218 1853 2289 exquiratur

260 2319 474 2373 bonitas
507 2319 629 2369 vitae
667 2335 681 2369 :
732 2332 836 2371 non
866 2314 1205 2384 generositas
1250 2313 1449 2376 carnis,
1498 2326 1604 2365 non
1642 2310 1851 2364 utilitas

262 2409 470 2464 mundi.
503 2407 659 2462 Nulla
684 2410 911 2461 omnino
934 2409 1130 2476 pactio.
1158 2405 1306 2459 nulla
1331 2405 1532 2474 opinio,
1560 2417 1680 2472 quae
1700 2416 1852 2457 men-

170 2534 173 2535 ν
265 2508 333 2557 tis
354 2504 641 2572 puritatem
664 2501 970 2571 perturbat,
995 2499 1312 2569 praeveniat.
1340 2497 1559 2551 Beatum
1583 2494 1849 2563 sapientia

266 2595 480 2660 clamat,
516 2595 609 2666 qui
632 2594 839 2649 excutit
864 2606 1082 2647 manum
1111 2592 1180 2647 ab
1203 2588 1352 2645 omni
1382 2600 1609 2643 munere
1633 2604 1647 2641 :
1677 2595 1733 2642 et
1758 2585 1850 2657 qui

240 2699 392 2760 post
417 2692 611 2743 aurum
645 2703 753 2742 non
796 2685 946 2753 abiit,
999 2698 1100 2743 nec
1132 2690 1315 2755 sperat
1354 2684 1407 2738 in
1452 2680 1697 2753 pecunia,
1727 2693 1850 2751 quae

264 2781 525 2837 subvertit
548 2780 831 2851 judicium.
980 2768 981 2771 “

334 2873 392 2929 8i
422 2888 528 2944 qua
557 2874 1074 2943 serorumpinopiam
1105 2886 1171 2927 ex
1211 2885 1309 2926 sua
1352 2867 1681 2925 abundantia
1723 2881 1851 2935 sup-

266 2968 412 3038 plere
432 2968 727 3033 desiderat,
747 2968 900 3037 juxta
928 2965 1289 3036 apostolicum
1320 2963 1505 3028 ritum,
1528 2960 1708 3016 omnia
1729 2976 1848 3031 qua:

1934 1005 2129 1061 'huant
2170 1009 2614 1068 administrantes
2654 1032 2670 1069 .-

1954 367 2015 410 et
2054 356 2201 424 rapis
2249 374 2370 412 cum
2422 361 2540 414 rudi
2582 371 2633 416 ct
2673 362 2982 419 hordeaceo
3023 380 3159 436 pane
3204 378 3536 429 saturantur.

1957 448 2089 504 Cum
2124 467 2255 507 vero
2284 454 2350 507 ad
2376 452 2579 510 Christi
2613 468 2855 513 mensam
2890 462 3172 529 accedunt,
3203 476 3255 520 et
3293 467 3534 524 militiam

1956 544 2156 599 Christi
2180 548 2505 615 suscipiunt,
2533 565 2641 604 sua:
2666 551 2923 621 egeStatis
2941 553 3119 623 obliti,
3149 558 3372 616 lautiora
3393 578 3539 633 qum-

1958 645 2084 691 runt
2109 654 2269 707 quam
2301 639 2522 707 milites,
2550 643 2637 711 qui
2663 651 2788 711 sunt
2810 647 3011 703 assueti
3036 651 3349 720 magniﬁcis.
3394 662 3398 671 '

2031 728 2157 783 Haec
2178 730 2339 801 igitur
2360 733 2607 788 omniain
2628 735 2823 803 Christi
2849 747 2903 791 et
2925 742 3218 806 apostolica
3236 744 3341 799 vita
3363 745 3537 803 locum

1960 834 2067 876 non
2116 821 2371 878 habeant.
2403 823 2605 882 Omnes
2634 844 2699 883 cx
2740 830 3048 889 ministerio
3078 835 3187 890 sint
3232 848 3499 895 contentae
3522 886 3537 909 ,

1958 920 2029 967 ne
2052 928 2119 970 ex
2145 921 2573 976 murmuratione
2595 934 2843 991 pereant.
2874 924 2933 981 Si
2960 928 3299 988 abundanter
3321 934 3423 989 sibi
3451 938 3544 991 tri-

2216 1018 2614 1068 Jministrantes
2654 1032 2670 1069 :
2718 1018 2981 1088 recipiant
3017 1023 3285 1095 siquidem
3338 1039 3543 1086 natura:

1956 1106 2264 1155 necessaria
2300 1121 2314 1155 :
2361 1106 2742 1163 necessitatum
2789 1112 2985 1168 limites
3025 1132 3134 1172 non
3169 1122 3456 1178 excedant.
3488 1124 3544 1180 Si

1954 1285 2007 1382 in
2040 1286 2179 1343 fame
2201 1296 2253 1343 et
2278 1288 2329 1343 in
2358 1291 2469 1357 siti,
2497 1302 2554 1348 et
2582 1296 2633 1349 in
2662 1308 2900 1368 egestate
2927 1304 3187 1363 nuditatis
3206 1320 3258 1364 et
3280 1307 3497 1382 frigoris
3528 1330 3541 1366 :

1954 1378 2025 1433 ita
2056 1389 2113 1435 ut
2142 1391 2363 1452 accepta
2392 1398 2557 1442 cruce
2600 1389 2874 1459 gradiatur
2904 1406 3027 1465 post
3066 1396 3341 1458 Christum
3357 1378 3545 1461 vabne-

1953 1482 2085 1545 gans
2108 1477 2476 1549 semetipsam.

2578 1592 2805 1655 CAPUT
2830 1598 2921 1655 Vl.

2251 1704 2333 1763 De
2356 1707 2655 1773 Obedieatia
2677 1714 2967 1773 nhibenda
2987 1717 3240 1790 metatis.

2024 1839 2162 1896 Volo
2184 1851 2360 1900 autem
2401 1861 2499 1903 vos
2526 1856 2766 1906 mortuas
2795 1854 2993 1909 sarculo
3015 1897 3031 1921 ,
3067 1857 3217 1913 vitiis
3243 1868 3299 1916 et
3344 1876 3545 1920 concu-

1953 1933 2240 2025 piscentiis
2262 1977 2277 2002 ,
2303 1952 2524 1995 carnem
2554 1942 2869 2013 cruciﬁgere
2907 1948 3265 2005 cum‘Cbristo
3294 1970 3308 2007 :
3342 1962 3397 2009 et
3424 1971 3544 2025 qua:

1950 2022 2062 2094 jam
2092 2039 2374 2097 cmpernnt
2405 2034 2623 2103 proprio
2646 2051 2767 2092 sese
2798 2047 2924 2093 voto
2950 2051 3191 2098 castrare
3219 2046 3322 2101 sub
3347 2022 3543 2119 perpe-

1956 2124 2066 2171 tute
2086 2119 2415 2190 virginitatis
2433 2135 2485 2180 et
2508 2128 2775 2184 castitatis
2797 2118 3077 2202 proposito
3099 2152 3112 2188 :
3141 2136 3192 2191 in
3218 2118 3545 2199 monasterio

1953 2210 2101 2265 velut
2128 2213 2180 2267 in
2207 2214 2409 2272 duritia
2440 2219 2668 2291 lapidis,
2708 2222 2823 2279 fore
2850 2240 2970 2280 cum
3000 2226 3219 2283 Christo
3260 2232 3505 2301 sepultas
3530 2254 3544 2291 :

1952 2309 2114 2373 atque
2137 2304 2295 2373 juxta
2334 2308 2615 2366 decretum
2647 2316 2842 2370 summi
2868 2326 2991 2387 post
3017 2318 3293 2376 Christum
3326 2325 3544 2393 pontiﬁ-

1952 2396 2035 2457 cis
2058 2396 2244 2465 Petri,
2269 2400 2361 2471 qui
2390 2402 2595 2472 ligandi
2622 2406 2980 2480 solvendique
3008 2419 3155 2467 tenet
3186 2415 3546 2485 principatum

1951 2488 2268 2559 abomiuo,
2316 2495 2810 2553 resuscitandarum
2856 2502 2909 2556 in
2947 2502 3116 2573 gloria
3156 2520 3279 2562 cum
3331 2508 3549 2564 Christo

1952 2580 2347 2641 sicdevoﬁone
2371 2584 2619 2644 ﬁrmetur
2648 2602 2889 2648 vestrum
2918 2598 3290 2668 propositum,
3324 2609 3382 2655 ut
3412 2602 3547 2659 fides

1950 2683 2006 2730 et
2048 2689 2177 2746 spes
2206 2684 2283 2733 stt
2314 2688 2421 2735 tota
2471 2682 2526 2736 in
2573 2683 2703 2739 Deo.
2735 2684 3010 2758 Castigent
3058 2690 3265 2747 animas
3309 2692 3365 2749 in
3412 2694 3545 2752 obe-

1951 2765 2154 2824 dientia
2199 2770 2480 2828 charitatis
2510 2782 2565 2830 et
2599 2774 2975 2847 fraternitatis,
3009 2796 3195 2840 amore
3224 2785 3461 2857 simplici
3488 2798 3544 2846 et

1950 2861 2120 2920 corde
2144 2865 2375 2923 invicem
2405 2884 2465 2925 se
2492 2870 2777 2942 diligentes
2811 2878 3093 2935 attentius.
3190 2882 3193 2885 ⁷

2025 2956 2188 3025 Nihil,
2213 2969 2271 3014 ut
2300 2969 2451 3033 puto,
2482 2964 2716 3033 stultius,
2752 2967 2885 3023 nihil
2926 2969 3346 3044 intolerabilius,
3378 2990 3540 3047 quam

260 3062 425 3119 habet
457 3064 508 3118 in
532 3063 731 3117 saeculo
756 3072 884 3127 ante
909 3074 1159 3133 sororum
1185 3057 1349 3133 pedes
1373 3066 1537 3127 ponat
1563 3073 1581 3121 ;
1612 3064 1666 3110 et
1690 3069 1853 3110 cunc—
1880 3049 1928 3113 Ο
1956 3055 2272 3124 peregrinos
2298 3065 2353 3112 et
2378 3059 2613 3117 advenas
2646 3063 2942 3135 precipere
2972 3065 3179 3122 civibus
3207 3086 3222 3125 :
3251 3076 3307 3125 et
3330 3071 3383 3126 in
3415 3072 3536 3129 loco

260 3156 331 3210 tis
358 3172 480 3227 qua:
504 3154 739 3209 habebat
763 3154 817 3209 in
844 3153 1070 3219 saeculo,
1101 3151 1421 3208 renuntians
1450 3149 1737 3214 intratura,
1763 3148 1853 3203 ﬁat
1954 3164 2061 3204 non
2085 3149 2248 3206 solito
2276 3168 2336 3208 se
2359 3155 2648 3213 ostendere
2675 3156 3001 3217 directorem
3032 3160 3263 3231 itineris,
3286 3171 3341 3219 et
3358 3164 3426 3220 de
3450 3181 3540 3221 se-

254 3247 401 3302 sicut
436 3261 539 3300 una
571 3261 635 3300 ex
672 3244 910 3311 minimis
953 3262 967 3303 :
998 3252 1057 3307 et,
1090 3242 1303 3299 sublato
1329 3240 1572 3297 dominio
1608 3254 1730 3294 cum
1772 3238 1853 3294 af-
1954 3242 2119 3309 mitis,
2143 3243 2285 3301 etde
2306 3250 2593 3306 securitate
2618 3250 2850 3320 itineris,
2884 3262 2939 3309 et
2967 3255 3035 3310 de
3061 3254 3326 3312 brevitate
3348 3259 3541 3315 trami-

253 3337 439 3406 fectu,
466 3338 645 3393 omnia
676 3352 794 3408 quae
824 3344 1125 3407 portantur,
1153 3334 1339 3390 electis
1374 3330 1849 3388 administratrici-
1950 3336 2042 3400 tis,
2064 3335 2216 3406 juxta
2245 3338 2544 3395 voluntatis
2567 3341 2778 3399 libitum
2806 3345 2945 3402 velle
2970 3346 3189 3403 docere.
3214 3347 3543 3410 monstrare-

253 3426 360 3487 bus
387 3430 585 3486 domas
608 3430 972 3515 praebeantur,
1002 3436 1063 3483 ut
1085 3440 1151 3484 ex
1181 3427 1264 3482 his
1292 3426 1525 3483 tribuant
1544 3435 1703 3497 prout
1728 3426 1850 3479 uni-

254 3522 452 3594 Cuique
497 3538 635 3593 opus
680 3534 782 3579 est.
825 3522 935 3579 Nec
983 3529 1285 3577 murmuret
1313 3518 1552 3591 quidem,
1585 3534 1703 3589 quae
1748 3532 1847 3574 sua

256 3616 589 3673 monasterio
622 3614 879 3682 tradidit,
908 3613 955 3667 si
988 3611 1093 3668 sibi
1120 3626 1228 3669 non
1256 3611 1451 3682 majori
1496 3619 1713 3682 sumptu
1752 3609 1848 3665 ad-

252 3708 591 3765 ministretur
611 3722 771 3779 quam
804 3706 1017 3762 etcteris
1039 3746 1055 3771 ,
1087 3720 1213 3776 quae
1242 3720 1304 3759 ex
1332 3713 1655 3776 paupertate
1683 3716 1847 3758 vene-

255 3812 401 3861 runt.
428 3802 539 3859 Nec
570 3786 887 3869 extollatur,
915 3812 968 3858 et
988 3802 1206 3857 cervice
1226 3809 1407 3855 erecta
1431 3812 1583 3855 more
1610 3798 1844 3854 femineo

253 3898 588 3973 improperet
612 3897 833 3952 caeteris
854 3937 870 3962 ,
919 3909 979 3950 se
1008 3904 1217 3949 tantum
1249 3908 1316 3949 ex
1350 3893 1463 3947 suis
1493 3888 1843 3947 facultatibus

251 3980 539 4049 attulisse:
572 3994 693 4066 plus
723 3992 865 4047 enim
894 3988 1073 4045 attulit
1107 4002 1264 4044 soror
1294 3986 1643 4059 paupercula,
1681 3987 1727 4041 si
1753 3988 1837 4041 in-

248 4087 508 4159 grediens
529 4084 777 4140 allectum
804 4082 1037 4139 habendi
1066 4081 1274 4137 dimisit
1299 4122 1312 4145 ,
1342 4094 1500 4148 quam
1526 4095 1646 4151 qua:
1676 4077 1838 4133 multa

251 4174 487 4236 aﬂ'ercns
536 4180 672 4235 dona
702 4223 716 4246 ,
774 4176 1083 4247 superbiam
1135 4175 1276 4230 tulit.
1332 4172 1609 4230 Glorietur
1658 4184 1836 4228 autem

250 4275 457 4356 potius,
482 4276 735 4343 quoniam
764 4271 967 4327 divitia:
995 4284 1118 4341 quae
1143 4268 1317 4324 solita:
1343 4275 1471 4322 sunt
1500 4281 1838 4337 possessores

248 4368 590 4439 praecipitare
616 4367 669 4422 in
702 4375 931 4422 mortem
958 4410 972 4434 ,
1008 4379 1112 4418 non
1147 4363 1543 4432 prtcvaluerunt
1574 4362 1835 4416 adversus

1947 3432 2038 3483 tur
2072 3429 2274 3502 quippe
2311 3442 2622 3503 portentum
2664 3437 3064 3508 navigator-ibus
3106 3457 3121 3495 :
3164 3449 3220 3498 et
3256 3457 3357 3514 pro
3389 3454 3541 3502 certo

1948 3537 2243 3593 numquam
2280 3525 2558 3585 veniretur
2592 3528 2665 3585 ad
2697 3543 2933 3602 portum,
2964 3534 3011 3589 si
3053 3535 3121 3592 de
3156 3537 3453 3595 directione
3482 3551 3539 3598 et

1946 3617 2341 3687 gubernatione
2360 3621 2577 3693 navigii,
2598 3624 2922 3698 quicumque
2944 3628 3237 3701 remigator
3259 3632 3541 3693 ordinaret

1951 3709 2019 3764 ad
2049 3720 2254 3766 votum.
2279 3712 2395 3769 Non
2421 3715 2631 3786 civitas,
2656 3734 2763 3775 non
2787 3736 3033 3794 regnum,
3056 3739 3163 3780 non
3192 3726 3413 3784 minima
3439 3728 3535 3786 do-

1924 3803 2195 3859 muncula
2232 3804 2322 3862 diu
2352 3818 2601 3868 maneret
2624 3811 2676 3867 in
2700 3827 2829 3871 rure
2858 3833 2870 3871 :
2899 3816 2944 3871 si
2975 3817 3127 3888 cujus
3146 3819 3409 3880 voluntati
3430 3839 3530 3896 pa-

1946 3903 2176 3969 reretur,
2209 3899 2441 3959 deesset.

2014 3990 2244 4063 Propter
2273 3997 2419 4066 quod
2445 3998 2557 4068 ipse
2587 4014 2723 4072 papa
2750 4000 2963 4072 Petrus,
2990 4008 3080 4078 qui
3105 4008 3381 4080 religionis
3399 4026 3529 4083 apo-

1941 4083 2151 4139 stolicae
2171 4086 2334 4141 vitam
2367 4089 2587 4146 volebat
2613 4094 2899 4163 instruere,
2936 4098 3074 4153 sicut
3099 4114 3129 4154 a
3156 4103 3416 4170 magistro
3444 4104 3527 4159 di-

1939 4176 2149 4235 dicerat
2176 4197 2189 4233 :
2220 4190 2277 4235 ut
2301 4182 2471 4254 magis
2497 4184 2829 4260 intelligatur
2850 4193 3080 4262 qualiter
3099 4194 3276 4250 anima
3300 4198 3528 4269 castige-

1937 4278 2028 4326 tur
2066 4273 2118 4327 in
2162 4274 2469 4334 obedientia
2513 4279 2794 4340 cbaritatis
2835 4296 2889 4340 et
2910 4272 3280 4357 'i'raternitatis
3316 4306 3523 4360 amore,

1938 4367 2164 4436 exponit
2186 4370 2423 4437 apertius
2455 4389 2468 4426 :
2506 4372 2716 4445 Omnes,
2740 4376 2934 4448 inquit,
2960 4380 3317 4452 Itonoriﬁcate,
3341 4384 3526 4452 frater-

249 4479 366 4520 eam
389 4482 403 4519 :
425 4474 482 4519 et
503 4477 622 4533 quae
641 4460 912 4517 communi
934 4475 1033 4515 usu
1053 4467 1176 4515 sunt
1198 4458 1372 4523 mahe,
1398 4468 1463 4513 ex
1481 4456 1834 4512 subventione
1859 4464 1910 4525 ι)
1937 4459 2148 4514 nitatem
2188 4461 2409 4534 diligite.
2454 4464 2615 4521 Deum
2650 4471 2844 4539 timete,
2890 4488 3060 4543 regem
3099 4473 3439 4545 honori/irate
3482 4480 3525 4552 (Ι

248 4574 497 4615 sororum
529 4557 629 4611 sibi
660 4555 817 4610 facta:
851 4562 975 4608 Sunt
1005 4553 1181 4609 boum.
1211 4550 1458 4622 Alioquin
1492 4549 1683 4605 melius
1710 4548 1836 4604 fuis-

247 4661 329 4707 set
359 4650 465 4709 sibi
491 4665 612 4705 cutn
646 4664 809 4719 parva
834 4661 1017 4719 ptena,
1041 4660 1162 4701 cum
1190 4644 1303 4699 suis
1327 4643 1531 4699 divitiis
1553 4644 1604 4696 in
1632 4636 1833 4696 mundo

248 4743 616 4815 permanendo
643 4724 883 4797 damnari
914 4783 927 4808 ,
959 4750 1118 4812 quam
1163 4740 1308 4809 ipsas
1334 4736 1690 4807 relinquendo
1717 4750 1833 4791 mo-

246 4822 727 4903 nasterio,vexorta
759 4834 1036 4907 superbia,
1072 4831 1140 4888 ad
1186 4832 1453 4889 infernum
1484 4846 1604 4888 cum
1635 4832 1827 4901 majori

243 4948 397 5009 paena
426 4931 642 4987 deduci.
837 5002 841 5006 ἢ
936 4926 939 4931 ’

313 5026 676 5084 Hnmilientur
703 5025 863 5081 etiam
897 5034 1162 5095 pauperes
1193 5040 1204 5077 :
1251 5034 1371 5094 quae
1415 5035 1482 5079 ex
1512 5028 1824 5092 paupertate

245 5120 371 5178 nihil
393 5121 745 5178 subventioni
764 5118 958 5177 donius
980 5124 1275 5190 potuerunt
1296 5114 1661 5180 contribuere,
1686 5114 1824 5170 sicut

243 5224 295 5270 et
343 5214 466 5269 illa}.
516 5212 585 5267 Et
633 5213 832 5285 gratias
877 5212 985 5273 Deo
1034 5212 1083 5264 in
1133 5206 1436 5264 humilitate
1482 5206 1820 5262 retribuam:

244 5306 378 5376 quod
408 5322 529 5376 qua:
579 5306 724 5374 prius
760 5305 813 5359 in
850 5302 1051 5359 mundo
1076 5303 1263 5358 vivere
1300 5314 1407 5356 non
1456 5308 1726 5370 poterant,
1758 5313 1824 5355 ex

245 5382 431 5455 alienis
464 5398 747 5454 laboribus
774 5397 972 5451 habent
999 5410 1119 5467 quae
1147 5394 1248 5451 sibi
1279 5390 1574 5461 sufficiunt,
1604 5393 1746 5447 sicut
1773 5399 1830 5446 et

244 5495 450 5551 divites.
482 5494 679 5571 Mirum
708 5490 922 5563 quidem
946 5490 1013 5547 de
1033 5489 1233 5546 infelici
1260 5489 1570 5546 conditione
1594 5484 1826 5559 plurium

247 5576 543 5642 hominum.
568 5586 709 5641 Sunt
734 5585 877 5641 enim
904 5582 1146 5639 nonnulli
1173 5581 1313 5637 viles
1338 5591 1392 5638 et
1418 5580 1611 5651 abjecti
1643 5583 1695 5634 in
1728 5594 1827 5635 sa:-

247 5670 383 5756 cttio,
415 5681 509 5758 qui
553 5679 882 5757 qttotidianis
920 5677 1201 5738 laboribus
1229 5693 1290 5736 se
1317 5676 1456 5734 ultra
1502 5676 1645 5733 vires
1693 5673 1830 5731 allii-

1935 4550 2078 4607 Petr.
2113 4567 2151 4609 tt
2176 4599 2192 4621 ,
2227 4558 2339 4629 t7).
2374 4558 2441 4612 Et
2467 4575 2537 4615 ne
2566 4565 2930 4619 excusationis
2956 4566 3244 4635 arripiatur
3266 4550 3523 4628 scutum:

1931 4648 2034 4703 sub
2059 4652 2374 4720 particulari
2406 4656 2624 4710 nomine
2665 4660 3064 4728 prmeminentis
3094 4662 3400 4731 dignitatis,
3431 4681 3522 4737 ge-

1928 4742 2368 4800 neraliterinlert
2396 4748 2679 4806 omnibus:
2709 4750 2874 4818 Servi,
2907 4754 3120 4820 subditi,
3151 4754 3344 4825 inquit,
3365 4768 3526 4815 estote

1928 4833 1983 4888 in
2014 4838 2154 4890 omni
2184 4840 2365 4892 timore
2396 4840 2619 4896 dominis
2649 4842 2838 4916 (Ibid.,
2873 4845 2988 4918 18).
3020 4848 3084 4904 Et
3120 4864 3189 4905 ne
3225 4853 3433 4921 praelati
3461 4857 3518 4913 in

1932 4930 2170 4985 medium
2202 4930 2530 5000 perducatur
2556 4938 2798 5005 pravitas
2814 4980 2831 5005 ,
2857 4955 2975 5010 qua:
2996 4941 3309 5017 plerumque
3334 4949 3521 5007 subdi-

1931 5021 2001 5077 tis
2022 5032 2241 5092 praastat
2261 5038 2477 5079 causam
2501 5030 2677 5099 magni
2699 5046 2853 5086 casus
2881 5049 2895 5086 :
2922 5032 3047 5090 Non
3071 5045 3293 5109 tantum,
3317 5040 3510 5114 inquit,

1930 5116 2074 5171 bonis
2096 5125 2142 5169 et
2176 5116 2442 5184 modestis,
2478 5120 2569 5172 sed
2595 5122 2745 5176 etiam
2776 5123 3017 5194 dyscolis.
3047 5126 3246 5187 Verum
3276 5148 3345 5189 ne
3375 5133 3515 5192 forte

1929 5208 2174 5265 videatur
2193 5224 2357 5281 grave
2377 5210 2624 5268 humana:
2645 5216 2905 5274 voluntati
2928 5236 2987 5278 se
3008 5223 3297 5297 abnegare,
3316 5236 3370 5283 et
3389 5242 3515 5286 cru-

1926 5316 2045 5358 cem
2068 5302 2268 5357 tollere
2294 5318 2310 5357 :
2338 5302 2657 5361 obcdientiae
2678 5311 2936 5378 proponit
2962 5315 3239 5383 meritum,
3261 5332 3367 5388 quo
3391 5331 3513 5375 om-

1928 5396 2012 5452 nis
2035 5397 2186 5453 labor
2206 5396 2481 5452 dulcescat
2502 5400 2663 5455 etiam
2687 5404 2884 5471 gravis.
2918 5404 3059 5473 Htec,
3084 5408 3274 5477 inquit,
3301 5422 3376 5466 est
3395 5430 3514 5486 gra-

1930 5490 2020 5543 tia.
2045 5489 2101 5544 0
2119 5490 2245 5544 felix
2276 5497 2339 5544 et'
2357 5489 2634 5547 abundans
2662 5494 2864 5563 gratia!
2889 5495 2947 5551 In
2970 5499 3277 5559 obcdientia
3303 5519 3515 5567 summa

1926 5582 2184 5637 virtutum
2224 5581 2404 5636 clausa
2439 5592 2541 5637 est.
2574 5582 2706 5639 Nam
2735 5585 2969 5655 simplici
3006 5607 3193 5659 gressu
3237 5595 3511 5659 hominem

1928 5674 2075 5735 ducit
2104 5675 2170 5733 ad
2191 5673 2465 5733 Christum
2499 5694 2515 5735 :
2545 5687 2599 5735 et
2630 5690 2742 5737 non
2763 5680 2938 5738 solum
2960 5698 3113 5743 mens
3132 5702 3419 5753 excusatur
3444 5694 3517 5755 ad
