  <div class='ocr_page' id='page_1' title='image "/cluster/home/n/w/nwhite01/storage/ocr_20150623/30/uva.x000826572/207.png"; bbox 0 0 4050 6198; ppageno 0'>
   <div class='ocr_carea' id='block_1_1' title="bbox 533 234 643 295">
    <p class='ocr_par' dir='ltr' id='par_1_1' title="bbox 533 234 643 295">
     <span class='ocr_line' id='line_1_1' title="bbox 533 234 643 295; baseline -0.018 0"><span class='ocrx_word' id='word_1_1' title='bbox 533 234 643 295; x_wconf 82' lang='grc'><strong>⁸599</strong></span> 
     </span>
    </p>
   </div>
   <div class='ocr_carea' id='block_1_2' title="bbox 1563 230 2781 295">
    <p class='ocr_par' dir='ltr' id='par_1_2' title="bbox 1563 230 2781 295">
     <span class='ocr_line' id='line_1_2' title="bbox 1563 230 2781 295; baseline -0.006 -1"><span class='ocrx_word' id='word_1_2' title='bbox 1563 237 1624 295; x_wconf 88' lang='lat' dir='ltr'><strong>S.</strong></span> <span class='ocrx_word' id='word_1_3' title='bbox 1664 231 2049 293; x_wconf 78' lang='lat' dir='ltr'><strong>HIERONYMI</strong></span> <span class='ocrx_word' id='word_1_4' title='bbox 2085 230 2373 294; x_wconf 82' lang='lat' dir='ltr'><strong>OPERUM</strong></span> <span class='ocrx_word' id='word_1_5' title='bbox 2413 230 2781 294; x_wconf 82' lang='lat' dir='ltr'><strong>MANTISSA.</strong></span> 
     </span>
    </p>
   </div>
   <div class='ocr_carea' id='block_1_3' title="bbox 3700 222 3812 287">
    <p class='ocr_par' dir='ltr' id='par_1_3' title="bbox 3700 222 3812 287">
     <span class='ocr_line' id='line_1_3' title="bbox 3700 222 3812 287; baseline 0.027 -3"><span class='ocrx_word' id='word_1_6' title='bbox 3700 222 3812 287; x_wconf 65' lang='lat'><strong>400</strong></span> 
     </span>
    </p>
   </div>
   <div class='ocr_carea' id='block_1_4' title="bbox 539 343 3812 421">
    <p class='ocr_par' dir='ltr' id='par_1_4' title="bbox 539 343 3812 421">
     <span class='ocr_line' id='line_1_4' title="bbox 539 343 3812 421; baseline -0.002 -11"><span class='ocrx_word' id='word_1_7' title='bbox 539 351 872 410; x_wconf 85' lang='lat' dir='ltr'><strong>reddendam</strong></span> <span class='ocrx_word' id='word_1_8' title='bbox 902 351 1014 408; x_wconf 91' lang='lat' dir='ltr'><strong>Deo</strong></span> <span class='ocrx_word' id='word_1_9' title='bbox 1034 350 1301 408; x_wconf 90' lang='lat' dir='ltr'><strong>rationem</strong></span> <span class='ocrx_word' id='word_1_10' title='bbox 1332 351 1401 409; x_wconf 88' lang='lat' dir='ltr'><strong>de</strong></span> <span class='ocrx_word' id='word_1_11' title='bbox 1422 352 1653 410; x_wconf 89' lang='lat' dir='ltr'><strong>subditis</strong></span> <span class='ocrx_word' id='word_1_12' title='bbox 1679 372 1691 408; x_wconf 90' lang='lat'>:</span> <span class='ocrx_word' id='word_1_13' title='bbox 1721 353 1814 410; x_wconf 86' lang='lat' dir='ltr'><strong>sed</strong></span> <span class='ocrx_word' id='word_1_14' title='bbox 1837 368 1935 410; x_wconf 91' lang='lat' dir='ltr'><strong>nec</strong></span> <span class='ocrx_word' id='word_1_15' title='bbox 1955 353 2118 409; x_wconf 88' lang='lat' dir='ltr'><strong>etiam</strong></span> <span class='ocrx_word' id='word_1_16' title='bbox 2143 355 2201 416; x_wconf 77' lang='grc' dir='ltr'><strong>Α</strong></span> <span class='ocrx_word' id='word_1_17' title='bbox 2223 354 2277 409; x_wconf 92' lang='lat' dir='ltr'><strong>in</strong></span> <span class='ocrx_word' id='word_1_18' title='bbox 2299 364 2558 410; x_wconf 84' lang='lat' dir='ltr'><strong>aeternum</strong></span> <span class='ocrx_word' id='word_1_19' title='bbox 2579 361 2669 408; x_wconf 90' lang='lat' dir='ltr'><strong>:ut</strong></span> <span class='ocrx_word' id='word_1_20' title='bbox 2697 354 2967 420; x_wconf 77' lang='lat' dir='ltr'><strong>tamquam</strong></span> <span class='ocrx_word' id='word_1_21' title='bbox 2993 345 3288 421; x_wconf 76' lang='lat' dir='ltr'><strong>peregrinae</strong></span> <span class='ocrx_word' id='word_1_22' title='bbox 3308 355 3364 406; x_wconf 87' lang='lat' dir='ltr'><strong>et</strong></span> <span class='ocrx_word' id='word_1_23' title='bbox 3392 343 3616 407; x_wconf 75' lang='lat' dir='ltr'><strong>advenae</strong></span> <span class='ocrx_word' id='word_1_24' title='bbox 3639 347 3812 405; x_wconf 89' lang='lat' dir='ltr'><strong>absti-</strong></span> 
     </span>
    </p>
   </div>
   <div class='ocr_carea' id='block_1_5' title="bbox 539 446 2120 520">
    <p class='ocr_par' dir='ltr' id='par_1_5' title="bbox 539 446 2120 520">
     <span class='ocr_line' id='line_1_5' title="bbox 539 446 2120 520; baseline 0.002 -19"><span class='ocrx_word' id='word_1_25' title='bbox 539 447 810 518; x_wconf 88' lang='lat' dir='ltr'><strong>obligatur</strong></span> <span class='ocrx_word' id='word_1_26' title='bbox 838 446 1066 504; x_wconf 85' lang='lat' dir='ltr'><strong>reddere</strong></span> <span class='ocrx_word' id='word_1_27' title='bbox 1092 448 1158 502; x_wconf 92' lang='lat' dir='ltr'><strong>de</strong></span> <span class='ocrx_word' id='word_1_28' title='bbox 1189 462 1248 503; x_wconf 90' lang='lat' dir='ltr'><strong>se</strong></span> <span class='ocrx_word' id='word_1_29' title='bbox 1275 447 1412 518; x_wconf 91' lang='lat' dir='ltr'><strong>ipsa.</strong></span> <span class='ocrx_word' id='word_1_30' title='bbox 1446 447 1489 504; x_wconf 93' lang='grc' dir='ltr'><strong>Ο</strong></span> <span class='ocrx_word' id='word_1_31' title='bbox 1520 464 1729 505; x_wconf 91' lang='lat' dir='ltr'><strong>summa</strong></span> <span class='ocrx_word' id='word_1_32' title='bbox 1750 449 1993 518; x_wconf 86' lang='lat' dir='ltr'><strong>libertas,</strong></span> <span class='ocrx_word' id='word_1_33' title='bbox 2017 463 2120 520; x_wconf 89' lang='lat' dir='ltr'><strong>qua</strong></span> 
     </span>
    </p>
   </div>
   <div class='ocr_carea' id='block_1_6' title="bbox 541 540 1545 612">
    <p class='ocr_par' dir='ltr' id='par_1_6' title="bbox 541 540 1545 612">
     <span class='ocr_line' id='line_1_6' title="bbox 541 540 1545 612; baseline -0.001 -14"><span class='ocrx_word' id='word_1_34' title='bbox 541 540 758 600; x_wconf 89' lang='lat' dir='ltr'><strong>obtenta</strong></span> <span class='ocrx_word' id='word_1_35' title='bbox 787 541 880 598; x_wconf 90' lang='lat' dir='ltr'><strong>vix</strong></span> <span class='ocrx_word' id='word_1_36' title='bbox 907 541 1078 612; x_wconf 77' lang='lat' dir='ltr'><strong>possit</strong></span> <span class='ocrx_word' id='word_1_37' title='bbox 1105 540 1269 598; x_wconf 89' lang='lat' dir='ltr'><strong>homo</strong></span> <span class='ocrx_word' id='word_1_38' title='bbox 1300 557 1545 612; x_wconf 85' lang='lat' dir='ltr'><strong>peccare.</strong></span> 
     </span>
    </p>
   </div>
   <div class='ocr_carea' id='block_1_7' title="bbox 1139 681 1514 741">
    <p class='ocr_par' dir='ltr' id='par_1_7' title="bbox 1139 681 1514 741">
     <span class='ocr_line' id='line_1_7' title="bbox 1139 681 1514 741; baseline -0.005 0"><span class='ocrx_word' id='word_1_39' title='bbox 1139 681 1364 741; x_wconf 88' lang='lat' dir='ltr'><strong>CAPUT</strong></span> <span class='ocrx_word' id='word_1_40' title='bbox 1407 682 1514 739; x_wconf 83' lang='lat' dir='ltr'><strong>VII.</strong></span> 
     </span>
    </p>
   </div>
   <div class='ocr_carea' id='block_1_8' title="bbox 902 793 1663 869">
    <p class='ocr_par' dir='ltr' id='par_1_8' title="bbox 902 793 1663 869">
     <span class='ocr_line' id='line_1_8' title="bbox 902 793 1663 869; baseline 0 -16"><span class='ocrx_word' id='word_1_41' title='bbox 902 800 910 809; x_wconf 87' lang='lat'>&#39;</span> <span class='ocrx_word' id='word_1_42' title='bbox 959 793 1062 868; x_wconf 87' lang='lat' dir='ltr'><strong>[De</strong></span> <span class='ocrx_word' id='word_1_43' title='bbox 1090 799 1336 869; x_wconf 83' lang='lat' dir='ltr'><strong>regimine</strong></span> <span class='ocrx_word' id='word_1_44' title='bbox 1361 799 1663 856; x_wconf 71' lang='lat' dir='ltr'><strong>Abbatissw.</strong></span> 
     </span>
    </p>
   </div>
   <div class='ocr_carea' id='block_1_9' title="bbox 611 913 2120 985">
    <p class='ocr_par' dir='ltr' id='par_1_9' title="bbox 611 913 2120 985">
     <span class='ocr_line' id='line_1_9' title="bbox 611 913 2120 985; baseline 0.001 -15"><span class='ocrx_word' id='word_1_45' title='bbox 611 913 847 971; x_wconf 78' lang='lat' dir='ltr'><strong>Attende</strong></span> <span class='ocrx_word' id='word_1_46' title='bbox 885 914 1195 985; x_wconf 83' lang='lat' dir='ltr'><strong>diligenter,</strong></span> <span class='ocrx_word' id='word_1_47' title='bbox 1228 915 1302 969; x_wconf 89' lang='lat' dir='ltr'><strong>mi</strong></span> <span class='ocrx_word' id='word_1_48' title='bbox 1328 915 1545 970; x_wconf 91' lang='lat' dir='ltr'><strong>domina</strong></span> <span class='ocrx_word' id='word_1_49' title='bbox 1575 914 1889 972; x_wconf 85' lang='lat' dir='ltr'><strong>charissima</strong></span> <span class='ocrx_word' id='word_1_50' title='bbox 1921 914 2120 972; x_wconf 86' lang='lat' dir='ltr'><strong>Eusto-</strong></span> 
     </span>
    </p>
   </div>
   <div class='ocr_carea' id='block_1_10' title="bbox 535 1007 2119 1081">
    <p class='ocr_par' dir='ltr' id='par_1_10' title="bbox 535 1007 2119 1081">
     <span class='ocr_line' id='line_1_10' title="bbox 535 1007 2119 1081; baseline -0.001 -16"><span class='ocrx_word' id='word_1_51' title='bbox 535 1007 738 1076; x_wconf 87' lang='lat' dir='ltr'><strong>chium,</strong></span> <span class='ocrx_word' id='word_1_52' title='bbox 769 1025 930 1079; x_wconf 90' lang='lat' dir='ltr'><strong>quam</strong></span> <span class='ocrx_word' id='word_1_53' title='bbox 960 1009 1138 1081; x_wconf 78' lang='lat' dir='ltr'><strong>gravis</strong></span> <span class='ocrx_word' id='word_1_54' title='bbox 1166 1009 1461 1079; x_wconf 90' lang='lat' dir='ltr'><strong>imponitur</strong></span> <span class='ocrx_word' id='word_1_55' title='bbox 1481 1012 1690 1066; x_wconf 83' lang='lat' dir='ltr'><strong>sarcina</strong></span> <span class='ocrx_word' id='word_1_56' title='bbox 1713 1010 1955 1067; x_wconf 88' lang='lat' dir='ltr'><strong>humeris</strong></span> <span class='ocrx_word' id='word_1_57' title='bbox 1974 1012 2080 1067; x_wconf 90' lang='lat' dir='ltr'><strong>tuis</strong></span> <span class='ocrx_word' id='word_1_58' title='bbox 2104 1027 2119 1064; x_wconf 72' lang='grc' dir='ltr'><em>ε</em></span> 
     </span>
    </p>
   </div>
   <div class='ocr_carea' id='block_1_11' title="bbox 533 1106 2119 1178">
    <p class='ocr_par' dir='ltr' id='par_1_11' title="bbox 533 1106 2119 1178">
     <span class='ocr_line' id='line_1_11' title="bbox 533 1106 2119 1178; baseline 0.002 -19"><span class='ocrx_word' id='word_1_59' title='bbox 533 1123 655 1178; x_wconf 76' lang='lat' dir='ltr'><strong>quae</strong></span> <span class='ocrx_word' id='word_1_60' title='bbox 685 1106 753 1162; x_wconf 91' lang='lat' dir='ltr'><strong>de</strong></span> <span class='ocrx_word' id='word_1_61' title='bbox 773 1107 1112 1162; x_wconf 86' lang='lat' dir='ltr'><strong>subditarum</strong></span> <span class='ocrx_word' id='word_1_62' title='bbox 1135 1107 1442 1173; x_wconf 85' lang='lat' dir='ltr'><strong>animabus,</strong></span> <span class='ocrx_word' id='word_1_63' title='bbox 1466 1107 1534 1162; x_wconf 92' lang='lat' dir='ltr'><strong>dc</strong></span> <span class='ocrx_word' id='word_1_64' title='bbox 1555 1122 1804 1178; x_wconf 88' lang='lat' dir='ltr'><strong>corpore,</strong></span> <span class='ocrx_word' id='word_1_65' title='bbox 1829 1106 1898 1162; x_wconf 91' lang='lat' dir='ltr'><strong>de</strong></span> <span class='ocrx_word' id='word_1_66' title='bbox 1918 1107 2119 1175; x_wconf 84' lang='lat' dir='ltr'><strong>verbis,</strong></span> 
     </span>
    </p>
   </div>
   <div class='ocr_carea' id='block_1_12' title="bbox 533 1197 2123 1270">
    <p class='ocr_par' dir='ltr' id='par_1_12' title="bbox 533 1197 2123 1270">
     <span class='ocr_line' id='line_1_12' title="bbox 533 1197 2123 1270; baseline 0 -17"><span class='ocrx_word' id='word_1_67' title='bbox 533 1198 603 1253; x_wconf 90' lang='lat' dir='ltr'><strong>de</strong></span> <span class='ocrx_word' id='word_1_68' title='bbox 642 1198 886 1253; x_wconf 89' lang='lat' dir='ltr'><strong>moribus</strong></span> <span class='ocrx_word' id='word_1_69' title='bbox 915 1198 1174 1268; x_wconf 87' lang='lat' dir='ltr'><strong>obligaris</strong></span> <span class='ocrx_word' id='word_1_70' title='bbox 1202 1198 1344 1270; x_wconf 90' lang='lat' dir='ltr'><strong>apud</strong></span> <span class='ocrx_word' id='word_1_71' title='bbox 1373 1198 1610 1254; x_wconf 89' lang='lat' dir='ltr'><strong>divinum</strong></span> <span class='ocrx_word' id='word_1_72' title='bbox 1643 1214 1869 1255; x_wconf 79' lang='lat' dir='ltr'><strong>examen</strong></span> <span class='ocrx_word' id='word_1_73' title='bbox 1892 1197 2123 1254; x_wconf 86' lang='lat' dir='ltr'><strong>reddere</strong></span> 
     </span>
    </p>
   </div>
   <div class='ocr_carea' id='block_1_13' title="bbox 532 1290 2121 1361">
    <p class='ocr_par' dir='ltr' id='par_1_13' title="bbox 532 1290 2121 1361">
     <span class='ocr_line' id='line_1_13' title="bbox 532 1290 2121 1361; baseline 0 -15"><span class='ocrx_word' id='word_1_74' title='bbox 532 1292 819 1347; x_wconf 88' lang='lat' dir='ltr'><strong>rationem.</strong></span> <span class='ocrx_word' id='word_1_75' title='bbox 847 1292 1011 1358; x_wconf 88' lang='lat' dir='ltr'><strong>Cave,</strong></span> <span class='ocrx_word' id='word_1_76' title='bbox 1045 1306 1251 1361; x_wconf 82' lang='lat' dir='ltr'><strong>quaeso,</strong></span> <span class='ocrx_word' id='word_1_77' title='bbox 1280 1307 1349 1346; x_wconf 91' lang='lat' dir='ltr'><strong>ne</strong></span> <span class='ocrx_word' id='word_1_78' title='bbox 1371 1291 1440 1346; x_wconf 92' lang='lat' dir='ltr'><strong>de</strong></span> <span class='ocrx_word' id='word_1_79' title='bbox 1469 1301 1520 1346; x_wconf 92' lang='lat' dir='ltr'><strong>te</strong></span> <span class='ocrx_word' id='word_1_80' title='bbox 1542 1292 1702 1347; x_wconf 90' lang='lat' dir='ltr'><strong>etiam</strong></span> <span class='ocrx_word' id='word_1_81' title='bbox 1727 1291 1861 1346; x_wconf 88' lang='lat' dir='ltr'><strong>levis</strong></span> <span class='ocrx_word' id='word_1_82' title='bbox 1884 1290 2121 1360; x_wconf 89' lang='lat' dir='ltr'><strong>suspicio</strong></span> 
     </span>
    </p>
   </div>
   <div class='ocr_carea' id='block_1_14' title="bbox 531 1383 2121 1455">
    <p class='ocr_par' dir='ltr' id='par_1_14' title="bbox 531 1383 2121 1455">
     <span class='ocr_line' id='line_1_14' title="bbox 531 1383 2121 1455; baseline 0 -17"><span class='ocrx_word' id='word_1_83' title='bbox 531 1383 587 1439; x_wconf 90' lang='lat' dir='ltr'><strong>in</strong></span> <span class='ocrx_word' id='word_1_84' title='bbox 620 1385 763 1439; x_wconf 89' lang='lat' dir='ltr'><strong>malo</strong></span> <span class='ocrx_word' id='word_1_85' title='bbox 784 1384 955 1455; x_wconf 89' lang='lat' dir='ltr'><strong>possit</strong></span> <span class='ocrx_word' id='word_1_86' title='bbox 973 1383 1105 1437; x_wconf 89' lang='lat' dir='ltr'><strong>oriri</strong></span> <span class='ocrx_word' id='word_1_87' title='bbox 1130 1401 1143 1436; x_wconf 92' lang='lat'><strong>:</strong></span> <span class='ocrx_word' id='word_1_88' title='bbox 1169 1399 1238 1438; x_wconf 92' lang='lat' dir='ltr'><strong>ne</strong></span> <span class='ocrx_word' id='word_1_89' title='bbox 1261 1383 1566 1454; x_wconf 85' lang='lat' dir='ltr'><strong>dispergas,</strong></span> <span class='ocrx_word' id='word_1_90' title='bbox 1595 1398 1728 1454; x_wconf 87' lang='lat' dir='ltr'><strong>quas</strong></span> <span class='ocrx_word' id='word_1_91' title='bbox 1750 1385 1964 1440; x_wconf 91' lang='lat' dir='ltr'><strong>conaris</strong></span> <span class='ocrx_word' id='word_1_92' title='bbox 1984 1383 2121 1439; x_wconf 86' lang='lat' dir='ltr'><strong>edu-</strong></span> 
     </span>
    </p>
   </div>
   <div class='ocr_carea' id='block_1_15' title="bbox 527 1475 2120 1542">
    <p class='ocr_par' dir='ltr' id='par_1_15' title="bbox 527 1475 2120 1542">
     <span class='ocr_line' id='line_1_15' title="bbox 527 1475 2120 1542; baseline 0.001 -10"><span class='ocrx_word' id='word_1_93' title='bbox 527 1491 672 1533; x_wconf 90' lang='lat' dir='ltr'><strong>cere.</strong></span> <span class='ocrx_word' id='word_1_94' title='bbox 699 1476 791 1533; x_wconf 86' lang='lat' dir='ltr'><strong>Sic</strong></span> <span class='ocrx_word' id='word_1_95' title='bbox 816 1475 1086 1542; x_wconf 88' lang='lat' dir='ltr'><strong>ordinata,</strong></span> <span class='ocrx_word' id='word_1_96' title='bbox 1110 1477 1190 1532; x_wconf 92' lang='lat' dir='ltr'><strong>sic</strong></span> <span class='ocrx_word' id='word_1_97' title='bbox 1211 1477 1406 1531; x_wconf 87' lang='lat' dir='ltr'><strong>rationi</strong></span> <span class='ocrx_word' id='word_1_98' title='bbox 1428 1477 1729 1532; x_wconf 89' lang='lat' dir='ltr'><strong>conformia</strong></span> <span class='ocrx_word' id='word_1_99' title='bbox 1751 1477 2001 1534; x_wconf 89' lang='lat' dir='ltr'><strong>mandata</strong></span> <span class='ocrx_word' id='word_1_100' title='bbox 2025 1492 2120 1533; x_wconf 90' lang='lat' dir='ltr'><strong>so-</strong></span> 
     </span>
    </p>
   </div>
   <div class='ocr_carea' id='block_1_16' title="bbox 527 1569 2120 1641">
    <p class='ocr_par' dir='ltr' id='par_1_16' title="bbox 527 1569 2120 1641">
     <span class='ocr_line' id='line_1_16' title="bbox 527 1569 2120 1641; baseline 0.002 -18"><span class='ocrx_word' id='word_1_101' title='bbox 527 1569 742 1624; x_wconf 87' lang='lat' dir='ltr'><strong>roribus</strong></span> <span class='ocrx_word' id='word_1_102' title='bbox 782 1569 1068 1639; x_wconf 77' lang='lat' dir='ltr'><strong>proferas,</strong></span> <span class='ocrx_word' id='word_1_103' title='bbox 1109 1577 1168 1623; x_wconf 88' lang='lat' dir='ltr'><strong>ut</strong></span> <span class='ocrx_word' id='word_1_104' title='bbox 1212 1570 1375 1624; x_wconf 90' lang='lat' dir='ltr'><strong>etiam</strong></span> <span class='ocrx_word' id='word_1_105' title='bbox 1419 1569 1725 1639; x_wconf 60' lang='lat' dir='ltr'><strong>depravatae</strong></span> <span class='ocrx_word' id='word_1_106' title='bbox 1765 1570 2120 1641; x_wconf 67' lang='lat' dir='ltr'><strong>superbzeque</strong></span> 
     </span>
    </p>
   </div>
   <div class='ocr_carea' id='block_1_17' title="bbox 525 1663 2114 1733">
    <p class='ocr_par' dir='ltr' id='par_1_17' title="bbox 525 1663 2114 1733">
     <span class='ocr_line' id='line_1_17' title="bbox 525 1663 2114 1733; baseline 0.001 -15"><span class='ocrx_word' id='word_1_107' title='bbox 525 1673 737 1719; x_wconf 89' lang='lat' dir='ltr'><strong>mentes</strong></span> <span class='ocrx_word' id='word_1_108' title='bbox 766 1664 1070 1719; x_wconf 89' lang='lat' dir='ltr'><strong>animentur</strong></span> <span class='ocrx_word' id='word_1_109' title='bbox 1098 1663 1164 1718; x_wconf 89' lang='lat' dir='ltr'><strong>ad</strong></span> <span class='ocrx_word' id='word_1_110' title='bbox 1187 1663 1512 1719; x_wconf 74' lang='lat' dir='ltr'><strong>obedientia:</strong></span> <span class='ocrx_word' id='word_1_111' title='bbox 1535 1664 1777 1721; x_wconf 87' lang='lat' dir='ltr'><strong>semitas.</strong></span> <span class='ocrx_word' id='word_1_112' title='bbox 1805 1665 1894 1722; x_wconf 91' lang='lat' dir='ltr'><strong>Sic</strong></span> <span class='ocrx_word' id='word_1_113' title='bbox 1918 1665 2114 1733; x_wconf 91' lang='lat' dir='ltr'><strong>dulcis,</strong></span> 
     </span>
    </p>
   </div>
   <div class='ocr_carea' id='block_1_18' title="bbox 2221 441 3811 514">
    <p class='ocr_par' dir='ltr' id='par_1_18' title="bbox 2221 441 3811 514">
     <span class='ocr_line' id='line_1_18' title="bbox 2221 441 3811 514; baseline -0.003 -11"><span class='ocrx_word' id='word_1_114' title='bbox 2221 448 2396 503; x_wconf 89' lang='lat' dir='ltr'><strong>neatis</strong></span> <span class='ocrx_word' id='word_1_115' title='bbox 2421 461 2516 502; x_wconf 90' lang='lat' dir='ltr'><strong>vos</strong></span> <span class='ocrx_word' id='word_1_116' title='bbox 2536 445 2604 502; x_wconf 90' lang='lat' dir='ltr'><strong>ab</strong></span> <span class='ocrx_word' id='word_1_117' title='bbox 2626 443 2874 500; x_wconf 89' lang='lat' dir='ltr'><strong>omnibus</strong></span> <span class='ocrx_word' id='word_1_118' title='bbox 2903 441 3185 498; x_wconf 88' lang='lat' dir='ltr'><strong>desideriis</strong></span> <span class='ocrx_word' id='word_1_119' title='bbox 3210 441 3540 512; x_wconf 87' lang='lat' dir='ltr'><strong>carnalibus,</strong></span> <span class='ocrx_word' id='word_1_120' title='bbox 3565 458 3690 514; x_wconf 69' lang='lat' dir='ltr'><strong>quae</strong></span> <span class='ocrx_word' id='word_1_121' title='bbox 3708 442 3811 498; x_wconf 90' lang='lat' dir='ltr'><strong>mi-</strong></span> 
     </span>
    </p>
   </div>
   <div class='ocr_carea' id='block_1_19' title="bbox 2222 534 3813 605">
    <p class='ocr_par' dir='ltr' id='par_1_19' title="bbox 2222 534 3813 605">
     <span class='ocr_line' id='line_1_19' title="bbox 2222 534 3813 605; baseline -0.002 -9"><span class='ocrx_word' id='word_1_122' title='bbox 2222 542 2382 596; x_wconf 90' lang='lat' dir='ltr'><strong>litant</strong></span> <span class='ocrx_word' id='word_1_123' title='bbox 2418 540 2674 595; x_wconf 88' lang='lat' dir='ltr'><strong>adversus</strong></span> <span class='ocrx_word' id='word_1_124' title='bbox 2716 538 2949 593; x_wconf 90' lang='lat' dir='ltr'><strong>animam</strong></span> <span class='ocrx_word' id='word_1_125' title='bbox 2991 552 3006 591; x_wconf 90' lang='lat'><strong>:</strong></span> <span class='ocrx_word' id='word_1_126' title='bbox 3045 534 3400 605; x_wconf 83' lang='lat' dir='ltr'><strong>subjicientes</strong></span> <span class='ocrx_word' id='word_1_127' title='bbox 3435 551 3535 593; x_wconf 89' lang='lat' dir='ltr'><strong>vos</strong></span> <span class='ocrx_word' id='word_1_128' title='bbox 3575 535 3632 593; x_wconf 89' lang='lat' dir='ltr'><strong>in</strong></span> <span class='ocrx_word' id='word_1_129' title='bbox 3660 537 3813 593; x_wconf 90' lang='lat' dir='ltr'><strong>omni</strong></span> 
     </span>
    </p>
   </div>
   <div class='ocr_carea' id='block_1_20' title="bbox 2220 629 3815 702">
    <p class='ocr_par' dir='ltr' id='par_1_20' title="bbox 2220 629 3815 702">
     <span class='ocr_line' id='line_1_20' title="bbox 2220 629 3815 702; baseline -0.003 -13"><span class='ocrx_word' id='word_1_130' title='bbox 2220 631 2529 690; x_wconf 91' lang='lat' dir='ltr'><strong>obedientia</strong></span> <span class='ocrx_word' id='word_1_131' title='bbox 2567 640 2623 688; x_wconf 92' lang='lat' dir='ltr'><strong>et</strong></span> <span class='ocrx_word' id='word_1_132' title='bbox 2651 630 2866 702; x_wconf 88' lang='lat' dir='ltr'><strong>timore,</strong></span> <span class='ocrx_word' id='word_1_133' title='bbox 2898 637 2954 687; x_wconf 89' lang='lat' dir='ltr'><strong>et</strong></span> <span class='ocrx_word' id='word_1_134' title='bbox 2979 629 3283 687; x_wconf 89' lang='lat' dir='ltr'><strong>reverentia</strong></span> <span class='ocrx_word' id='word_1_135' title='bbox 3311 629 3618 701; x_wconf 71' lang='lat' dir='ltr'><strong>praepositae</strong></span> <span class='ocrx_word' id='word_1_136' title='bbox 3647 629 3815 686; x_wconf 82' lang='lat' dir='ltr'><strong>matri</strong></span> 
     </span>
    </p>
   </div>
   <div class='ocr_carea' id='block_1_21' title="bbox 2221 723 3814 797">
    <p class='ocr_par' dir='ltr' id='par_1_21' title="bbox 2221 723 3814 797">
     <span class='ocr_line' id='line_1_21' title="bbox 2221 723 3814 797; baseline -0.002 -12"><span class='ocrx_word' id='word_1_137' title='bbox 2221 736 2418 785; x_wconf 66' lang='lat' dir='ltr'><strong>vestra:</strong></span> <span class='ocrx_word' id='word_1_138' title='bbox 2467 746 2479 780; x_wconf 89' lang='grc'>;</span> <span class='ocrx_word' id='word_1_139' title='bbox 2525 737 2583 784; x_wconf 93' lang='lat' dir='ltr'><strong>ut</strong></span> <span class='ocrx_word' id='word_1_140' title='bbox 2618 727 2731 797; x_wconf 90' lang='lat' dir='ltr'><strong>jam</strong></span> <span class='ocrx_word' id='word_1_141' title='bbox 2775 726 2997 783; x_wconf 91' lang='lat' dir='ltr'><strong>omnino</strong></span> <span class='ocrx_word' id='word_1_142' title='bbox 3039 723 3173 781; x_wconf 86' lang='lat' dir='ltr'><strong>nihil</strong></span> <span class='ocrx_word' id='word_1_143' title='bbox 3214 723 3360 782; x_wconf 88' lang='lat' dir='ltr'><strong>aliud</strong></span> <span class='ocrx_word' id='word_1_144' title='bbox 3386 724 3524 782; x_wconf 86' lang='lat' dir='ltr'><strong>velle</strong></span> <span class='ocrx_word' id='word_1_145' title='bbox 3547 723 3638 782; x_wconf 86' lang='lat' dir='ltr'><strong>vel</strong></span> <span class='ocrx_word' id='word_1_146' title='bbox 3665 725 3814 782; x_wconf 82' lang='lat' dir='ltr'><strong>nolle</strong></span> 
     </span>
    </p>
   </div>
   <div class='ocr_carea' id='block_1_22' title="bbox 2221 818 3816 892">
    <p class='ocr_par' dir='ltr' id='par_1_22' title="bbox 2221 818 3816 892">
     <span class='ocr_line' id='line_1_22' title="bbox 2221 818 3816 892; baseline -0.001 -16"><span class='ocrx_word' id='word_1_147' title='bbox 2221 821 2382 878; x_wconf 87' lang='lat' dir='ltr'><strong>alicui</strong></span> <span class='ocrx_word' id='word_1_148' title='bbox 2419 821 2596 890; x_wconf 90' lang='lat' dir='ltr'><strong>liceat,</strong></span> <span class='ocrx_word' id='word_1_149' title='bbox 2643 821 2749 877; x_wconf 91' lang='lat' dir='ltr'><strong>nisi</strong></span> <span class='ocrx_word' id='word_1_150' title='bbox 2782 836 2901 892; x_wconf 67' lang='lat' dir='ltr'><strong>quae</strong></span> <span class='ocrx_word' id='word_1_151' title='bbox 2937 819 3208 876; x_wconf 86' lang='lat' dir='ltr'><strong>abbatissa</strong></span> <span class='ocrx_word' id='word_1_152' title='bbox 3238 818 3432 876; x_wconf 90' lang='lat' dir='ltr'><strong>domus</strong></span> <span class='ocrx_word' id='word_1_153' title='bbox 3469 818 3816 877; x_wconf 84' lang='lat' dir='ltr'><strong>mandaverit</strong></span> 
     </span>
    </p>
   </div>
   <div class='ocr_carea' id='block_1_23' title="bbox 2222 913 3814 985">
    <p class='ocr_par' dir='ltr' id='par_1_23' title="bbox 2222 913 3814 985">
     <span class='ocr_line' id='line_1_23' title="bbox 2222 913 3814 985; baseline 0.001 -16"><span class='ocrx_word' id='word_1_154' title='bbox 2222 913 2468 971; x_wconf 84' lang='lat' dir='ltr'><strong>facienda</strong></span> <span class='ocrx_word' id='word_1_155' title='bbox 2498 933 2510 968; x_wconf 95' lang='lat'>:</span> <span class='ocrx_word' id='word_1_156' title='bbox 2543 914 2679 971; x_wconf 90' lang='lat' dir='ltr'><strong>nihil</strong></span> <span class='ocrx_word' id='word_1_157' title='bbox 2706 928 2889 985; x_wconf 89' lang='lat' dir='ltr'><strong>grave,</strong></span> <span class='ocrx_word' id='word_1_158' title='bbox 2923 913 3058 969; x_wconf 88' lang='lat' dir='ltr'><strong>nihil</strong></span> <span class='ocrx_word' id='word_1_159' title='bbox 3089 913 3435 984; x_wconf 90' lang='lat' dir='ltr'><strong>importabile</strong></span> <span class='ocrx_word' id='word_1_160' title='bbox 3460 913 3732 983; x_wconf 90' lang='lat' dir='ltr'><strong>videatur,</strong></span> <span class='ocrx_word' id='word_1_161' title='bbox 3763 913 3814 971; x_wconf 84' lang='lat' dir='ltr'><strong>si</strong></span> 
     </span>
    </p>
   </div>
   <div class='ocr_carea' id='block_1_24' title="bbox 2217 1008 3812 1082">
    <p class='ocr_par' dir='ltr' id='par_1_24' title="bbox 2217 1008 3812 1082">
     <span class='ocr_line' id='line_1_24' title="bbox 2217 1008 3812 1082; baseline 0 -16"><span class='ocrx_word' id='word_1_162' title='bbox 2217 1011 2373 1082; x_wconf 87' lang='lat' dir='ltr'><strong>jussu</strong></span> <span class='ocrx_word' id='word_1_163' title='bbox 2418 1012 2651 1082; x_wconf 57' lang='lat' dir='ltr'><strong>proprias</strong></span> <span class='ocrx_word' id='word_1_164' title='bbox 2697 1025 2807 1066; x_wconf 92' lang='lat' dir='ltr'><strong>non</strong></span> <span class='ocrx_word' id='word_1_165' title='bbox 2842 1009 3137 1066; x_wconf 87' lang='lat' dir='ltr'><strong>concordet</strong></span> <span class='ocrx_word' id='word_1_166' title='bbox 3177 1009 3460 1065; x_wconf 89' lang='lat' dir='ltr'><strong>voluntati.</strong></span> <span class='ocrx_word' id='word_1_167' title='bbox 3502 1008 3646 1066; x_wconf 72' lang='lat' dir='ltr'><strong>\‘ere</strong></span> <span class='ocrx_word' id='word_1_168' title='bbox 3673 1009 3812 1066; x_wconf 87' lang='lat' dir='ltr'><strong>obe-</strong></span> 
     </span>
    </p>
   </div>
   <div class='ocr_carea' id='block_1_25' title="bbox 2221 1100 3812 1174">
    <p class='ocr_par' dir='ltr' id='par_1_25' title="bbox 2221 1100 3812 1174">
     <span class='ocr_line' id='line_1_25' title="bbox 2221 1100 3812 1174; baseline 0.001 -16"><span class='ocrx_word' id='word_1_169' title='bbox 2221 1100 2398 1171; x_wconf 87' lang='lat' dir='ltr'><strong>diens,</strong></span> <span class='ocrx_word' id='word_1_170' title='bbox 2430 1111 2484 1157; x_wconf 90' lang='lat' dir='ltr'><strong>et</strong></span> <span class='ocrx_word' id='word_1_171' title='bbox 2512 1102 2603 1174; x_wconf 86' lang='lat' dir='ltr'><strong>qui</strong></span> <span class='ocrx_word' id='word_1_172' title='bbox 2645 1118 2740 1172; x_wconf 90' lang='lat' dir='ltr'><strong>pro</strong></span> <span class='ocrx_word' id='word_1_173' title='bbox 2767 1101 2983 1158; x_wconf 89' lang='lat' dir='ltr'><strong>Christo</strong></span> <span class='ocrx_word' id='word_1_174' title='bbox 3007 1111 3158 1158; x_wconf 81' lang='lat' dir='ltr'><strong>caret</strong></span> <span class='ocrx_word' id='word_1_175' title='bbox 3183 1103 3330 1158; x_wconf 89' lang='lat' dir='ltr'><strong>omni</strong></span> <span class='ocrx_word' id='word_1_176' title='bbox 3361 1101 3588 1159; x_wconf 90' lang='lat' dir='ltr'><strong>arbitrio</strong></span> <span class='ocrx_word' id='word_1_177' title='bbox 3612 1101 3812 1160; x_wconf 86' lang='lat' dir='ltr'><strong>volun-</strong></span> 
     </span>
    </p>
   </div>
   <div class='ocr_carea' id='block_1_26' title="bbox 2223 1193 3459 1265">
    <p class='ocr_par' dir='ltr' id='par_1_26' title="bbox 2223 1193 3459 1265">
     <span class='ocr_line' id='line_1_26' title="bbox 2223 1193 3459 1265; baseline -0.001 -15"><span class='ocrx_word' id='word_1_178' title='bbox 2223 1195 2372 1260; x_wconf 87' lang='lat' dir='ltr'><strong>tatis,</strong></span> <span class='ocrx_word' id='word_1_179' title='bbox 2403 1193 2538 1248; x_wconf 88' lang='lat' dir='ltr'><strong>nihil</strong></span> <span class='ocrx_word' id='word_1_180' title='bbox 2569 1195 2719 1250; x_wconf 91' lang='lat' dir='ltr'><strong>novit</strong></span> <span class='ocrx_word' id='word_1_181' title='bbox 2745 1193 2986 1264; x_wconf 82' lang='lat' dir='ltr'><strong>difﬁcile,</strong></span> <span class='ocrx_word' id='word_1_182' title='bbox 3018 1193 3153 1250; x_wconf 89' lang='lat' dir='ltr'><strong>nihil</strong></span> <span class='ocrx_word' id='word_1_183' title='bbox 3181 1193 3459 1265; x_wconf 83' lang='lat' dir='ltr'><strong>injustum.</strong></span> 
     </span>
    </p>
   </div>
   <div class='ocr_carea' id='block_1_27' title="bbox 2293 1287 3808 1361">
    <p class='ocr_par' dir='ltr' id='par_1_27' title="bbox 2293 1287 3808 1361">
     <span class='ocr_line' id='line_1_27' title="bbox 2293 1287 3808 1361; baseline 0.007 -20"><span class='ocrx_word' id='word_1_184' title='bbox 2293 1287 2641 1355; x_wconf 83' lang='lat' dir='ltr'><strong>Mementote,</strong></span> <span class='ocrx_word' id='word_1_185' title='bbox 2684 1288 3032 1357; x_wconf 61' lang='lat' dir='ltr'><strong>charissima,</strong></span> <span class='ocrx_word' id='word_1_186' title='bbox 3080 1291 3336 1361; x_wconf 88' lang='lat' dir='ltr'><strong>quoniam</strong></span> <span class='ocrx_word' id='word_1_187' title='bbox 3379 1292 3598 1350; x_wconf 88' lang='lat' dir='ltr'><strong>Christo</strong></span> <span class='ocrx_word' id='word_1_188' title='bbox 3626 1293 3683 1351; x_wconf 87' lang='lat' dir='ltr'><strong>in</strong></span> <span class='ocrx_word' id='word_1_189' title='bbox 3715 1309 3808 1351; x_wconf 90' lang='lat' dir='ltr'><strong>ve-</strong></span> 
     </span>
    </p>
   </div>
   <div class='ocr_carea' id='block_1_28' title="bbox 2222 1379 3810 1453">
    <p class='ocr_par' dir='ltr' id='par_1_28' title="bbox 2222 1379 3810 1453">
     <span class='ocr_line' id='line_1_28' title="bbox 2222 1379 3810 1453; baseline 0.006 -19"><span class='ocrx_word' id='word_1_190' title='bbox 2222 1387 2352 1435; x_wconf 68' lang='lat' dir='ltr'><strong>stra:</strong></span> <span class='ocrx_word' id='word_1_191' title='bbox 2396 1379 2672 1451; x_wconf 81' lang='lat' dir='ltr'><strong>religionis</strong></span> <span class='ocrx_word' id='word_1_192' title='bbox 2715 1382 2994 1453; x_wconf 90' lang='lat' dir='ltr'><strong>ingressu,</strong></span> <span class='ocrx_word' id='word_1_193' title='bbox 3025 1381 3309 1439; x_wconf 89' lang='lat' dir='ltr'><strong>dimisistis</strong></span> <span class='ocrx_word' id='word_1_194' title='bbox 3344 1399 3556 1443; x_wconf 91' lang='lat' dir='ltr'><strong>omnem</strong></span> <span class='ocrx_word' id='word_1_195' title='bbox 3585 1387 3810 1444; x_wconf 88' lang='lat' dir='ltr'><strong>volendi</strong></span> 
     </span>
    </p>
   </div>
   <div class='ocr_carea' id='block_1_29' title="bbox 2221 1474 3810 1553">
    <p class='ocr_par' dir='ltr' id='par_1_29' title="bbox 2221 1474 3810 1553">
     <span class='ocr_line' id='line_1_29' title="bbox 2221 1474 3810 1553; baseline 0.008 -25"><span class='ocrx_word' id='word_1_196' title='bbox 2221 1484 2276 1529; x_wconf 88' lang='lat' dir='ltr'><strong>et</strong></span> <span class='ocrx_word' id='word_1_197' title='bbox 2304 1474 2517 1530; x_wconf 90' lang='lat' dir='ltr'><strong>nolendi</strong></span> <span class='ocrx_word' id='word_1_198' title='bbox 2546 1475 2835 1545; x_wconf 90' lang='lat' dir='ltr'><strong>licentiam,</strong></span> <span class='ocrx_word' id='word_1_199' title='bbox 2865 1478 2968 1534; x_wconf 92' lang='lat' dir='ltr'><strong>nisi</strong></span> <span class='ocrx_word' id='word_1_200' title='bbox 2998 1494 3119 1550; x_wconf 72' lang='lat' dir='ltr'><strong>quae</strong></span> <span class='ocrx_word' id='word_1_201' title='bbox 3143 1479 3261 1551; x_wconf 87' lang='lat' dir='ltr'><strong>ejus</strong></span> <span class='ocrx_word' id='word_1_202' title='bbox 3283 1482 3426 1538; x_wconf 84' lang='lat' dir='ltr'><strong>vices</strong></span> <span class='ocrx_word' id='word_1_203' title='bbox 3445 1492 3696 1553; x_wconf 81' lang='lat' dir='ltr'><strong>gerentes</strong></span> <span class='ocrx_word' id='word_1_204' title='bbox 3719 1499 3810 1541; x_wconf 84' lang='lat' dir='ltr'><strong>or-</strong></span> 
     </span>
    </p>
   </div>
   <div class='ocr_carea' id='block_1_30' title="bbox 2220 1566 3804 1647">
    <p class='ocr_par' dir='ltr' id='par_1_30' title="bbox 2220 1566 3804 1647">
     <span class='ocr_line' id='line_1_30' title="bbox 2220 1566 3804 1647; baseline 0.009 -26"><span class='ocrx_word' id='word_1_205' title='bbox 2220 1566 2470 1623; x_wconf 90' lang='lat' dir='ltr'><strong>dinarent</strong></span> <span class='ocrx_word' id='word_1_206' title='bbox 2496 1567 2565 1624; x_wconf 91' lang='lat' dir='ltr'><strong>de</strong></span> <span class='ocrx_word' id='word_1_207' title='bbox 2589 1569 2764 1625; x_wconf 88' lang='lat' dir='ltr'><strong>vobis.</strong></span> <span class='ocrx_word' id='word_1_208' title='bbox 2791 1570 3038 1628; x_wconf 88' lang='lat' dir='ltr'><strong>Obeditis</strong></span> <span class='ocrx_word' id='word_1_209' title='bbox 3063 1573 3206 1630; x_wconf 88' lang='lat' dir='ltr'><strong>enim</strong></span> <span class='ocrx_word' id='word_1_210' title='bbox 3232 1573 3446 1632; x_wconf 90' lang='lat' dir='ltr'><strong>Christo</strong></span> <span class='ocrx_word' id='word_1_211' title='bbox 3469 1575 3804 1647; x_wconf 86' lang='lat' dir='ltr'><strong>firmissime,</strong></span> 
     </span>
    </p>
   </div>
   <div class='ocr_carea' id='block_1_31' title="bbox 2220 1664 3808 1737">
    <p class='ocr_par' dir='ltr' id='par_1_31' title="bbox 2220 1664 3808 1737">
     <span class='ocr_line' id='line_1_31' title="bbox 2220 1664 3808 1737; baseline 0.008 -23"><span class='ocrx_word' id='word_1_212' title='bbox 2220 1674 2342 1716; x_wconf 93' lang='lat' dir='ltr'><strong>cum</strong></span> <span class='ocrx_word' id='word_1_213' title='bbox 2383 1664 2688 1733; x_wconf 74' lang='lat' dir='ltr'><strong>praepositae</strong></span> <span class='ocrx_word' id='word_1_214' title='bbox 2731 1665 2891 1721; x_wconf 91' lang='lat' dir='ltr'><strong>matri</strong></span> <span class='ocrx_word' id='word_1_215' title='bbox 2929 1666 3083 1722; x_wconf 86' lang='lat' dir='ltr'><strong>vobis</strong></span> <span class='ocrx_word' id='word_1_216' title='bbox 3126 1683 3320 1737; x_wconf 90' lang='lat' dir='ltr'><strong>parere</strong></span> <span class='ocrx_word' id='word_1_217' title='bbox 3358 1670 3609 1727; x_wconf 90' lang='lat' dir='ltr'><strong>studetis.</strong></span> <span class='ocrx_word' id='word_1_218' title='bbox 3654 1671 3808 1727; x_wconf 89' lang='lat' dir='ltr'><strong>Tunc</strong></span> 
     </span>
    </p>
   </div>
   <div class='ocr_carea' id='block_1_32' title="bbox 527 1747 3804 1833">
    <p class='ocr_par' dir='ltr' id='par_1_32' title="bbox 527 1747 3804 1833">
     <span class='ocr_line' id='line_1_32' title="bbox 527 1747 3804 1833; baseline 0.002 -21"><span class='ocrx_word' id='word_1_219' title='bbox 527 1757 606 1812; x_wconf 91' lang='lat' dir='ltr'><strong>sic</strong></span> <span class='ocrx_word' id='word_1_220' title='bbox 634 1756 781 1814; x_wconf 91' lang='lat' dir='ltr'><strong>mitis</strong></span> <span class='ocrx_word' id='word_1_221' title='bbox 810 1758 880 1812; x_wconf 90' lang='lat' dir='ltr'><strong>sit</strong></span> <span class='ocrx_word' id='word_1_222' title='bbox 905 1772 1106 1823; x_wconf 89' lang='lat' dir='ltr'><strong>sermo,</strong></span> <span class='ocrx_word' id='word_1_223' title='bbox 1134 1765 1193 1811; x_wconf 87' lang='lat' dir='ltr'><strong>ut</strong></span> <span class='ocrx_word' id='word_1_224' title='bbox 1231 1757 1445 1812; x_wconf 77' lang='lat' dir='ltr'><strong>duritiae</strong></span> <span class='ocrx_word' id='word_1_225' title='bbox 1469 1757 1706 1813; x_wconf 90' lang='lat' dir='ltr'><strong>furorem</strong></span> <span class='ocrx_word' id='word_1_226' title='bbox 1739 1774 1846 1813; x_wconf 93' lang='lat' dir='ltr'><strong>non</strong></span> <span class='ocrx_word' id='word_1_227' title='bbox 1870 1760 2114 1826; x_wconf 86' lang='lat' dir='ltr'><strong>suscitet,</strong></span> <span class='ocrx_word' id='word_1_228' title='bbox 2147 1747 2197 1811; x_wconf 88' lang='lat' dir='ltr'><strong>B</strong></span> <span class='ocrx_word' id='word_1_229' title='bbox 2222 1754 2368 1810; x_wconf 90' lang='lat' dir='ltr'><strong>enim</strong></span> <span class='ocrx_word' id='word_1_230' title='bbox 2408 1770 2610 1826; x_wconf 88' lang='lat' dir='ltr'><strong>sponso</strong></span> <span class='ocrx_word' id='word_1_231' title='bbox 2655 1757 2897 1827; x_wconf 90' lang='lat' dir='ltr'><strong>Christo,</strong></span> <span class='ocrx_word' id='word_1_232' title='bbox 2945 1762 3033 1816; x_wconf 91' lang='lat' dir='ltr'><strong>cui</strong></span> <span class='ocrx_word' id='word_1_233' title='bbox 3064 1760 3405 1833; x_wconf 58' lang='lat' dir='ltr'><strong>desponsata}</strong></span> <span class='ocrx_word' id='word_1_234' title='bbox 3436 1763 3598 1820; x_wconf 82' lang='lat' dir='ltr'><strong>tidem</strong></span> <span class='ocrx_word' id='word_1_235' title='bbox 3634 1771 3804 1820; x_wconf 88' lang='lat' dir='ltr'><strong>totam</strong></span> 
     </span>
    </p>
   </div>
   <div class='ocr_carea' id='block_1_33' title="bbox 527 1848 2115 1920">
    <p class='ocr_par' dir='ltr' id='par_1_33' title="bbox 527 1848 2115 1920">
     <span class='ocr_line' id='line_1_33' title="bbox 527 1848 2115 1920; baseline 0.003 -17"><span class='ocrx_word' id='word_1_236' title='bbox 527 1848 625 1904; x_wconf 88' lang='lat' dir='ltr'><strong>sed</strong></span> <span class='ocrx_word' id='word_1_237' title='bbox 665 1849 872 1920; x_wconf 76' lang='lat' dir='ltr'><strong>frangat</strong></span> <span class='ocrx_word' id='word_1_238' title='bbox 903 1859 1172 1905; x_wconf 84' lang='lat' dir='ltr'><strong>exortum.</strong></span> <span class='ocrx_word' id='word_1_239' title='bbox 1206 1849 1296 1905; x_wconf 88' lang='lat' dir='ltr'><strong>Sic</strong></span> <span class='ocrx_word' id='word_1_240' title='bbox 1335 1866 1460 1920; x_wconf 91' lang='lat' dir='ltr'><strong>erga</strong></span> <span class='ocrx_word' id='word_1_241' title='bbox 1503 1849 1911 1919; x_wconf 89' lang='lat' dir='ltr'><strong>inobedieutes,</strong></span> <span class='ocrx_word' id='word_1_242' title='bbox 1945 1852 2115 1908; x_wconf 88' lang='lat' dir='ltr'><strong>virilis</strong></span> 
     </span>
    </p>
   </div>
   <div class='ocr_carea' id='block_1_34' title="bbox 524 1943 2116 2003">
    <p class='ocr_par' dir='ltr' id='par_1_34' title="bbox 524 1943 2116 2003">
     <span class='ocr_line' id='line_1_34' title="bbox 524 1943 2116 2003; baseline 0.003 -5"><span class='ocrx_word' id='word_1_243' title='bbox 524 1952 582 1998; x_wconf 92' lang='lat' dir='ltr'><strong>et</strong></span> <span class='ocrx_word' id='word_1_244' title='bbox 608 1952 865 2000; x_wconf 88' lang='lat' dir='ltr'><strong>constans</strong></span> <span class='ocrx_word' id='word_1_245' title='bbox 889 1943 960 1998; x_wconf 87' lang='lat' dir='ltr'><strong>sit</strong></span> <span class='ocrx_word' id='word_1_246' title='bbox 995 1945 1203 2000; x_wconf 90' lang='lat' dir='ltr'><strong>animus</strong></span> <span class='ocrx_word' id='word_1_247' title='bbox 1231 1961 1244 1998; x_wconf 87' lang='lat'><strong>:</strong></span> <span class='ocrx_word' id='word_1_248' title='bbox 1276 1952 1333 2000; x_wconf 90' lang='lat' dir='ltr'><strong>ut</strong></span> <span class='ocrx_word' id='word_1_249' title='bbox 1357 1944 1532 2000; x_wconf 91' lang='lat' dir='ltr'><strong>omnis</strong></span> <span class='ocrx_word' id='word_1_250' title='bbox 1559 1943 1839 2000; x_wconf 85' lang='lat' dir='ltr'><strong>muliebris</strong></span> <span class='ocrx_word' id='word_1_251' title='bbox 1859 1944 2116 2003; x_wconf 88' lang='lat' dir='ltr'><strong>mollities</strong></span> 
     </span>
    </p>
   </div>
   <div class='ocr_carea' id='block_1_35' title="bbox 528 2035 1047 2105">
    <p class='ocr_par' dir='ltr' id='par_1_35' title="bbox 528 2035 1047 2105">
     <span class='ocr_line' id='line_1_35' title="bbox 528 2035 1047 2105; baseline 0 -15"><span class='ocrx_word' id='word_1_252' title='bbox 528 2035 771 2105; x_wconf 85' lang='lat' dir='ltr'><strong>discedat</strong></span> <span class='ocrx_word' id='word_1_253' title='bbox 797 2051 827 2091; x_wconf 91' lang='lat' dir='ltr'><strong>e</strong></span> <span class='ocrx_word' id='word_1_254' title='bbox 848 2035 1047 2092; x_wconf 92' lang='lat' dir='ltr'><strong>medio.</strong></span> 
     </span>
    </p>
   </div>
   <div class='ocr_carea' id='block_1_36' title="bbox 590 2131 2115 2205">
    <p class='ocr_par' dir='ltr' id='par_1_36' title="bbox 590 2131 2115 2205">
     <span class='ocr_line' id='line_1_36' title="bbox 590 2131 2115 2205; baseline 0.004 -19"><span class='ocrx_word' id='word_1_255' title='bbox 590 2131 929 2187; x_wconf 85' lang='lat' dir='ltr'><strong>Excidantur</strong></span> <span class='ocrx_word' id='word_1_256' title='bbox 959 2132 1014 2188; x_wconf 91' lang='lat' dir='ltr'><strong>in</strong></span> <span class='ocrx_word' id='word_1_257' title='bbox 1044 2140 1197 2188; x_wconf 90' lang='lat' dir='ltr'><strong>ortus</strong></span> <span class='ocrx_word' id='word_1_258' title='bbox 1227 2133 1527 2204; x_wconf 91' lang='lat' dir='ltr'><strong>primordio</strong></span> <span class='ocrx_word' id='word_1_259' title='bbox 1545 2149 1762 2205; x_wconf 89' lang='lat' dir='ltr'><strong>vepres,</strong></span> <span class='ocrx_word' id='word_1_260' title='bbox 1793 2150 1861 2191; x_wconf 92' lang='lat' dir='ltr'><strong>ne</strong></span> <span class='ocrx_word' id='word_1_261' title='bbox 1885 2135 2115 2192; x_wconf 90' lang='lat' dir='ltr'><strong>nimium</strong></span> 
     </span>
    </p>
   </div>
   <div class='ocr_carea' id='block_1_37' title="bbox 521 2229 2115 2298">
    <p class='ocr_par' dir='ltr' id='par_1_37' title="bbox 521 2229 2115 2298">
     <span class='ocr_line' id='line_1_37' title="bbox 521 2229 2115 2298; baseline 0.002 -15"><span class='ocrx_word' id='word_1_262' title='bbox 521 2236 939 2295; x_wconf 79' lang='lat' dir='ltr'><strong>excrescentes,</strong></span> <span class='ocrx_word' id='word_1_263' title='bbox 997 2229 1238 2298; x_wconf 81' lang='lat' dir='ltr'><strong>germina</strong></span> <span class='ocrx_word' id='word_1_264' title='bbox 1298 2229 1565 2285; x_wconf 89' lang='lat' dir='ltr'><strong>seminum</strong></span> <span class='ocrx_word' id='word_1_265' title='bbox 1624 2229 1911 2286; x_wconf 77' lang='lat' dir='ltr'><strong>suﬂ&#39;ocent.</strong></span> <span class='ocrx_word' id='word_1_266' title='bbox 1972 2230 2115 2286; x_wconf 82' lang='lat' dir='ltr'><strong>Nihil</strong></span> 
     </span>
    </p>
   </div>
   <div class='ocr_carea' id='block_1_38' title="bbox 515 2321 2114 2393">
    <p class='ocr_par' dir='ltr' id='par_1_38' title="bbox 515 2321 2114 2393">
     <span class='ocr_line' id='line_1_38' title="bbox 515 2321 2114 2393; baseline 0.003 -19"><span class='ocrx_word' id='word_1_267' title='bbox 515 2322 717 2392; x_wconf 87' lang='lat' dir='ltr'><strong>quippe</strong></span> <span class='ocrx_word' id='word_1_268' title='bbox 748 2323 802 2376; x_wconf 93' lang='lat' dir='ltr'><strong>in</strong></span> <span class='ocrx_word' id='word_1_269' title='bbox 829 2330 1040 2376; x_wconf 88' lang='lat' dir='ltr'><strong>rectore</strong></span> <span class='ocrx_word' id='word_1_270' title='bbox 1069 2321 1429 2391; x_wconf 89' lang='lat' dir='ltr'><strong>periculosius</strong></span> <span class='ocrx_word' id='word_1_271' title='bbox 1457 2332 1562 2390; x_wconf 88' lang='lat' dir='ltr'><strong>est,</strong></span> <span class='ocrx_word' id='word_1_272' title='bbox 1586 2337 1748 2393; x_wconf 87' lang='lat' dir='ltr'><strong>quam</strong></span> <span class='ocrx_word' id='word_1_273' title='bbox 1772 2339 1911 2378; x_wconf 92' lang='lat' dir='ltr'><strong>vana</strong></span> <span class='ocrx_word' id='word_1_274' title='bbox 1935 2323 2114 2379; x_wconf 52' lang='lat' dir='ltr'><strong>humi-</strong></span> 
     </span>
    </p>
   </div>
   <div class='ocr_carea' id='block_1_39' title="bbox 514 2413 2112 2488">
    <p class='ocr_par' dir='ltr' id='par_1_39' title="bbox 514 2413 2112 2488">
     <span class='ocr_line' id='line_1_39' title="bbox 514 2413 2112 2488; baseline 0.004 -20"><span class='ocrx_word' id='word_1_275' title='bbox 514 2413 638 2468; x_wconf 92' lang='lat' dir='ltr'><strong>litas</strong></span> <span class='ocrx_word' id='word_1_276' title='bbox 680 2413 748 2468; x_wconf 91' lang='lat' dir='ltr'><strong>ad</strong></span> <span class='ocrx_word' id='word_1_277' title='bbox 787 2415 1188 2470; x_wconf 85' lang='lat' dir='ltr'><strong>correctionem</strong></span> <span class='ocrx_word' id='word_1_278' title='bbox 1231 2431 1360 2486; x_wconf 90' lang='lat' dir='ltr'><strong>erga</strong></span> <span class='ocrx_word' id='word_1_279' title='bbox 1403 2418 1673 2486; x_wconf 89' lang='lat' dir='ltr'><strong>superbos</strong></span> <span class='ocrx_word' id='word_1_280' title='bbox 1715 2428 2112 2488; x_wconf 89' lang='lat' dir='ltr'><strong>protervosque</strong></span> 
     </span>
    </p>
   </div>
   <div class='ocr_carea' id='block_1_40' title="bbox 522 2505 2115 2578">
    <p class='ocr_par' dir='ltr' id='par_1_40' title="bbox 522 2505 2115 2578">
     <span class='ocr_line' id='line_1_40' title="bbox 522 2505 2115 2578; baseline 0.001 -16"><span class='ocrx_word' id='word_1_281' title='bbox 522 2505 792 2562; x_wconf 90' lang='lat' dir='ltr'><strong>subditos.</strong></span> <span class='ocrx_word' id='word_1_282' title='bbox 817 2506 1160 2578; x_wconf 90' lang='lat' dir='ltr'><strong>Singularum</strong></span> <span class='ocrx_word' id='word_1_283' title='bbox 1192 2523 1442 2563; x_wconf 90' lang='lat' dir='ltr'><strong>sororum</strong></span> <span class='ocrx_word' id='word_1_284' title='bbox 1472 2509 1778 2565; x_wconf 88' lang='lat' dir='ltr'><strong>voluntates</strong></span> <span class='ocrx_word' id='word_1_285' title='bbox 1807 2510 1860 2564; x_wconf 93' lang='lat' dir='ltr'><strong>in</strong></span> <span class='ocrx_word' id='word_1_286' title='bbox 1890 2525 1950 2565; x_wconf 89' lang='lat' dir='ltr'><strong>re</strong></span> <span class='ocrx_word' id='word_1_287' title='bbox 1971 2509 2115 2565; x_wconf 82' lang='lat' dir='ltr'><strong>diffi-</strong></span> 
     </span>
    </p>
   </div>
   <div class='ocr_carea' id='block_1_41' title="bbox 515 2598 2113 2670">
    <p class='ocr_par' dir='ltr' id='par_1_41' title="bbox 515 2598 2113 2670">
     <span class='ocr_line' id='line_1_41' title="bbox 515 2598 2113 2670; baseline 0.004 -18"><span class='ocrx_word' id='word_1_288' title='bbox 515 2598 605 2652; x_wconf 91' lang='lat' dir='ltr'><strong>cili</strong></span> <span class='ocrx_word' id='word_1_289' title='bbox 643 2599 1022 2668; x_wconf 89' lang='lat' dir='ltr'><strong>pertractanda</strong></span> <span class='ocrx_word' id='word_1_290' title='bbox 1064 2615 1278 2670; x_wconf 88' lang='lat' dir='ltr'><strong>semper</strong></span> <span class='ocrx_word' id='word_1_291' title='bbox 1320 2600 1475 2656; x_wconf 90' lang='lat' dir='ltr'><strong>avide</strong></span> <span class='ocrx_word' id='word_1_292' title='bbox 1513 2601 1700 2658; x_wconf 87' lang='lat' dir='ltr'><strong>audias</strong></span> <span class='ocrx_word' id='word_1_293' title='bbox 1736 2619 1748 2654; x_wconf 92' lang='lat'>:</span> <span class='ocrx_word' id='word_1_294' title='bbox 1783 2617 1885 2657; x_wconf 92' lang='lat' dir='ltr'><strong>nec</strong></span> <span class='ocrx_word' id='word_1_295' title='bbox 1933 2610 2113 2659; x_wconf 89' lang='lat' dir='ltr'><strong>tamen</strong></span> 
     </span>
    </p>
   </div>
   <div class='ocr_carea' id='block_1_42' title="bbox 516 2692 2110 2762">
    <p class='ocr_par' dir='ltr' id='par_1_42' title="bbox 516 2692 2110 2762">
     <span class='ocr_line' id='line_1_42' title="bbox 516 2692 2110 2762; baseline 0.004 -18"><span class='ocrx_word' id='word_1_296' title='bbox 516 2692 904 2762; x_wconf 88' lang='lat' dir='ltr'><strong>cujuscumque</strong></span> <span class='ocrx_word' id='word_1_297' title='bbox 962 2693 1223 2748; x_wconf 87' lang='lat' dir='ltr'><strong>voluntati</strong></span> <span class='ocrx_word' id='word_1_298' title='bbox 1279 2694 1551 2750; x_wconf 88' lang='lat' dir='ltr'><strong>innitaris.</strong></span> <span class='ocrx_word' id='word_1_299' title='bbox 1608 2695 1994 2751; x_wconf 85' lang='lat' dir='ltr'><strong>Verumtamen</strong></span> <span class='ocrx_word' id='word_1_300' title='bbox 2064 2697 2110 2751; x_wconf 89' lang='lat' dir='ltr'><strong>si</strong></span> 
     </span>
    </p>
   </div>
   <div class='ocr_carea' id='block_1_43' title="bbox 517 2783 2111 2859">
    <p class='ocr_par' dir='ltr' id='par_1_43' title="bbox 517 2783 2111 2859">
     <span class='ocr_line' id='line_1_43' title="bbox 517 2783 2111 2859; baseline 0.004 -23"><span class='ocrx_word' id='word_1_301' title='bbox 517 2783 810 2853; x_wconf 85' lang='lat' dir='ltr'><strong>quidquam</strong></span> <span class='ocrx_word' id='word_1_302' title='bbox 843 2785 973 2839; x_wconf 87' lang='lat' dir='ltr'><strong>utile</strong></span> <span class='ocrx_word' id='word_1_303' title='bbox 1014 2789 1271 2856; x_wconf 90' lang='lat' dir='ltr'><strong>prodatur</strong></span> <span class='ocrx_word' id='word_1_304' title='bbox 1319 2804 1332 2839; x_wconf 93' lang='lat'>:</span> <span class='ocrx_word' id='word_1_305' title='bbox 1385 2802 1490 2841; x_wconf 92' lang='lat' dir='ltr'><strong>non</strong></span> <span class='ocrx_word' id='word_1_306' title='bbox 1533 2787 1842 2843; x_wconf 90' lang='lat' dir='ltr'><strong>attendatur</strong></span> <span class='ocrx_word' id='word_1_307' title='bbox 1881 2804 2111 2859; x_wconf 88' lang='lat' dir='ltr'><strong>persona</strong></span> 
     </span>
    </p>
   </div>
   <div class='ocr_carea' id='block_1_44' title="bbox 523 2877 2109 2950">
    <p class='ocr_par' dir='ltr' id='par_1_44' title="bbox 523 2877 2109 2950">
     <span class='ocr_line' id='line_1_44' title="bbox 523 2877 2109 2950; baseline 0.005 -21"><span class='ocrx_word' id='word_1_308' title='bbox 523 2891 646 2946; x_wconf 69' lang='lat' dir='ltr'><strong>qua:</strong></span> <span class='ocrx_word' id='word_1_309' title='bbox 689 2877 928 2947; x_wconf 91' lang='lat' dir='ltr'><strong>protulit.</strong></span> <span class='ocrx_word' id='word_1_310' title='bbox 969 2878 1139 2950; x_wconf 83' lang='lat' dir='ltr'><strong>Elegit</strong></span> <span class='ocrx_word' id='word_1_311' title='bbox 1175 2879 1308 2932; x_wconf 83' lang='lat' dir='ltr'><strong>enim</strong></span> <span class='ocrx_word' id='word_1_312' title='bbox 1343 2878 1483 2934; x_wconf 82' lang='lat' dir='ltr'><strong>Deus</strong></span> <span class='ocrx_word' id='word_1_313' title='bbox 1524 2882 1734 2948; x_wconf 81' lang='lat' dir='ltr'><strong>inﬁrma</strong></span> <span class='ocrx_word' id='word_1_314' title='bbox 1779 2884 1959 2936; x_wconf 71' lang='lat' dir='ltr'><strong>mutuli</strong></span> <span class='ocrx_word' id='word_1_315' title='bbox 1999 2902 2010 2934; x_wconf 91' lang='lat'><strong>:</strong></span> <span class='ocrx_word' id='word_1_316' title='bbox 2052 2892 2109 2937; x_wconf 82' lang='lat' dir='ltr'><strong>ut</strong></span> 
     </span>
    </p>
   </div>
   <div class='ocr_carea' id='block_1_45' title="bbox 513 2969 2110 3043">
    <p class='ocr_par' dir='ltr' id='par_1_45' title="bbox 513 2969 2110 3043">
     <span class='ocr_line' id='line_1_45' title="bbox 513 2969 2110 3043; baseline 0.007 -24"><span class='ocrx_word' id='word_1_317' title='bbox 513 2969 674 3039; x_wconf 76' lang='lat' dir='ltr'><strong>fortia</strong></span> <span class='ocrx_word' id='word_1_318' title='bbox 697 2984 914 3040; x_wconf 68' lang='lat' dir='ltr'><strong>quaeque</strong></span> <span class='ocrx_word' id='word_1_319' title='bbox 944 2971 1228 3041; x_wconf 78' lang='lat' dir='ltr'><strong>confundat</strong></span> <span class='ocrx_word' id='word_1_320' title='bbox 1255 2969 1298 3041; x_wconf 87' lang='grc' dir='ltr'><strong>(Ι</strong></span> <span class='ocrx_word' id='word_1_321' title='bbox 1326 2969 1445 3024; x_wconf 87' lang='lat' dir='ltr'><strong>Cor.</strong></span> <span class='ocrx_word' id='word_1_322' title='bbox 1474 2987 1492 3026; x_wconf 83' lang='lat'>1</span> <span class='ocrx_word' id='word_1_323' title='bbox 1522 2971 1676 3043; x_wconf 48' lang='grc' dir='ltr'><strong>ΑΕΗ).</strong></span> <span class='ocrx_word' id='word_1_324' title='bbox 1702 2972 1870 3028; x_wconf 91' lang='lat' dir='ltr'><strong>Tuam</strong></span> <span class='ocrx_word' id='word_1_325' title='bbox 1898 2990 2029 3031; x_wconf 87' lang='lat' dir='ltr'><strong>vero</strong></span> <span class='ocrx_word' id='word_1_326' title='bbox 2055 2975 2110 3030; x_wconf 88' lang='lat' dir='ltr'><strong>in</strong></span> 
     </span>
    </p>
   </div>
   <div class='ocr_carea' id='block_1_46' title="bbox 515 3062 2107 3131">
    <p class='ocr_par' dir='ltr' id='par_1_46' title="bbox 515 3062 2107 3131">
     <span class='ocr_line' id='line_1_46' title="bbox 515 3062 2107 3131; baseline 0.001 -13"><span class='ocrx_word' id='word_1_327' title='bbox 515 3062 680 3118; x_wconf 86' lang='lat' dir='ltr'><strong>rebus</strong></span> <span class='ocrx_word' id='word_1_328' title='bbox 706 3063 961 3131; x_wconf 87' lang='lat' dir='ltr'><strong>gerendis</strong></span> <span class='ocrx_word' id='word_1_329' title='bbox 989 3062 1372 3118; x_wconf 91' lang='lat' dir='ltr'><strong>communibus</strong></span> <span class='ocrx_word' id='word_1_330' title='bbox 1398 3078 1504 3118; x_wconf 90' lang='lat' dir='ltr'><strong>non</strong></span> <span class='ocrx_word' id='word_1_331' title='bbox 1536 3073 1742 3119; x_wconf 89' lang='lat' dir='ltr'><strong>tantum</strong></span> <span class='ocrx_word' id='word_1_332' title='bbox 1773 3067 2107 3120; x_wconf 87' lang='lat' dir='ltr'><strong>voluntatem</strong></span> 
     </span>
    </p>
   </div>
   <div class='ocr_carea' id='block_1_47' title="bbox 519 3146 2186 3225">
    <p class='ocr_par' dir='ltr' id='par_1_47' title="bbox 519 3146 2186 3225">
     <span class='ocr_line' id='line_1_47' title="bbox 519 3146 2186 3225; baseline 0.001 -13"><span class='ocrx_word' id='word_1_333' title='bbox 519 3156 771 3225; x_wconf 83' lang='lat' dir='ltr'><strong>exquiras</strong></span> <span class='ocrx_word' id='word_1_334' title='bbox 793 3165 848 3211; x_wconf 90' lang='lat' dir='ltr'><strong>et</strong></span> <span class='ocrx_word' id='word_1_335' title='bbox 874 3167 1057 3212; x_wconf 86' lang='lat' dir='ltr'><strong>teneas</strong></span> <span class='ocrx_word' id='word_1_336' title='bbox 1083 3173 1098 3209; x_wconf 92' lang='lat'><strong>:</strong></span> <span class='ocrx_word' id='word_1_337' title='bbox 1125 3154 1232 3209; x_wconf 90' lang='lat' dir='ltr'><strong>nisi</strong></span> <span class='ocrx_word' id='word_1_338' title='bbox 1252 3153 1426 3224; x_wconf 87' lang='lat' dir='ltr'><strong>major</strong></span> <span class='ocrx_word' id='word_1_339' title='bbox 1449 3169 1575 3225; x_wconf 84' lang='lat' dir='ltr'><strong>pars</strong></span> <span class='ocrx_word' id='word_1_340' title='bbox 1594 3155 1950 3213; x_wconf 89' lang='lat' dir='ltr'><strong>discretarum</strong></span> <span class='ocrx_word' id='word_1_341' title='bbox 1974 3157 2110 3213; x_wconf 87' lang='lat' dir='ltr'><strong>ﬁlia-</strong></span> <span class='ocrx_word' id='word_1_342' title='bbox 2137 3146 2186 3212; x_wconf 87' lang='lat' dir='ltr'><strong>C</strong></span> 
     </span>
    </p>
   </div>
   <div class='ocr_carea' id='block_1_48' title="bbox 518 3245 2106 3317">
    <p class='ocr_par' dir='ltr' id='par_1_48' title="bbox 518 3245 2106 3317">
     <span class='ocr_line' id='line_1_48' title="bbox 518 3245 2106 3317; baseline 0.001 -15"><span class='ocrx_word' id='word_1_343' title='bbox 518 3263 638 3303; x_wconf 90' lang='lat' dir='ltr'><strong>rum</strong></span> <span class='ocrx_word' id='word_1_344' title='bbox 667 3247 723 3303; x_wconf 92' lang='lat' dir='ltr'><strong>id</strong></span> <span class='ocrx_word' id='word_1_345' title='bbox 741 3249 1016 3304; x_wconf 89' lang='lat' dir='ltr'><strong>communi</strong></span> <span class='ocrx_word' id='word_1_346' title='bbox 1047 3255 1175 3300; x_wconf 89' lang='lat' dir='ltr'><strong>voto</strong></span> <span class='ocrx_word' id='word_1_347' title='bbox 1205 3245 1496 3301; x_wconf 89' lang='lat' dir='ltr'><strong>collaudet.</strong></span> <span class='ocrx_word' id='word_1_348' title='bbox 1523 3245 1892 3317; x_wconf 90' lang='lat' dir='ltr'><strong>Superbarum</strong></span> <span class='ocrx_word' id='word_1_349' title='bbox 1923 3249 2106 3305; x_wconf 90' lang='lat' dir='ltr'><strong>insen-</strong></span> 
     </span>
    </p>
   </div>
   <div class='ocr_carea' id='block_1_49' title="bbox 513 3340 2104 3413">
    <p class='ocr_par' dir='ltr' id='par_1_49' title="bbox 513 3340 2104 3413">
     <span class='ocr_line' id='line_1_49' title="bbox 513 3340 2104 3413; baseline 0.001 -15"><span class='ocrx_word' id='word_1_350' title='bbox 513 3353 864 3413; x_wconf 76' lang='lat' dir='ltr'><strong>Satarumque</strong></span> <span class='ocrx_word' id='word_1_351' title='bbox 905 3340 1170 3396; x_wconf 90' lang='lat' dir='ltr'><strong>mentium</strong></span> <span class='ocrx_word' id='word_1_352' title='bbox 1207 3349 1326 3410; x_wconf 89' lang='lat' dir='ltr'><strong>est,</strong></span> <span class='ocrx_word' id='word_1_353' title='bbox 1362 3356 1462 3396; x_wconf 91' lang='lat' dir='ltr'><strong>suo</strong></span> <span class='ocrx_word' id='word_1_354' title='bbox 1507 3349 1718 3396; x_wconf 82' lang='lat' dir='ltr'><strong>tantum</strong></span> <span class='ocrx_word' id='word_1_355' title='bbox 1748 3343 1827 3397; x_wconf 88' lang='lat' dir='ltr'><strong>uti</strong></span> <span class='ocrx_word' id='word_1_356' title='bbox 1853 3344 2104 3401; x_wconf 91' lang='lat' dir='ltr'><strong>consilio.</strong></span> 
     </span>
    </p>
   </div>
   <div class='ocr_carea' id='block_1_50' title="bbox 518 3435 2107 3507">
    <p class='ocr_par' dir='ltr' id='par_1_50' title="bbox 518 3435 2107 3507">
     <span class='ocr_line' id='line_1_50' title="bbox 518 3435 2107 3507; baseline 0.001 -15"><span class='ocrx_word' id='word_1_357' title='bbox 518 3436 638 3492; x_wconf 83' lang='lat' dir='ltr'><strong>Non</strong></span> <span class='ocrx_word' id='word_1_358' title='bbox 690 3437 944 3492; x_wconf 85' lang='lat' dir='ltr'><strong>audiatur</strong></span> <span class='ocrx_word' id='word_1_359' title='bbox 1000 3437 1320 3507; x_wconf 87' lang='lat' dir='ltr'><strong>cujusquam</strong></span> <span class='ocrx_word' id='word_1_360' title='bbox 1374 3435 1625 3492; x_wconf 86' lang='lat' dir='ltr'><strong>voluntas</strong></span> <span class='ocrx_word' id='word_1_361' title='bbox 1668 3438 1768 3494; x_wconf 92' lang='lat' dir='ltr'><strong>sub</strong></span> <span class='ocrx_word' id='word_1_362' title='bbox 1815 3438 2107 3495; x_wconf 87' lang='lat' dir='ltr'><strong>verborum</strong></span> 
     </span>
    </p>
   </div>
   <div class='ocr_carea' id='block_1_51' title="bbox 517 3527 2108 3600">
    <p class='ocr_par' dir='ltr' id='par_1_51' title="bbox 517 3527 2108 3600">
     <span class='ocr_line' id='line_1_51' title="bbox 517 3527 2108 3600; baseline 0.003 -16"><span class='ocrx_word' id='word_1_363' title='bbox 517 3544 800 3584; x_wconf 87' lang='lat' dir='ltr'><strong>murmure</strong></span> <span class='ocrx_word' id='word_1_364' title='bbox 845 3537 902 3584; x_wconf 90' lang='lat' dir='ltr'><strong>et</strong></span> <span class='ocrx_word' id='word_1_365' title='bbox 947 3528 1066 3584; x_wconf 93' lang='lat' dir='ltr'><strong>loco</strong></span> <span class='ocrx_word' id='word_1_366' title='bbox 1112 3527 1428 3584; x_wconf 89' lang='lat' dir='ltr'><strong>abscondito</strong></span> <span class='ocrx_word' id='word_1_367' title='bbox 1478 3547 1490 3581; x_wconf 93' lang='lat'>:</span> <span class='ocrx_word' id='word_1_368' title='bbox 1537 3528 1633 3584; x_wconf 91' lang='lat' dir='ltr'><strong>sed</strong></span> <span class='ocrx_word' id='word_1_369' title='bbox 1683 3530 1857 3600; x_wconf 89' lang='lat' dir='ltr'><strong>palam</strong></span> <span class='ocrx_word' id='word_1_370' title='bbox 1902 3531 2108 3588; x_wconf 89' lang='lat' dir='ltr'><strong>cunctis</strong></span> 
     </span>
    </p>
   </div>
   <div class='ocr_carea' id='block_1_52' title="bbox 512 3621 2107 3690">
    <p class='ocr_par' dir='ltr' id='par_1_52' title="bbox 512 3621 2107 3690">
     <span class='ocr_line' id='line_1_52' title="bbox 512 3621 2107 3690; baseline 0.005 -16"><span class='ocrx_word' id='word_1_371' title='bbox 512 3621 874 3690; x_wconf 67' lang='lat' dir='ltr'><strong>praesentibus</strong></span> <span class='ocrx_word' id='word_1_372' title='bbox 904 3637 1028 3678; x_wconf 92' lang='lat' dir='ltr'><strong>cum</strong></span> <span class='ocrx_word' id='word_1_373' title='bbox 1059 3622 1206 3677; x_wconf 90' lang='lat' dir='ltr'><strong>omni</strong></span> <span class='ocrx_word' id='word_1_374' title='bbox 1233 3621 1499 3678; x_wconf 88' lang='lat' dir='ltr'><strong>charitate</strong></span> <span class='ocrx_word' id='word_1_375' title='bbox 1528 3622 1686 3678; x_wconf 88' lang='lat' dir='ltr'><strong>liceat</strong></span> <span class='ocrx_word' id='word_1_376' title='bbox 1727 3623 1906 3681; x_wconf 89' lang='lat' dir='ltr'><strong>dicere</strong></span> <span class='ocrx_word' id='word_1_377' title='bbox 1933 3634 1988 3682; x_wconf 91' lang='lat' dir='ltr'><strong>et</strong></span> <span class='ocrx_word' id='word_1_378' title='bbox 2011 3641 2107 3682; x_wconf 91' lang='lat' dir='ltr'><strong>au-</strong></span> 
     </span>
    </p>
   </div>
   <div class='ocr_carea' id='block_1_53' title="bbox 515 3712 654 3768">
    <p class='ocr_par' dir='ltr' id='par_1_53' title="bbox 515 3712 654 3768">
     <span class='ocr_line' id='line_1_53' title="bbox 515 3712 654 3768; baseline -0.007 -2"><span class='ocrx_word' id='word_1_379' title='bbox 515 3712 654 3768; x_wconf 88' lang='lat' dir='ltr'><strong>dire.</strong></span> 
     </span>
    </p>
   </div>
   <div class='ocr_carea' id='block_1_54' title="bbox 595 3805 2103 3881">
    <p class='ocr_par' dir='ltr' id='par_1_54' title="bbox 595 3805 2103 3881">
     <span class='ocr_line' id='line_1_54' title="bbox 595 3805 2103 3881; baseline 0.005 -19"><span class='ocrx_word' id='word_1_380' title='bbox 595 3805 654 3862; x_wconf 91' lang='lat' dir='ltr'><strong>Si</strong></span> <span class='ocrx_word' id='word_1_381' title='bbox 676 3807 960 3878; x_wconf 90' lang='lat' dir='ltr'><strong>conceptui</strong></span> <span class='ocrx_word' id='word_1_382' title='bbox 987 3806 1206 3879; x_wconf 91' lang='lat' dir='ltr'><strong>proprio</strong></span> <span class='ocrx_word' id='word_1_383' title='bbox 1226 3809 1400 3880; x_wconf 86' lang='lat' dir='ltr'><strong>major</strong></span> <span class='ocrx_word' id='word_1_384' title='bbox 1420 3824 1546 3881; x_wconf 79' lang='lat' dir='ltr'><strong>pars</strong></span> <span class='ocrx_word' id='word_1_385' title='bbox 1567 3825 1812 3868; x_wconf 87' lang='lat' dir='ltr'><strong>sororum</strong></span> <span class='ocrx_word' id='word_1_386' title='bbox 1837 3814 2064 3872; x_wconf 89' lang='lat' dir='ltr'><strong>dissidet</strong></span> <span class='ocrx_word' id='word_1_387' title='bbox 2087 3833 2103 3870; x_wconf 89' lang='lat'><strong>:</strong></span> 
     </span>
    </p>
   </div>
   <div class='ocr_carea' id='block_1_55' title="bbox 523 3899 2106 3964">
    <p class='ocr_par' dir='ltr' id='par_1_55' title="bbox 523 3899 2106 3964">
     <span class='ocr_line' id='line_1_55' title="bbox 523 3899 2106 3964; baseline 0.006 -10"><span class='ocrx_word' id='word_1_388' title='bbox 523 3914 633 3954; x_wconf 88' lang='lat' dir='ltr'><strong>non</strong></span> <span class='ocrx_word' id='word_1_389' title='bbox 663 3899 798 3954; x_wconf 90' lang='lat' dir='ltr'><strong>velis</strong></span> <span class='ocrx_word' id='word_1_390' title='bbox 829 3899 941 3954; x_wconf 84' lang='lat' dir='ltr'><strong>sola</strong></span> <span class='ocrx_word' id='word_1_391' title='bbox 982 3901 1230 3957; x_wconf 91' lang='lat' dir='ltr'><strong>omnibus</strong></span> <span class='ocrx_word' id='word_1_392' title='bbox 1259 3904 1552 3959; x_wconf 89' lang='lat' dir='ltr'><strong>contraire.</strong></span> <span class='ocrx_word' id='word_1_393' title='bbox 1586 3903 1644 3959; x_wconf 87' lang='lat' dir='ltr'><strong>In</strong></span> <span class='ocrx_word' id='word_1_394' title='bbox 1673 3908 1995 3962; x_wconf 86' lang='lat' dir='ltr'><strong>exercendis</strong></span> <span class='ocrx_word' id='word_1_395' title='bbox 2024 3909 2106 3964; x_wconf 89' lang='lat' dir='ltr'><strong>fu-</strong></span> 
     </span>
    </p>
   </div>
   <div class='ocr_carea' id='block_1_56' title="bbox 513 3991 2102 4068">
    <p class='ocr_par' dir='ltr' id='par_1_56' title="bbox 513 3991 2102 4068">
     <span class='ocr_line' id='line_1_56' title="bbox 513 3991 2102 4068; baseline 0.006 -22"><span class='ocrx_word' id='word_1_396' title='bbox 513 4007 630 4057; x_wconf 85' lang='lat' dir='ltr'><strong>ror,</strong></span> <span class='ocrx_word' id='word_1_397' title='bbox 655 3991 860 4062; x_wconf 91' lang='lat' dir='ltr'><strong>odium,</strong></span> <span class='ocrx_word' id='word_1_398' title='bbox 888 3993 1109 4061; x_wconf 89' lang='lat' dir='ltr'><strong>invidia,</strong></span> <span class='ocrx_word' id='word_1_399' title='bbox 1135 4009 1232 4051; x_wconf 89' lang='lat' dir='ltr'><strong>seu</strong></span> <span class='ocrx_word' id='word_1_400' title='bbox 1259 3995 1462 4051; x_wconf 74' lang='lat' dir='ltr'><strong>derisio</strong></span> <span class='ocrx_word' id='word_1_401' title='bbox 1492 3997 1570 4052; x_wconf 92' lang='lat' dir='ltr'><strong>sic</strong></span> <span class='ocrx_word' id='word_1_402' title='bbox 1595 3999 1810 4068; x_wconf 87' lang='lat' dir='ltr'><strong>penitus</strong></span> <span class='ocrx_word' id='word_1_403' title='bbox 1837 3999 2102 4068; x_wconf 89' lang='lat' dir='ltr'><strong>discedat,</strong></span> 
     </span>
    </p>
   </div>
   <div class='ocr_carea' id='block_1_57' title="bbox 514 4085 2106 4162">
    <p class='ocr_par' dir='ltr' id='par_1_57' title="bbox 514 4085 2106 4162">
     <span class='ocr_line' id='line_1_57' title="bbox 514 4085 2106 4162; baseline 0.006 -24"><span class='ocrx_word' id='word_1_404' title='bbox 514 4093 570 4138; x_wconf 89' lang='lat' dir='ltr'><strong>ut</strong></span> <span class='ocrx_word' id='word_1_405' title='bbox 602 4101 707 4139; x_wconf 91' lang='lat' dir='ltr'><strong>non</strong></span> <span class='ocrx_word' id='word_1_406' title='bbox 738 4085 842 4140; x_wconf 90' lang='lat' dir='ltr'><strong>nisi</strong></span> <span class='ocrx_word' id='word_1_407' title='bbox 871 4102 1008 4155; x_wconf 72' lang='lat' dir='ltr'><strong>pax,</strong></span> <span class='ocrx_word' id='word_1_408' title='bbox 1039 4086 1312 4156; x_wconf 68' lang='lat' dir='ltr'><strong>Charitas,</strong></span> <span class='ocrx_word' id='word_1_409' title='bbox 1339 4105 1513 4158; x_wconf 89' lang='lat' dir='ltr'><strong>amor,</strong></span> <span class='ocrx_word' id='word_1_410' title='bbox 1541 4099 1596 4144; x_wconf 90' lang='lat' dir='ltr'><strong>ct</strong></span> <span class='ocrx_word' id='word_1_411' title='bbox 1625 4091 1946 4148; x_wconf 89' lang='lat' dir='ltr'><strong>alterutrum</strong></span> <span class='ocrx_word' id='word_1_412' title='bbox 1978 4108 2106 4162; x_wconf 90' lang='lat' dir='ltr'><strong>sup-</strong></span> 
     </span>
    </p>
   </div>
   <div class='ocr_carea' id='block_1_58' title="bbox 509 4180 2110 4256">
    <p class='ocr_par' dir='ltr' id='par_1_58' title="bbox 509 4180 2110 4256">
     <span class='ocr_line' id='line_1_58' title="bbox 509 4180 2110 4256; baseline 0.005 -22"><span class='ocrx_word' id='word_1_413' title='bbox 509 4180 746 4248; x_wconf 91' lang='lat' dir='ltr'><strong>portatio</strong></span> <span class='ocrx_word' id='word_1_414' title='bbox 774 4191 1134 4251; x_wconf 88' lang='lat' dir='ltr'><strong>cognoscatur</strong></span> <span class='ocrx_word' id='word_1_415' title='bbox 1160 4201 1173 4236; x_wconf 88' lang='lat'><strong>:</strong></span> <span class='ocrx_word' id='word_1_416' title='bbox 1197 4192 1462 4253; x_wconf 89' lang='lat' dir='ltr'><strong>quatenus</strong></span> <span class='ocrx_word' id='word_1_417' title='bbox 1483 4183 1786 4240; x_wconf 83' lang='lat' dir='ltr'><strong>ﬁendorum</strong></span> <span class='ocrx_word' id='word_1_418' title='bbox 1812 4187 1961 4241; x_wconf 91' lang='lat' dir='ltr'><strong>solus</strong></span> <span class='ocrx_word' id='word_1_419' title='bbox 1984 4186 2110 4256; x_wconf 79' lang='lat' dir='ltr'><strong>Spi-</strong></span> 
     </span>
    </p>
   </div>
   <div class='ocr_carea' id='block_1_59' title="bbox 507 4272 2102 4348">
    <p class='ocr_par' dir='ltr' id='par_1_59' title="bbox 507 4272 2102 4348">
     <span class='ocr_line' id='line_1_59' title="bbox 507 4272 2102 4348; baseline 0.008 -23"><span class='ocrx_word' id='word_1_420' title='bbox 507 4272 650 4327; x_wconf 89' lang='lat' dir='ltr'><strong>ritus</strong></span> <span class='ocrx_word' id='word_1_421' title='bbox 689 4282 907 4329; x_wconf 90' lang='lat' dir='ltr'><strong>sanctus</strong></span> <span class='ocrx_word' id='word_1_422' title='bbox 951 4284 1138 4330; x_wconf 90' lang='lat' dir='ltr'><strong>auctor</strong></span> <span class='ocrx_word' id='word_1_423' title='bbox 1171 4277 1397 4331; x_wconf 88' lang='lat' dir='ltr'><strong>meliora</strong></span> <span class='ocrx_word' id='word_1_424' title='bbox 1429 4278 1676 4348; x_wconf 84' lang='lat' dir='ltr'><strong>inSpiret.</strong></span> <span class='ocrx_word' id='word_1_425' title='bbox 1711 4279 1830 4335; x_wconf 87' lang='lat' dir='ltr'><strong>Non</strong></span> <span class='ocrx_word' id='word_1_426' title='bbox 1861 4281 1932 4336; x_wconf 92' lang='lat' dir='ltr'><strong>sit</strong></span> <span class='ocrx_word' id='word_1_427' title='bbox 1961 4281 2102 4338; x_wconf 90' lang='lat' dir='ltr'><strong>inter</strong></span> 
     </span>
    </p>
   </div>
   <div class='ocr_carea' id='block_1_60' title="bbox 506 4366 2104 4443">
    <p class='ocr_par' dir='ltr' id='par_1_60' title="bbox 506 4366 2104 4443">
     <span class='ocr_line' id='line_1_60' title="bbox 506 4366 2104 4443; baseline 0.008 -25"><span class='ocrx_word' id='word_1_428' title='bbox 506 4379 604 4419; x_wconf 89' lang='lat' dir='ltr'><strong>vos</strong></span> <span class='ocrx_word' id='word_1_429' title='bbox 629 4380 765 4436; x_wconf 91' lang='lat' dir='ltr'><strong>quas</strong></span> <span class='ocrx_word' id='word_1_430' title='bbox 792 4366 1030 4422; x_wconf 87' lang='lat' dir='ltr'><strong>charitas</strong></span> <span class='ocrx_word' id='word_1_431' title='bbox 1054 4367 1212 4423; x_wconf 91' lang='lat' dir='ltr'><strong>simul</strong></span> <span class='ocrx_word' id='word_1_432' title='bbox 1235 4371 1370 4436; x_wconf 91' lang='lat' dir='ltr'><strong>unit,</strong></span> <span class='ocrx_word' id='word_1_433' title='bbox 1396 4368 1668 4426; x_wconf 89' lang='lat' dir='ltr'><strong>feminalis</strong></span> <span class='ocrx_word' id='word_1_434' title='bbox 1693 4372 1939 4443; x_wconf 67' lang='lat' dir='ltr'><strong>qumdam</strong></span> <span class='ocrx_word' id='word_1_435' title='bbox 1967 4374 2104 4431; x_wconf 93' lang='lat' dir='ltr'><strong>abu-</strong></span> 
     </span>
    </p>
   </div>
   <div class='ocr_carea' id='block_1_61' title="bbox 503 4459 2095 4539">
    <p class='ocr_par' dir='ltr' id='par_1_61' title="bbox 503 4459 2095 4539">
     <span class='ocr_line' id='line_1_61' title="bbox 503 4459 2095 4539; baseline 0.008 -25"><span class='ocrx_word' id='word_1_436' title='bbox 503 4460 589 4514; x_wconf 88' lang='lat' dir='ltr'><strong>sio</strong></span> <span class='ocrx_word' id='word_1_437' title='bbox 620 4478 632 4512; x_wconf 89' lang='lat'><strong>:</strong></span> <span class='ocrx_word' id='word_1_438' title='bbox 665 4467 724 4514; x_wconf 93' lang='lat' dir='ltr'><strong>ut</strong></span> <span class='ocrx_word' id='word_1_439' title='bbox 753 4459 993 4531; x_wconf 89' lang='lat' dir='ltr'><strong>undique</strong></span> <span class='ocrx_word' id='word_1_440' title='bbox 1018 4461 1300 4517; x_wconf 88' lang='lat' dir='ltr'><strong>cachinnis</strong></span> <span class='ocrx_word' id='word_1_441' title='bbox 1331 4475 1387 4519; x_wconf 90' lang='lat' dir='ltr'><strong>et</strong></span> <span class='ocrx_word' id='word_1_442' title='bbox 1415 4465 1636 4521; x_wconf 90' lang='lat' dir='ltr'><strong>vocibus</strong></span> <span class='ocrx_word' id='word_1_443' title='bbox 1661 4481 1753 4521; x_wconf 90' lang='lat' dir='ltr'><strong>aer</strong></span> <span class='ocrx_word' id='word_1_444' title='bbox 1775 4478 2011 4539; x_wconf 90' lang='lat' dir='ltr'><strong>resonet,</strong></span> <span class='ocrx_word' id='word_1_445' title='bbox 2041 4480 2095 4526; x_wconf 90' lang='lat' dir='ltr'><strong>et</strong></span> 
     </span>
    </p>
   </div>
   <div class='ocr_carea' id='block_1_62' title="bbox 2220 1849 3802 1924">
    <p class='ocr_par' dir='ltr' id='par_1_62' title="bbox 2220 1849 3802 1924">
     <span class='ocr_line' id='line_1_62' title="bbox 2220 1849 3802 1924; baseline 0.006 -18"><span class='ocrx_word' id='word_1_446' title='bbox 2220 1849 2449 1906; x_wconf 87' lang='lat' dir='ltr'><strong>vovistis</strong></span> <span class='ocrx_word' id='word_1_447' title='bbox 2492 1867 2508 1906; x_wconf 86' lang='lat'>:</span> <span class='ocrx_word' id='word_1_448' title='bbox 2553 1862 2750 1922; x_wconf 88' lang='lat' dir='ltr'><strong>praeter</strong></span> <span class='ocrx_word' id='word_1_449' title='bbox 2779 1870 2936 1924; x_wconf 89' lang='lat' dir='ltr'><strong>quem</strong></span> <span class='ocrx_word' id='word_1_450' title='bbox 2973 1855 3179 1912; x_wconf 90' lang='lat' dir='ltr'><strong>nullum</strong></span> <span class='ocrx_word' id='word_1_451' title='bbox 3209 1858 3350 1914; x_wconf 90' lang='lat' dir='ltr'><strong>ultra</strong></span> <span class='ocrx_word' id='word_1_452' title='bbox 3380 1869 3674 1915; x_wconf 85' lang='lat' dir='ltr'><strong>amatorem</strong></span> <span class='ocrx_word' id='word_1_453' title='bbox 3702 1859 3802 1916; x_wconf 90' lang='lat' dir='ltr'><strong>ad-</strong></span> 
     </span>
    </p>
   </div>
   <div class='ocr_carea' id='block_1_63' title="bbox 2223 1945 3806 2026">
    <p class='ocr_par' dir='ltr' id='par_1_63' title="bbox 2223 1945 3806 2026">
     <span class='ocr_line' id='line_1_63' title="bbox 2223 1945 3806 2026; baseline 0.008 -26"><span class='ocrx_word' id='word_1_454' title='bbox 2223 1945 2439 2002; x_wconf 89' lang='lat' dir='ltr'><strong>mittere</strong></span> <span class='ocrx_word' id='word_1_455' title='bbox 2464 1946 2519 2000; x_wconf 92' lang='lat' dir='ltr'><strong>in</strong></span> <span class='ocrx_word' id='word_1_456' title='bbox 2550 1946 2952 2018; x_wconf 90' lang='lat' dir='ltr'><strong>disponsatione</strong></span> <span class='ocrx_word' id='word_1_457' title='bbox 2987 1951 3211 2022; x_wconf 91' lang='lat' dir='ltr'><strong>jurastis</strong></span> <span class='ocrx_word' id='word_1_458' title='bbox 3258 1971 3272 2009; x_wconf 89' lang='lat'><strong>:</strong></span> <span class='ocrx_word' id='word_1_459' title='bbox 3317 1954 3487 2026; x_wconf 89' lang='lat' dir='ltr'><strong>magis</strong></span> <span class='ocrx_word' id='word_1_460' title='bbox 3529 1956 3806 2026; x_wconf 85' lang='lat' dir='ltr'><strong>placentes</strong></span> 
     </span>
    </p>
   </div>
   <div class='ocr_carea' id='block_1_64' title="bbox 2217 2037 3805 2117">
    <p class='ocr_par' dir='ltr' id='par_1_64' title="bbox 2217 2037 3805 2117">
     <span class='ocr_line' id='line_1_64' title="bbox 2217 2037 3805 2117; baseline 0.008 -23"><span class='ocrx_word' id='word_1_461' title='bbox 2217 2037 2372 2105; x_wconf 89' lang='lat' dir='ltr'><strong>estis,</strong></span> <span class='ocrx_word' id='word_1_462' title='bbox 2404 2037 2672 2111; x_wconf 90' lang='lat' dir='ltr'><strong>citiusque</strong></span> <span class='ocrx_word' id='word_1_463' title='bbox 2697 2043 2984 2100; x_wconf 91' lang='lat' dir='ltr'><strong>meremini</strong></span> <span class='ocrx_word' id='word_1_464' title='bbox 3013 2044 3135 2103; x_wconf 91' lang='lat' dir='ltr'><strong>duci</strong></span> <span class='ocrx_word' id='word_1_465' title='bbox 3159 2045 3225 2102; x_wconf 90' lang='lat' dir='ltr'><strong>ad</strong></span> <span class='ocrx_word' id='word_1_466' title='bbox 3254 2045 3576 2117; x_wconf 90' lang='lat' dir='ltr'><strong>thalamum,</strong></span> <span class='ocrx_word' id='word_1_467' title='bbox 3602 2058 3663 2104; x_wconf 91' lang='lat' dir='ltr'><strong>ut</strong></span> <span class='ocrx_word' id='word_1_468' title='bbox 3681 2065 3805 2106; x_wconf 91' lang='lat' dir='ltr'><strong>cum</strong></span> 
     </span>
    </p>
   </div>
   <div class='ocr_carea' id='block_1_65' title="bbox 2223 2133 3803 2216">
    <p class='ocr_par' dir='ltr' id='par_1_65' title="bbox 2223 2133 3803 2216">
     <span class='ocr_line' id='line_1_65' title="bbox 2223 2133 3803 2216; baseline 0.009 -28"><span class='ocrx_word' id='word_1_469' title='bbox 2223 2133 2374 2188; x_wconf 90' lang='lat' dir='ltr'><strong>omni</strong></span> <span class='ocrx_word' id='word_1_470' title='bbox 2396 2134 2735 2203; x_wconf 88' lang='lat' dir='ltr'><strong>jucunditate</strong></span> <span class='ocrx_word' id='word_1_471' title='bbox 2763 2137 3010 2196; x_wconf 90' lang='lat' dir='ltr'><strong>dulcibus</strong></span> <span class='ocrx_word' id='word_1_472' title='bbox 3030 2141 3370 2212; x_wconf 81' lang='lat' dir='ltr'><strong>amplexibus</strong></span> <span class='ocrx_word' id='word_1_473' title='bbox 3391 2144 3803 2216; x_wconf 86' lang='lat' dir='ltr'><strong>astringamini:</strong></span> 
     </span>
    </p>
   </div>
   <div class='ocr_carea' id='block_1_66' title="bbox 2227 2229 3808 2308">
    <p class='ocr_par' dir='ltr' id='par_1_66' title="bbox 2227 2229 3808 2308">
     <span class='ocr_line' id='line_1_66' title="bbox 2227 2229 3808 2308; baseline 0.009 -26"><span class='ocrx_word' id='word_1_474' title='bbox 2227 2243 2350 2283; x_wconf 91' lang='lat' dir='ltr'><strong>cum</strong></span> <span class='ocrx_word' id='word_1_475' title='bbox 2383 2229 2498 2300; x_wconf 90' lang='lat' dir='ltr'><strong>ejus</strong></span> <span class='ocrx_word' id='word_1_476' title='bbox 2527 2231 2840 2291; x_wconf 87' lang='lat' dir='ltr'><strong>studueritis</strong></span> <span class='ocrx_word' id='word_1_477' title='bbox 2869 2235 2925 2289; x_wconf 89' lang='lat' dir='ltr'><strong>in</strong></span> <span class='ocrx_word' id='word_1_478' title='bbox 2950 2235 3147 2291; x_wconf 83' lang='lat' dir='ltr'><strong>vicaria</strong></span> <span class='ocrx_word' id='word_1_479' title='bbox 3177 2252 3368 2308; x_wconf 90' lang='lat' dir='ltr'><strong>parcre</strong></span> <span class='ocrx_word' id='word_1_480' title='bbox 3392 2239 3681 2295; x_wconf 88' lang='lat' dir='ltr'><strong>mandatis.</strong></span> <span class='ocrx_word' id='word_1_481' title='bbox 3716 2238 3808 2296; x_wconf 84' lang='lat' dir='ltr'><strong>Vi-</strong></span> 
     </span>
    </p>
   </div>
   <div class='ocr_carea' id='block_1_67' title="bbox 2218 2321 3808 2405">
    <p class='ocr_par' dir='ltr' id='par_1_67' title="bbox 2218 2321 3808 2405">
     <span class='ocr_line' id='line_1_67' title="bbox 2218 2321 3808 2405; baseline 0.009 -29"><span class='ocrx_word' id='word_1_482' title='bbox 2218 2321 2354 2377; x_wconf 89' lang='lat' dir='ltr'><strong>carii</strong></span> <span class='ocrx_word' id='word_1_483' title='bbox 2394 2325 2541 2380; x_wconf 90' lang='lat' dir='ltr'><strong>enim</strong></span> <span class='ocrx_word' id='word_1_484' title='bbox 2584 2327 2760 2383; x_wconf 89' lang='lat' dir='ltr'><strong>honor</strong></span> <span class='ocrx_word' id='word_1_485' title='bbox 2788 2328 3054 2385; x_wconf 90' lang='lat' dir='ltr'><strong>redundat</strong></span> <span class='ocrx_word' id='word_1_486' title='bbox 3089 2331 3147 2386; x_wconf 89' lang='lat' dir='ltr'><strong>in</strong></span> <span class='ocrx_word' id='word_1_487' title='bbox 3193 2330 3380 2388; x_wconf 90' lang='lat' dir='ltr'><strong>Deum.</strong></span> <span class='ocrx_word' id='word_1_488' title='bbox 3421 2333 3512 2390; x_wconf 90' lang='lat' dir='ltr'><strong>Sic</strong></span> <span class='ocrx_word' id='word_1_489' title='bbox 3540 2333 3690 2405; x_wconf 86' lang='lat' dir='ltr'><strong>jubet</strong></span> <span class='ocrx_word' id='word_1_490' title='bbox 3716 2334 3808 2391; x_wconf 91' lang='lat' dir='ltr'><strong>lex</strong></span> 
     </span>
    </p>
   </div>
   <div class='ocr_carea' id='block_1_68' title="bbox 2217 2416 3808 2497">
    <p class='ocr_par' dir='ltr' id='par_1_68' title="bbox 2217 2416 3808 2497">
     <span class='ocr_line' id='line_1_68' title="bbox 2217 2416 3808 2497; baseline 0.009 -27"><span class='ocrx_word' id='word_1_491' title='bbox 2217 2416 2476 2489; x_wconf 90' lang='lat' dir='ltr'><strong>conjugii,</strong></span> <span class='ocrx_word' id='word_1_492' title='bbox 2509 2428 2570 2474; x_wconf 89' lang='lat' dir='ltr'><strong>ut</strong></span> <span class='ocrx_word' id='word_1_493' title='bbox 2597 2434 2794 2491; x_wconf 81' lang='lat' dir='ltr'><strong>Sponsa</strong></span> <span class='ocrx_word' id='word_1_494' title='bbox 2823 2424 2925 2478; x_wconf 91' lang='lat' dir='ltr'><strong>sub</strong></span> <span class='ocrx_word' id='word_1_495' title='bbox 2955 2424 3075 2496; x_wconf 85' lang='lat' dir='ltr'><strong>lege</strong></span> <span class='ocrx_word' id='word_1_496' title='bbox 3115 2425 3187 2481; x_wconf 90' lang='lat' dir='ltr'><strong>sit</strong></span> <span class='ocrx_word' id='word_1_497' title='bbox 3219 2428 3425 2497; x_wconf 91' lang='lat' dir='ltr'><strong>sponsi.</strong></span> <span class='ocrx_word' id='word_1_498' title='bbox 3451 2427 3808 2485; x_wconf 67' lang='lat' dir='ltr'><strong>Emulamini</strong></span> 
     </span>
    </p>
   </div>
   <div class='ocr_carea' id='block_1_69' title="bbox 2216 2513 3806 2584">
    <p class='ocr_par' dir='ltr' id='par_1_69' title="bbox 2216 2513 3806 2584">
     <span class='ocr_line' id='line_1_69' title="bbox 2216 2513 3806 2584; baseline 0.009 -18"><span class='ocrx_word' id='word_1_499' title='bbox 2216 2525 2435 2584; x_wconf 88' lang='lat' dir='ltr'><strong>semper</strong></span> <span class='ocrx_word' id='word_1_500' title='bbox 2486 2513 2628 2571; x_wconf 89' lang='lat' dir='ltr'><strong>inter</strong></span> <span class='ocrx_word' id='word_1_501' title='bbox 2674 2531 2770 2573; x_wconf 90' lang='lat' dir='ltr'><strong>vos</strong></span> <span class='ocrx_word' id='word_1_502' title='bbox 2813 2519 2914 2574; x_wconf 89' lang='lat' dir='ltr'><strong>hac</strong></span> <span class='ocrx_word' id='word_1_503' title='bbox 2950 2517 3048 2576; x_wconf 90' lang='lat' dir='ltr'><strong>Dei</strong></span> <span class='ocrx_word' id='word_1_504' title='bbox 3093 2521 3440 2579; x_wconf 67' lang='lat' dir='ltr'><strong>aemulatione</strong></span> <span class='ocrx_word' id='word_1_505' title='bbox 3487 2540 3504 2579; x_wconf 89' lang='lat'><strong>:</strong></span> <span class='ocrx_word' id='word_1_506' title='bbox 3547 2525 3806 2581; x_wconf 81' lang='lat' dir='ltr'><strong>certatim</strong></span> 
     </span>
    </p>
   </div>
   <div class='ocr_carea' id='block_1_70' title="bbox 2216 2605 3808 2678">
    <p class='ocr_par' dir='ltr' id='par_1_70' title="bbox 2216 2605 3808 2678">
     <span class='ocr_line' id='line_1_70' title="bbox 2216 2605 3808 2678; baseline 0.01 -18"><span class='ocrx_word' id='word_1_507' title='bbox 2216 2605 2518 2664; x_wconf 85' lang='lat' dir='ltr'><strong>adinvicem</strong></span> <span class='ocrx_word' id='word_1_508' title='bbox 2564 2610 2734 2666; x_wconf 90' lang='lat' dir='ltr'><strong>altera</strong></span> <span class='ocrx_word' id='word_1_509' title='bbox 2774 2621 3003 2670; x_wconf 86' lang='lat' dir='ltr'><strong>conetur</strong></span> <span class='ocrx_word' id='word_1_510' title='bbox 3039 2615 3302 2678; x_wconf 82' lang='lat' dir='ltr'><strong>excedere</strong></span> <span class='ocrx_word' id='word_1_511' title='bbox 3329 2617 3556 2675; x_wconf 87' lang='lat' dir='ltr'><strong>alteram</strong></span> <span class='ocrx_word' id='word_1_512' title='bbox 3587 2619 3638 2674; x_wconf 92' lang='lat' dir='ltr'><strong>in</strong></span> <span class='ocrx_word' id='word_1_513' title='bbox 3671 2619 3808 2676; x_wconf 89' lang='lat' dir='ltr'><strong>obe-</strong></span> 
     </span>
    </p>
   </div>
   <div class='ocr_carea' id='block_1_71' title="bbox 2217 2698 3803 2782">
    <p class='ocr_par' dir='ltr' id='par_1_71' title="bbox 2217 2698 3803 2782">
     <span class='ocr_line' id='line_1_71' title="bbox 2217 2698 3803 2782; baseline 0.007 -28"><span class='ocrx_word' id='word_1_514' title='bbox 2217 2698 2442 2756; x_wconf 91' lang='lat' dir='ltr'><strong>dientia.</strong></span> <span class='ocrx_word' id='word_1_515' title='bbox 2484 2701 2599 2760; x_wconf 85' lang='lat' dir='ltr'><strong>Non</strong></span> <span class='ocrx_word' id='word_1_516' title='bbox 2637 2703 2800 2775; x_wconf 84' lang='lat' dir='ltr'><strong>igitur</strong></span> <span class='ocrx_word' id='word_1_517' title='bbox 2836 2715 2917 2762; x_wconf 90' lang='lat' dir='ltr'><strong>est</strong></span> <span class='ocrx_word' id='word_1_518' title='bbox 2955 2709 3364 2777; x_wconf 86' lang='lat' dir='ltr'><strong>monasterium,</strong></span> <span class='ocrx_word' id='word_1_519' title='bbox 3393 2725 3500 2766; x_wconf 92' lang='lat' dir='ltr'><strong>non</strong></span> <span class='ocrx_word' id='word_1_520' title='bbox 3533 2710 3803 2782; x_wconf 86' lang='lat' dir='ltr'><strong>religiosi,</strong></span> 
     </span>
    </p>
   </div>
   <div class='ocr_carea' id='block_1_72' title="bbox 2216 2795 3802 2876">
    <p class='ocr_par' dir='ltr' id='par_1_72' title="bbox 2216 2795 3802 2876">
     <span class='ocr_line' id='line_1_72' title="bbox 2216 2795 3802 2876; baseline 0.009 -28"><span class='ocrx_word' id='word_1_521' title='bbox 2216 2809 2325 2849; x_wconf 90' lang='lat' dir='ltr'><strong>non</strong></span> <span class='ocrx_word' id='word_1_522' title='bbox 2350 2795 2619 2862; x_wconf 88' lang='lat' dir='ltr'><strong>monachi,</strong></span> <span class='ocrx_word' id='word_1_523' title='bbox 2646 2798 2738 2853; x_wconf 87' lang='lat' dir='ltr'><strong>ubi</strong></span> <span class='ocrx_word' id='word_1_524' title='bbox 2757 2799 2983 2855; x_wconf 89' lang='lat' dir='ltr'><strong>subditis</strong></span> <span class='ocrx_word' id='word_1_525' title='bbox 3004 2801 3308 2860; x_wconf 87' lang='lat' dir='ltr'><strong>obedientia</strong></span> <span class='ocrx_word' id='word_1_526' title='bbox 3339 2803 3493 2861; x_wconf 88' lang='lat' dir='ltr'><strong>deest</strong></span> <span class='ocrx_word' id='word_1_527' title='bbox 3511 2818 3638 2876; x_wconf 88' lang='lat' dir='ltr'><strong>erga</strong></span> <span class='ocrx_word' id='word_1_528' title='bbox 3662 2819 3802 2876; x_wconf 72' lang='lat' dir='ltr'><strong>prae-</strong></span> 
     </span>
    </p>
   </div>
   <div class='ocr_carea' id='block_1_73' title="bbox 2216 2887 3805 2970">
    <p class='ocr_par' dir='ltr' id='par_1_73' title="bbox 2216 2887 3805 2970">
     <span class='ocr_line' id='line_1_73' title="bbox 2216 2887 3805 2970; baseline 0.009 -28"><span class='ocrx_word' id='word_1_529' title='bbox 2216 2887 2407 2944; x_wconf 87' lang='lat' dir='ltr'><strong>latum.</strong></span> <span class='ocrx_word' id='word_1_530' title='bbox 2433 2888 2800 2949; x_wconf 90' lang='lat' dir='ltr'><strong>Destructioni</strong></span> <span class='ocrx_word' id='word_1_531' title='bbox 2823 2903 2906 2950; x_wconf 92' lang='lat' dir='ltr'><strong>est</strong></span> <span class='ocrx_word' id='word_1_532' title='bbox 2924 2910 3124 2967; x_wconf 89' lang='lat' dir='ltr'><strong>corpus</strong></span> <span class='ocrx_word' id='word_1_533' title='bbox 3143 2897 3472 2970; x_wconf 88' lang='lat' dir='ltr'><strong>expositum,</strong></span> <span class='ocrx_word' id='word_1_534' title='bbox 3488 2913 3611 2956; x_wconf 87' lang='lat' dir='ltr'><strong>cum</strong></span> <span class='ocrx_word' id='word_1_535' title='bbox 3632 2913 3805 2957; x_wconf 89' lang='lat' dir='ltr'><strong>mem-</strong></span> 
     </span>
    </p>
   </div>
   <div class='ocr_carea' id='block_1_74' title="bbox 2215 2980 2933 3058">
    <p class='ocr_par' dir='ltr' id='par_1_74' title="bbox 2215 2980 2933 3058">
     <span class='ocr_line' id='line_1_74' title="bbox 2215 2980 2933 3058; baseline 0.01 -23"><span class='ocrx_word' id='word_1_536' title='bbox 2215 2980 2311 3036; x_wconf 88' lang='lat' dir='ltr'><strong>bra</strong></span> <span class='ocrx_word' id='word_1_537' title='bbox 2342 2981 2652 3040; x_wconf 89' lang='lat' dir='ltr'><strong>discordant</strong></span> <span class='ocrx_word' id='word_1_538' title='bbox 2677 3001 2706 3040; x_wconf 91' lang='lat' dir='ltr'><strong>a</strong></span> <span class='ocrx_word' id='word_1_539' title='bbox 2738 2988 2933 3058; x_wconf 90' lang='lat' dir='ltr'><strong>capite.</strong></span> 
     </span>
    </p>
   </div>
   <div class='ocr_carea' id='block_1_75' title="bbox 2827 3122 3196 3184">
    <p class='ocr_par' dir='ltr' id='par_1_75' title="bbox 2827 3122 3196 3184">
     <span class='ocr_line' id='line_1_75' title="bbox 2827 3122 3196 3184; baseline 0.005 -4"><span class='ocrx_word' id='word_1_540' title='bbox 2827 3122 3057 3184; x_wconf 83' lang='lat' dir='ltr'><strong>CAPUT</strong></span> <span class='ocrx_word' id='word_1_541' title='bbox 3105 3122 3196 3183; x_wconf 82' lang='lat' dir='ltr'><strong>1X.</strong></span> 
     </span>
    </p>
   </div>
   <div class='ocr_carea' id='block_1_76' title="bbox 2213 3229 3803 3316">
    <p class='ocr_par' dir='ltr' id='par_1_76' title="bbox 2213 3229 3803 3316">
     <span class='ocr_line' id='line_1_76' title="bbox 2213 3229 3803 3316; baseline 0.008 -28"><span class='ocrx_word' id='word_1_542' title='bbox 2213 3229 2292 3289; x_wconf 86' lang='lat' dir='ltr'><strong>De</strong></span> <span class='ocrx_word' id='word_1_543' title='bbox 2328 3236 2637 3296; x_wconf 82' lang='lat' dir='ltr'><strong>correctione</strong></span> <span class='ocrx_word' id='word_1_544' title='bbox 2669 3237 2908 3316; x_wconf 78' lang='lat' dir='ltr'><strong>facienda</strong></span> <span class='ocrx_word' id='word_1_545' title='bbox 2937 3251 2983 3294; x_wconf 86' lang='lat' dir='ltr'><strong>et</strong></span> <span class='ocrx_word' id='word_1_546' title='bbox 3009 3242 3235 3316; x_wconf 82' lang='lat' dir='ltr'><strong>generali</strong></span> <span class='ocrx_word' id='word_1_547' title='bbox 3276 3241 3598 3299; x_wconf 76' lang='lat' dir='ltr'><strong>accusatione</strong></span> <span class='ocrx_word' id='word_1_548' title='bbox 3622 3243 3803 3302; x_wconf 84' lang='lat' dir='ltr'><strong>crimi-</strong></span> 
     </span>
    </p>
   </div>
   <div class='ocr_carea' id='block_1_77' title="bbox 2732 3313 3279 3386">
    <p class='ocr_par' dir='ltr' id='par_1_77' title="bbox 2732 3313 3279 3386">
     <span class='ocr_line' id='line_1_77' title="bbox 2732 3313 3279 3386; baseline 0.007 -21"><span class='ocrx_word' id='word_1_549' title='bbox 2732 3328 2851 3366; x_wconf 87' lang='lat' dir='ltr'><strong>num</strong></span> <span class='ocrx_word' id='word_1_550' title='bbox 2878 3313 2933 3367; x_wconf 85' lang='lat' dir='ltr'><strong>in</strong></span> <span class='ocrx_word' id='word_1_551' title='bbox 2960 3313 3104 3368; x_wconf 67' lang='lat' dir='ltr'><strong>selrta</strong></span> <span class='ocrx_word' id='word_1_552' title='bbox 3130 3315 3279 3386; x_wconf 74' lang='lat' dir='ltr'><strong>feria.</strong></span> 
     </span>
    </p>
   </div>
   <div class='ocr_carea' id='block_1_78' title="bbox 2285 3425 3802 3506">
    <p class='ocr_par' dir='ltr' id='par_1_78' title="bbox 2285 3425 3802 3506">
     <span class='ocr_line' id='line_1_78' title="bbox 2285 3425 3802 3506; baseline 0.005 -23"><span class='ocrx_word' id='word_1_553' title='bbox 2285 3425 2620 3498; x_wconf 85' lang='lat' dir='ltr'><strong>Contumax,</strong></span> <span class='ocrx_word' id='word_1_554' title='bbox 2651 3439 3076 3502; x_wconf 74' lang='lat' dir='ltr'><strong>praesumptuosa</strong></span> <span class='ocrx_word' id='word_1_555' title='bbox 3115 3447 3180 3489; x_wconf 91' lang='lat' dir='ltr'><strong>ac</strong></span> <span class='ocrx_word' id='word_1_556' title='bbox 3208 3434 3440 3505; x_wconf 89' lang='lat' dir='ltr'><strong>superba</strong></span> <span class='ocrx_word' id='word_1_557' title='bbox 3483 3432 3711 3506; x_wconf 87' lang='lat' dir='ltr'><strong>mulier,</strong></span> <span class='ocrx_word' id='word_1_558' title='bbox 3742 3432 3802 3492; x_wconf 88' lang='lat' dir='ltr'><strong>in</strong></span> 
     </span>
    </p>
   </div>
   <div class='ocr_carea' id='block_1_79' title="bbox 2212 3526 3802 3600">
    <p class='ocr_par' dir='ltr' id='par_1_79' title="bbox 2212 3526 3802 3600">
     <span class='ocr_line' id='line_1_79' title="bbox 2212 3526 3802 3600; baseline 0.004 -22"><span class='ocrx_word' id='word_1_559' title='bbox 2212 3532 2406 3579; x_wconf 85' lang='lat' dir='ltr'><strong>sancto</strong></span> <span class='ocrx_word' id='word_1_560' title='bbox 2449 3532 2630 3580; x_wconf 88' lang='lat' dir='ltr'><strong>vestro</strong></span> <span class='ocrx_word' id='word_1_561' title='bbox 2669 3526 2966 3596; x_wconf 91' lang='lat' dir='ltr'><strong>consortio,</strong></span> <span class='ocrx_word' id='word_1_562' title='bbox 3004 3542 3128 3598; x_wconf 68' lang='lat' dir='ltr'><strong>qua:</strong></span> <span class='ocrx_word' id='word_1_563' title='bbox 3161 3528 3484 3600; x_wconf 86' lang='lat' dir='ltr'><strong>dedignatur</strong></span> <span class='ocrx_word' id='word_1_564' title='bbox 3512 3545 3632 3586; x_wconf 88' lang='lat' dir='ltr'><strong>esse</strong></span> <span class='ocrx_word' id='word_1_565' title='bbox 3665 3529 3802 3586; x_wconf 87' lang='lat' dir='ltr'><strong>sub-</strong></span> 
     </span>
    </p>
   </div>
   <div class='ocr_carea' id='block_1_80' title="bbox 2207 3615 3804 3695">
    <p class='ocr_par' dir='ltr' id='par_1_80' title="bbox 2207 3615 3804 3695">
     <span class='ocr_line' id='line_1_80' title="bbox 2207 3615 3804 3695; baseline 0.007 -23"><span class='ocrx_word' id='word_1_566' title='bbox 2207 3615 2375 3689; x_wconf 87' lang='lat' dir='ltr'><strong>jecta,</strong></span> <span class='ocrx_word' id='word_1_567' title='bbox 2426 3633 2491 3674; x_wconf 90' lang='lat' dir='ltr'><strong>ac</strong></span> <span class='ocrx_word' id='word_1_568' title='bbox 2533 3620 2646 3675; x_wconf 90' lang='lat' dir='ltr'><strong>suis</strong></span> <span class='ocrx_word' id='word_1_569' title='bbox 2689 3620 2876 3677; x_wconf 90' lang='lat' dir='ltr'><strong>litibus</strong></span> <span class='ocrx_word' id='word_1_570' title='bbox 2921 3629 2978 3678; x_wconf 90' lang='lat' dir='ltr'><strong>et</strong></span> <span class='ocrx_word' id='word_1_571' title='bbox 3016 3621 3210 3695; x_wconf 89' lang='lat' dir='ltr'><strong>jurgiis</strong></span> <span class='ocrx_word' id='word_1_572' title='bbox 3249 3623 3557 3681; x_wconf 89' lang='lat' dir='ltr'><strong>scandalum</strong></span> <span class='ocrx_word' id='word_1_573' title='bbox 3595 3625 3804 3695; x_wconf 67' lang='lat' dir='ltr'><strong>praebet</strong></span> 
     </span>
    </p>
   </div>
   <div class='ocr_carea' id='block_1_81' title="bbox 2210 3712 3805 3781">
    <p class='ocr_par' dir='ltr' id='par_1_81' title="bbox 2210 3712 3805 3781">
     <span class='ocr_line' id='line_1_81' title="bbox 2210 3712 3805 3781; baseline 0.006 -16"><span class='ocrx_word' id='word_1_574' title='bbox 2210 3712 2384 3781; x_wconf 89' lang='lat' dir='ltr'><strong>quieti</strong></span> <span class='ocrx_word' id='word_1_575' title='bbox 2437 3727 2734 3777; x_wconf 90' lang='lat' dir='ltr'><strong>sororum,</strong></span> <span class='ocrx_word' id='word_1_576' title='bbox 2791 3723 2845 3769; x_wconf 91' lang='lat' dir='ltr'><strong>et</strong></span> <span class='ocrx_word' id='word_1_577' title='bbox 2901 3715 2980 3770; x_wconf 90' lang='lat' dir='ltr'><strong>eis</strong></span> <span class='ocrx_word' id='word_1_578' title='bbox 3036 3715 3417 3773; x_wconf 65' lang='lat' dir='ltr'><strong>inobedientim</strong></span> <span class='ocrx_word' id='word_1_579' title='bbox 3467 3717 3805 3774; x_wconf 88' lang='lat' dir='ltr'><strong>demonstrat</strong></span> 
     </span>
    </p>
   </div>
   <div class='ocr_carea' id='block_1_82' title="bbox 2211 3802 3804 3881">
    <p class='ocr_par' dir='ltr' id='par_1_82' title="bbox 2211 3802 3804 3881">
     <span class='ocr_line' id='line_1_82' title="bbox 2211 3802 3804 3881; baseline 0.008 -25"><span class='ocrx_word' id='word_1_580' title='bbox 2211 3802 2546 3873; x_wconf 79' lang='lat' dir='ltr'><strong>exemplum,</strong></span> <span class='ocrx_word' id='word_1_581' title='bbox 2565 3804 2750 3860; x_wconf 90' lang='lat' dir='ltr'><strong>arduis</strong></span> <span class='ocrx_word' id='word_1_582' title='bbox 2771 3805 3084 3876; x_wconf 90' lang='lat' dir='ltr'><strong>crebrisque</strong></span> <span class='ocrx_word' id='word_1_583' title='bbox 3102 3807 3320 3878; x_wconf 87' lang='lat' dir='ltr'><strong>jejuniis</strong></span> <span class='ocrx_word' id='word_1_584' title='bbox 3340 3810 3653 3881; x_wconf 91' lang='lat' dir='ltr'><strong>castigetur,</strong></span> <span class='ocrx_word' id='word_1_585' title='bbox 3677 3826 3804 3867; x_wconf 91' lang='lat' dir='ltr'><strong>cum</strong></span> 
     </span>
    </p>
   </div>
   <div class='ocr_carea' id='block_1_83' title="bbox 2210 3897 3806 3975">
    <p class='ocr_par' dir='ltr' id='par_1_83' title="bbox 2210 3897 3806 3975">
     <span class='ocr_line' id='line_1_83' title="bbox 2210 3897 3806 3975; baseline 0.006 -26"><span class='ocrx_word' id='word_1_586' title='bbox 2210 3897 2422 3951; x_wconf 86' lang='lat' dir='ltr'><strong>resistit</strong></span> <span class='ocrx_word' id='word_1_587' title='bbox 2450 3897 2714 3953; x_wconf 90' lang='lat' dir='ltr'><strong>mandatis</strong></span> <span class='ocrx_word' id='word_1_588' title='bbox 2750 3897 3041 3968; x_wconf 89' lang='lat' dir='ltr'><strong>impositis.</strong></span> <span class='ocrx_word' id='word_1_589' title='bbox 3075 3900 3130 3956; x_wconf 90' lang='lat' dir='ltr'><strong>Si</strong></span> <span class='ocrx_word' id='word_1_590' title='bbox 3158 3900 3360 3971; x_wconf 88' lang='lat' dir='ltr'><strong>jejunia</strong></span> <span class='ocrx_word' id='word_1_591' title='bbox 3395 3917 3503 3958; x_wconf 85' lang='lat' dir='ltr'><strong>non</strong></span> <span class='ocrx_word' id='word_1_592' title='bbox 3539 3904 3806 3975; x_wconf 87' lang='lat' dir='ltr'><strong>castigant</strong></span> 
     </span>
    </p>
   </div>
   <div class='ocr_carea' id='block_1_84' title="bbox 2211 3987 3803 4067">
    <p class='ocr_par' dir='ltr' id='par_1_84' title="bbox 2211 3987 3803 4067">
     <span class='ocr_line' id='line_1_84' title="bbox 2211 3987 3803 4067; baseline 0.006 -25"><span class='ocrx_word' id='word_1_593' title='bbox 2211 3987 2544 4056; x_wconf 83' lang='lat' dir='ltr'><strong>superbiam,</strong></span> <span class='ocrx_word' id='word_1_594' title='bbox 2565 3989 2845 4047; x_wconf 87' lang='lat' dir='ltr'><strong>edometur</strong></span> <span class='ocrx_word' id='word_1_595' title='bbox 2873 3992 3204 4058; x_wconf 89' lang='lat' dir='ltr'><strong>verberibus,</strong></span> <span class='ocrx_word' id='word_1_596' title='bbox 3230 3994 3574 4051; x_wconf 87' lang='lat' dir='ltr'><strong>contumeliis</strong></span> <span class='ocrx_word' id='word_1_597' title='bbox 3603 4004 3657 4051; x_wconf 89' lang='lat' dir='ltr'><strong>et</strong></span> <span class='ocrx_word' id='word_1_598' title='bbox 3681 4012 3803 4067; x_wconf 89' lang='lat' dir='ltr'><strong>gra-</strong></span> 
     </span>
    </p>
   </div>
   <div class='ocr_carea' id='block_1_85' title="bbox 2213 4083 3799 4163">
    <p class='ocr_par' dir='ltr' id='par_1_85' title="bbox 2213 4083 3799 4163">
     <span class='ocr_line' id='line_1_85' title="bbox 2213 4083 3799 4163; baseline 0.006 -26"><span class='ocrx_word' id='word_1_599' title='bbox 2213 4083 2370 4138; x_wconf 89' lang='lat' dir='ltr'><strong>vibus</strong></span> <span class='ocrx_word' id='word_1_600' title='bbox 2409 4084 2710 4155; x_wconf 89' lang='lat' dir='ltr'><strong>disciplinis</strong></span> <span class='ocrx_word' id='word_1_601' title='bbox 2751 4105 2765 4140; x_wconf 91' lang='lat'><strong>:</strong></span> <span class='ocrx_word' id='word_1_602' title='bbox 2804 4088 2993 4157; x_wconf 87' lang='lat' dir='ltr'><strong>utjam</strong></span> <span class='ocrx_word' id='word_1_603' title='bbox 3032 4087 3205 4144; x_wconf 88' lang='lat' dir='ltr'><strong>discat</strong></span> <span class='ocrx_word' id='word_1_604' title='bbox 3246 4105 3373 4146; x_wconf 93' lang='lat' dir='ltr'><strong>cum</strong></span> <span class='ocrx_word' id='word_1_605' title='bbox 3418 4089 3616 4162; x_wconf 89' lang='lat' dir='ltr'><strong>Petro,</strong></span> <span class='ocrx_word' id='word_1_606' title='bbox 3657 4092 3799 4163; x_wconf 88' lang='lat' dir='ltr'><strong>quod</strong></span> 
     </span>
    </p>
   </div>
   <div class='ocr_carea' id='block_1_86' title="bbox 2211 4175 3798 4255">
    <p class='ocr_par' dir='ltr' id='par_1_86' title="bbox 2211 4175 3798 4255">
     <span class='ocr_line' id='line_1_86' title="bbox 2211 4175 3798 4255; baseline 0.005 -22"><span class='ocrx_word' id='word_1_607' title='bbox 2211 4175 2321 4233; x_wconf 84' lang='lat' dir='ltr'><strong>nisi</strong></span> <span class='ocrx_word' id='word_1_608' title='bbox 2344 4177 2590 4249; x_wconf 61' lang='lat' dir='ltr'><strong>praelato,</strong></span> <span class='ocrx_word' id='word_1_609' title='bbox 2607 4181 2770 4235; x_wconf 92' lang='lat' dir='ltr'><strong>immo</strong></span> <span class='ocrx_word' id='word_1_610' title='bbox 2786 4179 3004 4236; x_wconf 89' lang='lat' dir='ltr'><strong>Christo</strong></span> <span class='ocrx_word' id='word_1_611' title='bbox 3026 4183 3080 4237; x_wconf 90' lang='lat' dir='ltr'><strong>in</strong></span> <span class='ocrx_word' id='word_1_612' title='bbox 3101 4198 3165 4238; x_wconf 91' lang='lat' dir='ltr'><strong>eo</strong></span> <span class='ocrx_word' id='word_1_613' title='bbox 3191 4183 3429 4253; x_wconf 90' lang='lat' dir='ltr'><strong>obediat,</strong></span> <span class='ocrx_word' id='word_1_614' title='bbox 3447 4194 3652 4255; x_wconf 89' lang='lat' dir='ltr'><strong>partem</strong></span> <span class='ocrx_word' id='word_1_615' title='bbox 3674 4201 3798 4241; x_wconf 91' lang='lat' dir='ltr'><strong>cum</strong></span> 
     </span>
    </p>
   </div>
   <div class='ocr_carea' id='block_1_87' title="bbox 2210 4269 3796 4348">
    <p class='ocr_par' dir='ltr' id='par_1_87' title="bbox 2210 4269 3796 4348">
     <span class='ocr_line' id='line_1_87' title="bbox 2210 4269 3796 4348; baseline 0.003 -20"><span class='ocrx_word' id='word_1_616' title='bbox 2210 4269 2433 4328; x_wconf 86' lang='lat' dir='ltr'><strong>Christo</strong></span> <span class='ocrx_word' id='word_1_617' title='bbox 2456 4275 2508 4328; x_wconf 92' lang='lat' dir='ltr'><strong>in</strong></span> <span class='ocrx_word' id='word_1_618' title='bbox 2537 4288 2707 4344; x_wconf 85' lang='lat' dir='ltr'><strong>regno</strong></span> <span class='ocrx_word' id='word_1_619' title='bbox 2735 4272 2936 4329; x_wconf 90' lang='lat' dir='ltr'><strong>Christi</strong></span> <span class='ocrx_word' id='word_1_620' title='bbox 2967 4284 3023 4331; x_wconf 91' lang='lat' dir='ltr'><strong>et</strong></span> <span class='ocrx_word' id='word_1_621' title='bbox 3051 4275 3146 4330; x_wconf 90' lang='lat' dir='ltr'><strong>Dei</strong></span> <span class='ocrx_word' id='word_1_622' title='bbox 3175 4291 3282 4332; x_wconf 93' lang='lat' dir='ltr'><strong>non</strong></span> <span class='ocrx_word' id='word_1_623' title='bbox 3311 4277 3530 4334; x_wconf 91' lang='lat' dir='ltr'><strong>habebit</strong></span> <span class='ocrx_word' id='word_1_624' title='bbox 3563 4296 3579 4333; x_wconf 90' lang='lat'><strong><em>:</em></strong></span> <span class='ocrx_word' id='word_1_625' title='bbox 3605 4293 3796 4348; x_wconf 86' lang='lat' dir='ltr'><strong>quam-</strong></span> 
     </span>
    </p>
   </div>
   <div class='ocr_carea' id='block_1_88' title="bbox 2212 4365 3799 4436">
    <p class='ocr_par' dir='ltr' id='par_1_88' title="bbox 2212 4365 3799 4436">
     <span class='ocr_line' id='line_1_88' title="bbox 2212 4365 3799 4436; baseline 0.006 -18"><span class='ocrx_word' id='word_1_626' title='bbox 2212 4379 2374 4435; x_wconf 85' lang='lat' dir='ltr'><strong>quam</strong></span> <span class='ocrx_word' id='word_1_627' title='bbox 2409 4367 2655 4436; x_wconf 89' lang='lat' dir='ltr'><strong>imposita</strong></span> <span class='ocrx_word' id='word_1_628' title='bbox 2688 4365 2975 4424; x_wconf 89' lang='lat' dir='ltr'><strong>videantur</strong></span> <span class='ocrx_word' id='word_1_629' title='bbox 3003 4379 3282 4436; x_wconf 85' lang='lat' dir='ltr'><strong>extranea,</strong></span> <span class='ocrx_word' id='word_1_630' title='bbox 3315 4387 3415 4428; x_wconf 91' lang='lat' dir='ltr'><strong>nec</strong></span> <span class='ocrx_word' id='word_1_631' title='bbox 3443 4387 3674 4429; x_wconf 91' lang='lat' dir='ltr'><strong>consona</strong></span> <span class='ocrx_word' id='word_1_632' title='bbox 3706 4387 3799 4428; x_wconf 86' lang='lat' dir='ltr'><strong>ra-</strong></span> 
     </span>
    </p>
   </div>
   <div class='ocr_carea' id='block_1_89' title="bbox 2212 4456 3797 4534">
    <p class='ocr_par' dir='ltr' id='par_1_89' title="bbox 2212 4456 3797 4534">
     <span class='ocr_line' id='line_1_89' title="bbox 2212 4456 3797 4534; baseline 0.008 -24"><span class='ocrx_word' id='word_1_633' title='bbox 2212 4456 2373 4512; x_wconf 91' lang='lat' dir='ltr'><strong>tioni.</strong></span> <span class='ocrx_word' id='word_1_634' title='bbox 2398 4457 2504 4514; x_wconf 88' lang='lat' dir='ltr'><strong>Sed</strong></span> <span class='ocrx_word' id='word_1_635' title='bbox 2527 4457 2574 4512; x_wconf 88' lang='lat' dir='ltr'><strong>si</strong></span> <span class='ocrx_word' id='word_1_636' title='bbox 2596 4473 2695 4514; x_wconf 90' lang='lat' dir='ltr'><strong>nec</strong></span> <span class='ocrx_word' id='word_1_637' title='bbox 2720 4458 2980 4515; x_wconf 88' lang='lat' dir='ltr'><strong>indomita</strong></span> <span class='ocrx_word' id='word_1_638' title='bbox 3002 4461 3248 4532; x_wconf 87' lang='lat' dir='ltr'><strong>superbia</strong></span> <span class='ocrx_word' id='word_1_639' title='bbox 3271 4464 3538 4522; x_wconf 89' lang='lat' dir='ltr'><strong>studuerit</strong></span> <span class='ocrx_word' id='word_1_640' title='bbox 3557 4465 3797 4534; x_wconf 88' lang='lat' dir='ltr'><strong>obedire,</strong></span> 
     </span>
    </p>
   </div>
   <div class='ocr_carea' id='block_1_90' title="bbox 504 4549 2108 4629">
    <p class='ocr_par' dir='ltr' id='par_1_90' title="bbox 504 4553 2099 4628">
     <span class='ocr_line' id='line_1_90' title="bbox 504 4553 2099 4628; baseline 0.008 -21"><span class='ocrx_word' id='word_1_641' title='bbox 504 4553 839 4608; x_wconf 84' lang='lat' dir='ltr'><strong>audientium</strong></span> <span class='ocrx_word' id='word_1_642' title='bbox 869 4569 1028 4610; x_wconf 87' lang='lat' dir='ltr'><strong>aures</strong></span> <span class='ocrx_word' id='word_1_643' title='bbox 1061 4571 1171 4625; x_wconf 72' lang='lat' dir='ltr'><strong>pra:</strong></span> <span class='ocrx_word' id='word_1_644' title='bbox 1199 4559 1436 4628; x_wconf 88' lang='lat' dir='ltr'><strong>strepitu</strong></span> <span class='ocrx_word' id='word_1_645' title='bbox 1467 4567 1774 4615; x_wconf 88' lang='lat' dir='ltr'><strong>terreantur</strong></span> <span class='ocrx_word' id='word_1_646' title='bbox 1810 4579 1820 4612; x_wconf 94' lang='lat'>:</span> <span class='ocrx_word' id='word_1_647' title='bbox 1853 4564 1950 4618; x_wconf 88' lang='lat' dir='ltr'><strong>sed</strong></span> <span class='ocrx_word' id='word_1_648' title='bbox 1975 4579 2099 4620; x_wconf 91' lang='lat' dir='ltr'><strong>cum</strong></span> 
     </span>
    </p>
   </div>
   <div class='ocr_carea' id='block_1_91' title="bbox 2215 4549 3799 4629">
    <p class='ocr_par' dir='ltr' id='par_1_91' title="bbox 2215 4549 3799 4629">
     <span class='ocr_line' id='line_1_91' title="bbox 2215 4549 3799 4629; baseline 0.008 -25"><span class='ocrx_word' id='word_1_649' title='bbox 2215 4563 2335 4604; x_wconf 86' lang='lat' dir='ltr'><strong>eum</strong></span> <span class='ocrx_word' id='word_1_650' title='bbox 2377 4549 2641 4620; x_wconf 89' lang='lat' dir='ltr'><strong>apostatis</strong></span> <span class='ocrx_word' id='word_1_651' title='bbox 2681 4552 2886 4623; x_wconf 85' lang='lat' dir='ltr'><strong>angelis</strong></span> <span class='ocrx_word' id='word_1_652' title='bbox 2923 4554 3226 4626; x_wconf 80' lang='lat' dir='ltr'><strong>expellatur</strong></span> <span class='ocrx_word' id='word_1_653' title='bbox 3255 4573 3268 4610; x_wconf 91' lang='lat'><strong>:</strong></span> <span class='ocrx_word' id='word_1_654' title='bbox 3298 4573 3420 4628; x_wconf 70' lang='lat' dir='ltr'><strong>quae</strong></span> <span class='ocrx_word' id='word_1_655' title='bbox 3447 4571 3658 4629; x_wconf 91' lang='lat' dir='ltr'><strong>partem</strong></span> <span class='ocrx_word' id='word_1_656' title='bbox 3691 4575 3799 4617; x_wconf 88' lang='lat' dir='ltr'><strong>non</strong></span> 
     </span>
    </p>
   </div>
   <div class='ocr_carea' id='block_1_92' title="bbox 506 4645 2098 4722">
    <p class='ocr_par' dir='ltr' id='par_1_92' title="bbox 506 4645 2098 4722">
     <span class='ocr_line' id='line_1_92' title="bbox 506 4645 2098 4722; baseline 0.01 -24"><span class='ocrx_word' id='word_1_657' title='bbox 506 4645 654 4699; x_wconf 89' lang='lat' dir='ltr'><strong>omni</strong></span> <span class='ocrx_word' id='word_1_658' title='bbox 679 4646 943 4702; x_wconf 82' lang='lat' dir='ltr'><strong>modeStia</strong></span> <span class='ocrx_word' id='word_1_659' title='bbox 965 4657 1194 4717; x_wconf 89' lang='lat' dir='ltr'><strong>stantes,</strong></span> <span class='ocrx_word' id='word_1_660' title='bbox 1220 4668 1324 4706; x_wconf 87' lang='lat' dir='ltr'><strong>una</strong></span> <span class='ocrx_word' id='word_1_661' title='bbox 1350 4651 1627 4722; x_wconf 88' lang='lat' dir='ltr'><strong>loquente,</strong></span> <span class='ocrx_word' id='word_1_662' title='bbox 1653 4664 1862 4710; x_wconf 69' lang='lat' dir='ltr'><strong>caeteras</strong></span> <span class='ocrx_word' id='word_1_663' title='bbox 1883 4657 2098 4714; x_wconf 88' lang='lat' dir='ltr'><strong>sileant.</strong></span> 
     </span>
    </p>
   </div>
   <div class='ocr_carea' id='block_1_93' title="bbox 503 4735 2096 4825">
    <p class='ocr_par' dir='ltr' id='par_1_93' title="bbox 503 4735 2096 4825">
     <span class='ocr_line' id='line_1_93' title="bbox 503 4735 2096 4825; baseline 0.011 -33"><span class='ocrx_word' id='word_1_664' title='bbox 503 4735 614 4793; x_wconf 89' lang='lat' dir='ltr'><strong>Nec</strong></span> <span class='ocrx_word' id='word_1_665' title='bbox 635 4739 801 4794; x_wconf 91' lang='lat' dir='ltr'><strong>altera</strong></span> <span class='ocrx_word' id='word_1_666' title='bbox 822 4739 1049 4795; x_wconf 92' lang='lat' dir='ltr'><strong>alteram</strong></span> <span class='ocrx_word' id='word_1_667' title='bbox 1075 4759 1140 4797; x_wconf 85' lang='lat' dir='ltr'><strong>ex</strong></span> <span class='ocrx_word' id='word_1_668' title='bbox 1161 4744 1421 4800; x_wconf 87' lang='lat' dir='ltr'><strong>aviditate</strong></span> <span class='ocrx_word' id='word_1_669' title='bbox 1438 4746 1695 4816; x_wconf 88' lang='lat' dir='ltr'><strong>loquendi</strong></span> <span class='ocrx_word' id='word_1_670' title='bbox 1715 4750 2096 4825; x_wconf 84' lang='lat' dir='ltr'><strong>interrumpat,</strong></span> 
     </span>
    </p>
   </div>
   <div class='ocr_carea' id='block_1_94' title="bbox 503 4830 1493 4905">
    <p class='ocr_par' dir='ltr' id='par_1_94' title="bbox 503 4830 1493 4905">
     <span class='ocr_line' id='line_1_94' title="bbox 503 4830 1493 4905; baseline 0.008 -20"><span class='ocrx_word' id='word_1_671' title='bbox 503 4840 558 4885; x_wconf 87' lang='lat' dir='ltr'><strong>et</strong></span> <span class='ocrx_word' id='word_1_672' title='bbox 587 4830 822 4900; x_wconf 76' lang='lat' dir='ltr'><strong>prtebeat</strong></span> <span class='ocrx_word' id='word_1_673' title='bbox 850 4832 1239 4905; x_wconf 88' lang='lat' dir='ltr'><strong>impedimenta</strong></span> <span class='ocrx_word' id='word_1_674' title='bbox 1269 4837 1493 4894; x_wconf 90' lang='lat' dir='ltr'><strong>dicenti.</strong></span> 
     </span>
    </p>
   </div>
   <div class='ocr_carea' id='block_1_95' title="bbox 1117 4973 1516 5033">
    <p class='ocr_par' dir='ltr' id='par_1_95' title="bbox 1117 4973 1516 5033">
     <span class='ocr_line' id='line_1_95' title="bbox 1117 4973 1516 5033; baseline 0.005 -5"><span class='ocrx_word' id='word_1_675' title='bbox 1117 4973 1347 5030; x_wconf 84' lang='lat' dir='ltr'><strong>CAPUT</strong></span> <span class='ocrx_word' id='word_1_676' title='bbox 1385 4974 1516 5033; x_wconf 83' lang='lat' dir='ltr'><strong>Vlll.</strong></span> 
     </span>
    </p>
   </div>
   <div class='ocr_carea' id='block_1_96' title="bbox 642 5080 1942 5165">
    <p class='ocr_par' dir='ltr' id='par_1_96' title="bbox 642 5080 1942 5165">
     <span class='ocr_line' id='line_1_96' title="bbox 642 5080 1942 5165; baseline 0.015 -27"><span class='ocrx_word' id='word_1_677' title='bbox 642 5080 722 5140; x_wconf 87' lang='lat' dir='ltr'><strong>De</strong></span> <span class='ocrx_word' id='word_1_678' title='bbox 745 5088 1025 5143; x_wconf 72' lang='lat' dir='ltr'><strong>reverentia</strong></span> <span class='ocrx_word' id='word_1_679' title='bbox 1052 5099 1102 5143; x_wconf 89' lang='lat' dir='ltr'><strong>et</strong></span> <span class='ocrx_word' id='word_1_680' title='bbox 1127 5089 1440 5161; x_wconf 83' lang='lat' dir='ltr'><strong>subjectione</strong></span> <span class='ocrx_word' id='word_1_681' title='bbox 1463 5109 1587 5165; x_wconf 81' lang='lat' dir='ltr'><strong>erga</strong></span> <span class='ocrx_word' id='word_1_682' title='bbox 1613 5095 1942 5158; x_wconf 73' lang='lat' dir='ltr'><strong>abbatissam.</strong></span> 
     </span>
    </p>
   </div>
   <div class='ocr_carea' id='block_1_97' title="bbox 573 5201 2094 5285">
    <p class='ocr_par' dir='ltr' id='par_1_97' title="bbox 573 5201 2094 5285">
     <span class='ocr_line' id='line_1_97' title="bbox 573 5201 2094 5285; baseline 0.013 -29"><span class='ocrx_word' id='word_1_683' title='bbox 573 5201 800 5273; x_wconf 82' lang='lat' dir='ltr'><strong>Pmpter</strong></span> <span class='ocrx_word' id='word_1_684' title='bbox 840 5204 981 5275; x_wconf 91' lang='lat' dir='ltr'><strong>quod</strong></span> <span class='ocrx_word' id='word_1_685' title='bbox 1022 5202 1232 5272; x_wconf 92' lang='lat' dir='ltr'><strong>hortor,</strong></span> <span class='ocrx_word' id='word_1_686' title='bbox 1276 5223 1476 5265; x_wconf 92' lang='lat' dir='ltr'><strong>moneo</strong></span> <span class='ocrx_word' id='word_1_687' title='bbox 1519 5219 1573 5266; x_wconf 91' lang='lat' dir='ltr'><strong>et</strong></span> <span class='ocrx_word' id='word_1_688' title='bbox 1612 5227 1710 5269; x_wconf 92' lang='lat' dir='ltr'><strong>oro</strong></span> <span class='ocrx_word' id='word_1_689' title='bbox 1739 5231 1855 5285; x_wconf 90' lang='lat' dir='ltr'><strong>vos,</strong></span> <span class='ocrx_word' id='word_1_690' title='bbox 1882 5217 2094 5276; x_wconf 55' lang='lat' dir='ltr'><strong>charis-a</strong></span> 
     </span>
    </p>
   </div>
   <div class='ocr_carea' id='block_1_98' title="bbox 493 5287 2088 5373">
    <p class='ocr_par' dir='ltr' id='par_1_98' title="bbox 493 5287 2088 5373">
     <span class='ocr_line' id='line_1_98' title="bbox 493 5287 2088 5373; baseline 0.014 -25"><span class='ocrx_word' id='word_1_691' title='bbox 493 5287 646 5350; x_wconf 70' lang='lat' dir='ltr'><strong>situm</strong></span> <span class='ocrx_word' id='word_1_692' title='bbox 675 5307 730 5352; x_wconf 90' lang='lat' dir='ltr'><strong>et</strong></span> <span class='ocrx_word' id='word_1_693' title='bbox 757 5297 1121 5353; x_wconf 82' lang='lat' dir='ltr'><strong>dilectissima:</strong></span> <span class='ocrx_word' id='word_1_694' title='bbox 1152 5297 1272 5354; x_wconf 72' lang='lat' dir='ltr'><strong>tilia:</strong></span> <span class='ocrx_word' id='word_1_695' title='bbox 1293 5345 1308 5369; x_wconf 93' lang='lat'><strong>,</strong></span> <span class='ocrx_word' id='word_1_696' title='bbox 1335 5317 1454 5372; x_wconf 73' lang='lat' dir='ltr'><strong>qua:</strong></span> <span class='ocrx_word' id='word_1_697' title='bbox 1483 5302 1590 5373; x_wconf 86' lang='lat' dir='ltr'><strong>jam</strong></span> <span class='ocrx_word' id='word_1_698' title='bbox 1622 5319 1852 5366; x_wconf 84' lang='lat' dir='ltr'><strong>mortuae</strong></span> <span class='ocrx_word' id='word_1_699' title='bbox 1879 5312 2011 5369; x_wconf 83' lang='lat' dir='ltr'><strong>estis</strong></span> <span class='ocrx_word' id='word_1_700' title='bbox 2031 5323 2088 5370; x_wconf 87' lang='lat' dir='ltr'><strong>et</strong></span> 
     </span>
    </p>
   </div>
   <div class='ocr_carea' id='block_1_99' title="bbox 491 5390 2086 5478">
    <p class='ocr_par' dir='ltr' id='par_1_99' title="bbox 491 5390 2086 5478">
     <span class='ocr_line' id='line_1_99' title="bbox 491 5390 2086 5478; baseline 0.014 -36"><span class='ocrx_word' id='word_1_701' title='bbox 491 5390 720 5458; x_wconf 64' lang='lat' dir='ltr'><strong>sepultae</strong></span> <span class='ocrx_word' id='word_1_702' title='bbox 742 5407 864 5448; x_wconf 91' lang='lat' dir='ltr'><strong>cum</strong></span> <span class='ocrx_word' id='word_1_703' title='bbox 890 5392 1108 5448; x_wconf 87' lang='lat' dir='ltr'><strong>Christo</strong></span> <span class='ocrx_word' id='word_1_704' title='bbox 1133 5410 1148 5450; x_wconf 84' lang='lat'><strong>:</strong></span> <span class='ocrx_word' id='word_1_705' title='bbox 1170 5409 1287 5464; x_wconf 67' lang='lat' dir='ltr'><strong>quae</strong></span> <span class='ocrx_word' id='word_1_706' title='bbox 1305 5393 1416 5465; x_wconf 89' lang='lat' dir='ltr'><strong>jam</strong></span> <span class='ocrx_word' id='word_1_707' title='bbox 1442 5413 1604 5456; x_wconf 90' lang='lat' dir='ltr'><strong>carne</strong></span> <span class='ocrx_word' id='word_1_708' title='bbox 1624 5413 1934 5478; x_wconf 90' lang='lat' dir='ltr'><strong>contempta</strong></span> <span class='ocrx_word' id='word_1_709' title='bbox 1960 5422 2086 5465; x_wconf 88' lang='lat' dir='ltr'><strong>cum</strong></span> 
     </span>
    </p>
   </div>
   <div class='ocr_carea' id='block_1_100' title="bbox 485 5481 2086 5574">
    <p class='ocr_par' dir='ltr' id='par_1_100' title="bbox 485 5481 2086 5574">
     <span class='ocr_line' id='line_1_100' title="bbox 485 5481 2086 5574; baseline 0.015 -40"><span class='ocrx_word' id='word_1_710' title='bbox 485 5481 601 5550; x_wconf 87' lang='lat' dir='ltr'><strong>ejus</strong></span> <span class='ocrx_word' id='word_1_711' title='bbox 637 5485 828 5554; x_wconf 82' lang='lat' dir='ltr'><strong>gloria,</strong></span> <span class='ocrx_word' id='word_1_712' title='bbox 875 5485 1091 5558; x_wconf 88' lang='lat' dir='ltr'><strong>cognito</strong></span> <span class='ocrx_word' id='word_1_713' title='bbox 1133 5487 1274 5558; x_wconf 91' lang='lat' dir='ltr'><strong>quod</strong></span> <span class='ocrx_word' id='word_1_714' title='bbox 1305 5493 1469 5548; x_wconf 81' lang='lat' dir='ltr'><strong>omnis</strong></span> <span class='ocrx_word' id='word_1_715' title='bbox 1501 5510 1624 5550; x_wconf 85' lang='lat' dir='ltr'><strong>caro</strong></span> <span class='ocrx_word' id='word_1_716' title='bbox 1656 5501 1866 5568; x_wconf 77' lang='lat' dir='ltr'><strong>fenum,</strong></span> <span class='ocrx_word' id='word_1_717' title='bbox 1899 5511 1945 5556; x_wconf 79' lang='lat' dir='ltr'><strong>et</strong></span> <span class='ocrx_word' id='word_1_718' title='bbox 1973 5507 2086 5574; x_wconf 85' lang='lat' dir='ltr'><strong>ejus</strong></span> 
     </span>
    </p>
   </div>
   <div class='ocr_carea' id='block_1_101' title="bbox 481 5575 2085 5665">
    <p class='ocr_par' dir='ltr' id='par_1_101' title="bbox 481 5575 2085 5665">
     <span class='ocr_line' id='line_1_101' title="bbox 481 5575 2085 5665; baseline 0.018 -42"><span class='ocrx_word' id='word_1_719' title='bbox 481 5575 651 5642; x_wconf 86' lang='lat' dir='ltr'><strong>gloria</strong></span> <span class='ocrx_word' id='word_1_720' title='bbox 681 5581 777 5647; x_wconf 75' lang='lat' dir='ltr'><strong>ﬂos</strong></span> <span class='ocrx_word' id='word_1_721' title='bbox 807 5580 913 5650; x_wconf 83' lang='lat' dir='ltr'><strong>feni</strong></span> <span class='ocrx_word' id='word_1_722' title='bbox 937 5579 1096 5652; x_wconf 84' lang='lat' dir='ltr'><strong>(Isai.</strong></span> <span class='ocrx_word' id='word_1_723' title='bbox 1125 5596 1218 5647; x_wconf 82' lang='lat' dir='ltr'><strong>xL,</strong></span> <span class='ocrx_word' id='word_1_724' title='bbox 1251 5581 1330 5650; x_wconf 87' lang='lat'><strong>9),</strong></span> <span class='ocrx_word' id='word_1_725' title='bbox 1358 5585 1423 5640; x_wconf 91' lang='lat' dir='ltr'><strong>ad</strong></span> <span class='ocrx_word' id='word_1_726' title='bbox 1454 5588 1742 5646; x_wconf 90' lang='lat' dir='ltr'><strong>novitatem</strong></span> <span class='ocrx_word' id='word_1_727' title='bbox 1772 5592 1895 5650; x_wconf 68' lang='lat' dir='ltr'><strong>vita:</strong></span> <span class='ocrx_word' id='word_1_728' title='bbox 1919 5597 2085 5665; x_wconf 91' lang='lat' dir='ltr'><strong>spiri-</strong></span> 
     </span>
    </p>
   </div>
   <div class='ocr_carea' id='block_1_102' title="bbox 478 5668 2080 5754">
    <p class='ocr_par' dir='ltr' id='par_1_102' title="bbox 478 5668 2080 5754">
     <span class='ocr_line' id='line_1_102' title="bbox 478 5668 2080 5754; baseline 0.019 -37"><span class='ocrx_word' id='word_1_729' title='bbox 478 5671 564 5717; x_wconf 89' lang='lat' dir='ltr'><strong>tus</strong></span> <span class='ocrx_word' id='word_1_730' title='bbox 592 5668 722 5722; x_wconf 86' lang='lat' dir='ltr'><strong>estis</strong></span> <span class='ocrx_word' id='word_1_731' title='bbox 753 5681 952 5727; x_wconf 67' lang='lat' dir='ltr'><strong>renatae</strong></span> <span class='ocrx_word' id='word_1_732' title='bbox 984 5691 998 5727; x_wconf 91' lang='lat'><strong>:</strong></span> <span class='ocrx_word' id='word_1_733' title='bbox 1036 5687 1142 5726; x_wconf 91' lang='lat' dir='ltr'><strong>non</strong></span> <span class='ocrx_word' id='word_1_734' title='bbox 1172 5689 1240 5728; x_wconf 88' lang='lat' dir='ltr'><strong>ex</strong></span> <span class='ocrx_word' id='word_1_735' title='bbox 1260 5681 1601 5749; x_wconf 88' lang='lat' dir='ltr'><strong>corruptibili</strong></span> <span class='ocrx_word' id='word_1_736' title='bbox 1623 5685 1850 5754; x_wconf 87' lang='lat' dir='ltr'><strong>semine,</strong></span> <span class='ocrx_word' id='word_1_737' title='bbox 1877 5689 1970 5748; x_wconf 89' lang='lat' dir='ltr'><strong>sed</strong></span> <span class='ocrx_word' id='word_1_738' title='bbox 1998 5689 2080 5746; x_wconf 88' lang='lat' dir='ltr'><strong>in-</strong></span> 
     </span>
    </p>
   </div>
   <div class='ocr_carea' id='block_1_103' title="bbox 472 5759 2071 5848">
    <p class='ocr_par' dir='ltr' id='par_1_103' title="bbox 472 5759 2071 5848">
     <span class='ocr_line' id='line_1_103' title="bbox 472 5759 2071 5848; baseline 0.018 -36"><span class='ocrx_word' id='word_1_739' title='bbox 472 5759 853 5834; x_wconf 87' lang='lat' dir='ltr'><strong>corruptibili,</strong></span> <span class='ocrx_word' id='word_1_740' title='bbox 884 5776 981 5834; x_wconf 83' lang='lat' dir='ltr'><strong>per</strong></span> <span class='ocrx_word' id='word_1_741' title='bbox 1004 5763 1229 5822; x_wconf 89' lang='lat' dir='ltr'><strong>verbum</strong></span> <span class='ocrx_word' id='word_1_742' title='bbox 1256 5766 1350 5825; x_wconf 92' lang='lat' dir='ltr'><strong>Dei</strong></span> <span class='ocrx_word' id='word_1_743' title='bbox 1371 5771 1598 5832; x_wconf 87' lang='lat' dir='ltr'><strong>viventis</strong></span> <span class='ocrx_word' id='word_1_744' title='bbox 1622 5786 1676 5834; x_wconf 91' lang='lat' dir='ltr'><strong>et</strong></span> <span class='ocrx_word' id='word_1_745' title='bbox 1701 5783 2071 5848; x_wconf 85' lang='lat' dir='ltr'><strong>permanentis</strong></span> 
     </span>
    </p>
   </div>
   <div class='ocr_carea' id='block_1_104' title="bbox 2208 4638 2733 4714">
    <p class='ocr_par' dir='ltr' id='par_1_104' title="bbox 2208 4638 2733 4714">
     <span class='ocr_line' id='line_1_104' title="bbox 2208 4638 2733 4714; baseline 0.006 -18"><span class='ocrx_word' id='word_1_746' title='bbox 2208 4638 2430 4697; x_wconf 83' lang='lat' dir='ltr'><strong>habebit</strong></span> <span class='ocrx_word' id='word_1_747' title='bbox 2456 4642 2508 4696; x_wconf 89' lang='lat' dir='ltr'><strong>in</strong></span> <span class='ocrx_word' id='word_1_748' title='bbox 2549 4657 2733 4714; x_wconf 83' lang='lat' dir='ltr'><strong>regno.</strong></span> 
     </span>
    </p>
   </div>
   <div class='ocr_carea' id='block_1_105' title="bbox 2289 4736 3803 4818">
    <p class='ocr_par' dir='ltr' id='par_1_105' title="bbox 2289 4736 3803 4818">
     <span class='ocr_line' id='line_1_105' title="bbox 2289 4736 3803 4818; baseline 0.007 -26"><span class='ocrx_word' id='word_1_749' title='bbox 2289 4736 2334 4792; x_wconf 90' lang='lat'><strong>0</strong></span> <span class='ocrx_word' id='word_1_750' title='bbox 2360 4737 2547 4793; x_wconf 77' lang='lat' dir='ltr'><strong>infelix</strong></span> <span class='ocrx_word' id='word_1_751' title='bbox 2575 4739 2824 4810; x_wconf 88' lang='lat' dir='ltr'><strong>superbia</strong></span> <span class='ocrx_word' id='word_1_752' title='bbox 2854 4741 2998 4810; x_wconf 64' lang='lat' dir='ltr'><strong>vitae,</strong></span> <span class='ocrx_word' id='word_1_753' title='bbox 3030 4753 3085 4798; x_wconf 92' lang='lat' dir='ltr'><strong>ut</strong></span> <span class='ocrx_word' id='word_1_754' title='bbox 3115 4759 3209 4814; x_wconf 89' lang='lat' dir='ltr'><strong>pro</strong></span> <span class='ocrx_word' id='word_1_755' title='bbox 3234 4743 3525 4816; x_wconf 85' lang='lat' dir='ltr'><strong>implendis</strong></span> <span class='ocrx_word' id='word_1_756' title='bbox 3553 4745 3803 4818; x_wconf 88' lang='lat' dir='ltr'><strong>volupta-</strong></span> 
     </span>
    </p>
   </div>
   <div class='ocr_carea' id='block_1_106' title="bbox 2210 4830 3799 4912">
    <p class='ocr_par' dir='ltr' id='par_1_106' title="bbox 2210 4830 3799 4912">
     <span class='ocr_line' id='line_1_106' title="bbox 2210 4830 3799 4912; baseline 0.008 -26"><span class='ocrx_word' id='word_1_757' title='bbox 2210 4830 2359 4888; x_wconf 84' lang='lat' dir='ltr'><strong>tibus</strong></span> <span class='ocrx_word' id='word_1_758' title='bbox 2383 4833 2588 4902; x_wconf 78' lang='lat' dir='ltr'><strong>carnis,</strong></span> <span class='ocrx_word' id='word_1_759' title='bbox 2614 4835 2888 4892; x_wconf 90' lang='lat' dir='ltr'><strong>renuntiet</strong></span> <span class='ocrx_word' id='word_1_760' title='bbox 2916 4836 3220 4894; x_wconf 60' lang='lat' dir='ltr'><strong>haereditati</strong></span> <span class='ocrx_word' id='word_1_761' title='bbox 3251 4841 3399 4909; x_wconf 66' lang='lat' dir='ltr'><strong>caeli,</strong></span> <span class='ocrx_word' id='word_1_762' title='bbox 3434 4856 3594 4912; x_wconf 86' lang='lat' dir='ltr'><strong>quam</strong></span> <span class='ocrx_word' id='word_1_763' title='bbox 3626 4842 3799 4899; x_wconf 87' lang='lat' dir='ltr'><strong>fuerat</strong></span> 
     </span>
    </p>
   </div>
   <div class='ocr_carea' id='block_1_107' title="bbox 2213 4927 3801 4998">
    <p class='ocr_par' dir='ltr' id='par_1_107' title="bbox 2213 4927 3801 4998">
     <span class='ocr_line' id='line_1_107' title="bbox 2213 4927 3801 4998; baseline 0.008 -18"><span class='ocrx_word' id='word_1_764' title='bbox 2213 4935 2521 4981; x_wconf 75' lang='lat' dir='ltr'><strong>assecutum</strong></span> <span class='ocrx_word' id='word_1_765' title='bbox 2564 4943 2660 4998; x_wconf 89' lang='lat' dir='ltr'><strong>per</strong></span> <span class='ocrx_word' id='word_1_766' title='bbox 2695 4927 2992 4984; x_wconf 87' lang='lat' dir='ltr'><strong>Christum.</strong></span> <span class='ocrx_word' id='word_1_767' title='bbox 3036 4931 3281 4987; x_wconf 87' lang='lat' dir='ltr'><strong>Nondum</strong></span> <span class='ocrx_word' id='word_1_768' title='bbox 3315 4934 3422 4989; x_wconf 91' lang='lat' dir='ltr'><strong>Deo</strong></span> <span class='ocrx_word' id='word_1_769' title='bbox 3452 4933 3587 4989; x_wconf 85' lang='lat' dir='ltr'><strong>vivit</strong></span> <span class='ocrx_word' id='word_1_770' title='bbox 3615 4951 3628 4988; x_wconf 90' lang='lat'>:</span> <span class='ocrx_word' id='word_1_771' title='bbox 3661 4951 3801 4991; x_wconf 86' lang='lat' dir='ltr'><strong>non-</strong></span> 
     </span>
    </p>
   </div>
   <div class='ocr_carea' id='block_1_108' title="bbox 2216 5020 3800 5098">
    <p class='ocr_par' dir='ltr' id='par_1_108' title="bbox 2216 5020 3800 5098">
     <span class='ocr_line' id='line_1_108' title="bbox 2216 5020 3800 5098; baseline 0.006 -23"><span class='ocrx_word' id='word_1_772' title='bbox 2216 5020 2342 5076; x_wconf 89' lang='lat' dir='ltr'><strong>dum</strong></span> <span class='ocrx_word' id='word_1_773' title='bbox 2384 5021 2662 5092; x_wconf 86' lang='lat' dir='ltr'><strong>religionis</strong></span> <span class='ocrx_word' id='word_1_774' title='bbox 2701 5022 2948 5079; x_wconf 87' lang='lat' dir='ltr'><strong>semitam</strong></span> <span class='ocrx_word' id='word_1_775' title='bbox 2995 5021 3304 5097; x_wconf 86' lang='lat' dir='ltr'><strong>Christique</strong></span> <span class='ocrx_word' id='word_1_776' title='bbox 3347 5027 3561 5097; x_wconf 88' lang='lat' dir='ltr'><strong>nuptias</strong></span> <span class='ocrx_word' id='word_1_777' title='bbox 3599 5028 3800 5098; x_wconf 86' lang='lat' dir='ltr'><strong>attigit,</strong></span> 
     </span>
    </p>
   </div>
   <div class='ocr_carea' id='block_1_109' title="bbox 2213 5115 3805 5193">
    <p class='ocr_par' dir='ltr' id='par_1_109' title="bbox 2213 5115 3805 5193">
     <span class='ocr_line' id='line_1_109' title="bbox 2213 5115 3805 5193; baseline 0.006 -23"><span class='ocrx_word' id='word_1_778' title='bbox 2213 5131 2336 5187; x_wconf 79' lang='lat' dir='ltr'><strong>quae</strong></span> <span class='ocrx_word' id='word_1_779' title='bbox 2375 5130 2483 5171; x_wconf 91' lang='lat' dir='ltr'><strong>non</strong></span> <span class='ocrx_word' id='word_1_780' title='bbox 2521 5115 2753 5171; x_wconf 85' lang='lat' dir='ltr'><strong>efficitur</strong></span> <span class='ocrx_word' id='word_1_781' title='bbox 2795 5116 2866 5172; x_wconf 91' lang='lat' dir='ltr'><strong>ita</strong></span> <span class='ocrx_word' id='word_1_782' title='bbox 2905 5117 3131 5188; x_wconf 87' lang='lat' dir='ltr'><strong>simplex</strong></span> <span class='ocrx_word' id='word_1_783' title='bbox 3173 5128 3226 5175; x_wconf 88' lang='lat' dir='ltr'><strong>et</strong></span> <span class='ocrx_word' id='word_1_784' title='bbox 3269 5135 3419 5191; x_wconf 90' lang='lat' dir='ltr'><strong>pura,</strong></span> <span class='ocrx_word' id='word_1_785' title='bbox 3452 5130 3509 5174; x_wconf 91' lang='lat' dir='ltr'><strong>ut</strong></span> <span class='ocrx_word' id='word_1_786' title='bbox 3537 5119 3805 5193; x_wconf 87' lang='lat' dir='ltr'><strong>quidquid</strong></span> 
     </span>
    </p>
   </div>
   <div class='ocr_carea' id='block_1_110' title="bbox 2211 5207 3806 5285">
    <p class='ocr_par' dir='ltr' id='par_1_110' title="bbox 2211 5207 3806 5285">
     <span class='ocr_line' id='line_1_110' title="bbox 2211 5207 3806 5285; baseline 0.004 -23"><span class='ocrx_word' id='word_1_787' title='bbox 2211 5208 2317 5263; x_wconf 87' lang='lat' dir='ltr'><strong>sibi</strong></span> <span class='ocrx_word' id='word_1_788' title='bbox 2348 5207 2656 5263; x_wconf 87' lang='lat' dir='ltr'><strong>mandatum</strong></span> <span class='ocrx_word' id='word_1_789' title='bbox 2687 5207 2845 5263; x_wconf 82' lang='lat' dir='ltr'><strong>fuerit</strong></span> <span class='ocrx_word' id='word_1_790' title='bbox 2873 5225 2968 5279; x_wconf 91' lang='lat' dir='ltr'><strong>per</strong></span> <span class='ocrx_word' id='word_1_791' title='bbox 2994 5209 3332 5281; x_wconf 65' lang='lat' dir='ltr'><strong>praepositam</strong></span> <span class='ocrx_word' id='word_1_792' title='bbox 3358 5221 3608 5281; x_wconf 87' lang='lat' dir='ltr'><strong>matrem,</strong></span> <span class='ocrx_word' id='word_1_793' title='bbox 3633 5227 3806 5285; x_wconf 89' lang='lat' dir='ltr'><strong>ange-</strong></span> 
     </span>
    </p>
   </div>
   <div class='ocr_carea' id='block_1_111' title="bbox 2204 5303 3804 5378">
    <p class='ocr_par' dir='ltr' id='par_1_111' title="bbox 2204 5303 3804 5378">
     <span class='ocr_line' id='line_1_111' title="bbox 2204 5303 3804 5378; baseline 0.004 -19"><span class='ocrx_word' id='word_1_794' title='bbox 2204 5303 2319 5359; x_wconf 67' lang='lat' dir='ltr'><strong>lico</strong></span> <span class='ocrx_word' id='word_1_795' title='bbox 2352 5315 2502 5373; x_wconf 89' lang='lat' dir='ltr'><strong>putet</strong></span> <span class='ocrx_word' id='word_1_796' title='bbox 2531 5319 2625 5360; x_wconf 91' lang='lat' dir='ltr'><strong>ore</strong></span> <span class='ocrx_word' id='word_1_797' title='bbox 2664 5304 3059 5360; x_wconf 90' lang='lat' dir='ltr'><strong>transmissum.</strong></span> <span class='ocrx_word' id='word_1_798' title='bbox 3092 5303 3245 5360; x_wconf 91' lang='lat' dir='ltr'><strong>Tunc</strong></span> <span class='ocrx_word' id='word_1_799' title='bbox 3271 5319 3610 5378; x_wconf 61' lang='lat' dir='ltr'><strong>unaquaeque</strong></span> <span class='ocrx_word' id='word_1_800' title='bbox 3638 5318 3804 5366; x_wconf 60' lang='lat' dir='ltr'><strong>cxte-</strong></span> 
     </span>
    </p>
   </div>
   <div class='ocr_carea' id='block_1_112' title="bbox 2202 5395 3804 5478">
    <p class='ocr_par' dir='ltr' id='par_1_112' title="bbox 2202 5395 3804 5478">
     <span class='ocr_line' id='line_1_112' title="bbox 2202 5395 3804 5478; baseline 0.004 -23"><span class='ocrx_word' id='word_1_801' title='bbox 2202 5400 2290 5456; x_wconf 73' lang='lat' dir='ltr'><strong>ris</strong></span> <span class='ocrx_word' id='word_1_802' title='bbox 2319 5413 2377 5456; x_wconf 90' lang='lat' dir='ltr'><strong>se</strong></span> <span class='ocrx_word' id='word_1_803' title='bbox 2409 5395 2703 5456; x_wconf 85' lang='lat' dir='ltr'><strong>beatiorem</strong></span> <span class='ocrx_word' id='word_1_804' title='bbox 2730 5400 3024 5468; x_wconf 87' lang='lat' dir='ltr'><strong>existimet,</strong></span> <span class='ocrx_word' id='word_1_805' title='bbox 3053 5415 3173 5458; x_wconf 88' lang='lat' dir='ltr'><strong>cum</strong></span> <span class='ocrx_word' id='word_1_806' title='bbox 3202 5402 3256 5458; x_wconf 87' lang='lat' dir='ltr'><strong>in</strong></span> <span class='ocrx_word' id='word_1_807' title='bbox 3287 5401 3563 5460; x_wconf 88' lang='lat' dir='ltr'><strong>laboribus</strong></span> <span class='ocrx_word' id='word_1_808' title='bbox 3591 5420 3804 5478; x_wconf 65' lang='lat' dir='ltr'><strong>praepo-</strong></span> 
     </span>
    </p>
   </div>
   <div class='ocr_carea' id='block_1_113' title="bbox 2216 5492 2637 5562">
    <p class='ocr_par' dir='ltr' id='par_1_113' title="bbox 2216 5492 2637 5562">
     <span class='ocr_line' id='line_1_113' title="bbox 2216 5492 2637 5562; baseline 0 -14"><span class='ocrx_word' id='word_1_809' title='bbox 2216 5493 2366 5548; x_wconf 89' lang='lat' dir='ltr'><strong>nitur</strong></span> <span class='ocrx_word' id='word_1_810' title='bbox 2395 5492 2637 5562; x_wconf 90' lang='lat' dir='ltr'><strong>reliquis.</strong></span> 
     </span>
    </p>
   </div>
   <div class='ocr_carea' id='block_1_114' title="bbox 2289 5583 3805 5665">
    <p class='ocr_par' dir='ltr' id='par_1_114' title="bbox 2289 5583 3805 5665">
     <span class='ocr_line' id='line_1_114' title="bbox 2289 5583 3805 5665; baseline 0.004 -23"><span class='ocrx_word' id='word_1_811' title='bbox 2289 5583 2404 5642; x_wconf 86' lang='lat' dir='ltr'><strong>Non</strong></span> <span class='ocrx_word' id='word_1_812' title='bbox 2443 5585 2653 5656; x_wconf 91' lang='lat' dir='ltr'><strong>pudeat</strong></span> <span class='ocrx_word' id='word_1_813' title='bbox 2693 5585 2917 5659; x_wconf 89' lang='lat' dir='ltr'><strong>singulis</strong></span> <span class='ocrx_word' id='word_1_814' title='bbox 2947 5587 3295 5646; x_wconf 84' lang='lat' dir='ltr'><strong>hebdomadis</strong></span> <span class='ocrx_word' id='word_1_815' title='bbox 3320 5598 3472 5646; x_wconf 88' lang='lat' dir='ltr'><strong>sexta</strong></span> <span class='ocrx_word' id='word_1_816' title='bbox 3505 5591 3660 5660; x_wconf 86' lang='lat' dir='ltr'><strong>feria,</strong></span> <span class='ocrx_word' id='word_1_817' title='bbox 3695 5609 3805 5665; x_wconf 92' lang='lat' dir='ltr'><strong>quo</strong></span> 
     </span>
    </p>
   </div>
   <div class='ocr_carea' id='block_1_115' title="bbox 2207 5678 3804 5751">
    <p class='ocr_par' dir='ltr' id='par_1_115' title="bbox 2207 5678 3804 5751">
     <span class='ocr_line' id='line_1_115' title="bbox 2207 5678 3804 5751; baseline 0.003 -12"><span class='ocrx_word' id='word_1_818' title='bbox 2207 5678 2299 5739; x_wconf 85' lang='lat' dir='ltr'><strong>die</strong></span> <span class='ocrx_word' id='word_1_819' title='bbox 2337 5681 2591 5736; x_wconf 89' lang='lat' dir='ltr'><strong>Salvator</strong></span> <span class='ocrx_word' id='word_1_820' title='bbox 2628 5680 2917 5750; x_wconf 85' lang='lat' dir='ltr'><strong>cpprobria</strong></span> <span class='ocrx_word' id='word_1_821' title='bbox 2957 5693 3013 5740; x_wconf 90' lang='lat' dir='ltr'><strong>et</strong></span> <span class='ocrx_word' id='word_1_822' title='bbox 3056 5694 3282 5738; x_wconf 90' lang='lat' dir='ltr'><strong>mortem</strong></span> <span class='ocrx_word' id='word_1_823' title='bbox 3322 5698 3422 5751; x_wconf 91' lang='lat' dir='ltr'><strong>pro</strong></span> <span class='ocrx_word' id='word_1_824' title='bbox 3469 5683 3693 5743; x_wconf 87' lang='lat' dir='ltr'><strong>homine</strong></span> <span class='ocrx_word' id='word_1_825' title='bbox 3733 5687 3804 5744; x_wconf 86' lang='lat' dir='ltr'><strong>ab</strong></span> 
     </span>
    </p>
   </div>
   <div class='ocr_carea' id='block_1_116' title="bbox 2203 5771 3804 5847">
    <p class='ocr_par' dir='ltr' id='par_1_116' title="bbox 2203 5771 3804 5847">
     <span class='ocr_line' id='line_1_116' title="bbox 2203 5771 3804 5847; baseline 0.002 -13"><span class='ocrx_word' id='word_1_826' title='bbox 2203 5771 2428 5838; x_wconf 79' lang='lat' dir='ltr'><strong>homine</strong></span> <span class='ocrx_word' id='word_1_827' title='bbox 2469 5775 2708 5847; x_wconf 86' lang='lat' dir='ltr'><strong>pertulit,</strong></span> <span class='ocrx_word' id='word_1_828' title='bbox 2752 5789 3179 5847; x_wconf 86' lang='lat' dir='ltr'><strong>unamquamque</strong></span> <span class='ocrx_word' id='word_1_829' title='bbox 3220 5787 3492 5846; x_wconf 88' lang='lat' dir='ltr'><strong>sororum,</strong></span> <span class='ocrx_word' id='word_1_830' title='bbox 3533 5787 3692 5834; x_wconf 83' lang='lat' dir='ltr'><strong>suam</strong></span> <span class='ocrx_word' id='word_1_831' title='bbox 3721 5777 3804 5836; x_wconf 82' lang='lat' dir='ltr'><strong>vi-</strong></span> 
     </span>
    </p>
   </div>
  </div>
