4050 6198
200 257 300 322 109

1419 249 1699 313 REGULA
1739 246 2243 310 MONACIIARUM.

3357 240 3467 301 M0

200 385 365 451 ptum
387 376 624 434 clamant
642 372 1139 450 syllabae’singulm:
1163 386 1300 445 pene
1325 370 1648 428 instruimur
1660 382 1777 424 cor-
1802 367 1846 427 Α
1879 381 2096 436 semper
2119 363 2412 419 subornata
2435 361 2606 420 verba
2632 361 2966 432 deposcunt:
2991 358 3280 432 exquirunt
3301 371 3459 414 meno

201 475 346 545 poris
364 473 566 546 proprii
585 471 810 544 singulis
831 471 1086 534 motibus,
1114 467 1256 540 quod
1280 465 1504 523 victoria
1527 480 1636 520 non
1658 477 1777 534 spe-

200 578 348 624 ratur
372 569 430 623 in
463 568 562 622 hoc
585 565 902 634 certamine,
920 565 1025 619 nisi
1044 579 1110 620 ex
1133 563 1274 635 fuga.
1291 561 1461 618 Nemo
1482 575 1547 614 ex
1571 557 1780 613 fortitu-

200 662 322 718 dine
351 661 547 717 audeat
587 660 848 717 resistere
875 659 1082 714 viribus
1112 675 1126 711 :
1156 657 1411 727 quoniam
1441 655 1548 710 nisi
1579 652 1776 724 fugiat,

203 755 308 810 cito
324 753 662 809 succumbet.
681 753 737 808 In
761 752 1036 807 communi
1058 751 1257 806 etenim
1284 750 1393 804 vita
1423 762 1526 805 nec
1554 745 1779 801 verbum

199 845 566 918 sitzpmprium
594 867 608 904 :
635 854 844 902 secreta
865 844 1090 901 verbula
1114 847 1431 914 nonjcarent
1452 839 1774 909 suspicione.

266 939 500 1011 Ideoque
522 939 805 1010 praacipio,
831 946 890 993 ut
912 937 1058 993 nulla
1088 952 1243 992 soror
1263 935 1424 991 alicui
1450 935 1778 989 exteriorum

196 1033 313 1090 sine
344 1032 580 1102 plurium
611 1041 922 1087 sanctarum
953 1045 1199 1085 sororum
1231 1037 1285 1083 et
1329 1027 1649 1089 abbatissae,
1682 1039 1779 1079 seu

195 1125 425 1182 alterius
452 1127 760 1198 praeposita:
784 1124 979 1179 domus
1006 1123 1286 1194 potissime
1315 1119 1601 1191 pmsentia
1628 1117 1776 1188 loqui

193 1219 392 1274 audeat
414 1239 428 1275 :
452 1219 537 1275 his
559 1219 834 1274 dumtaxat
855 1217 1117 1287 exceptis,
1133 1231 1252 1286 qua:
1273 1212 1545 1271 sacerdoti
1571 1212 1624 1266 in
1645 1224 1778 1266 con-

192 1311 432 1366 fessione
471 1311 744 1367 dicuntur.
795 1309 983 1365 Solent
1026 1307 1268 1376 profecto
1315 1306 1439 1360 talia
1477 1304 1642 1360 verba
1688 1317 1776 1358 se-

194 1404 336 1460 mina
373 1403 541 1458 multa
571 1403 710 1458 mala
739 1402 1004 1471 proferre.
1034 1399 1181 1456 Inter
1206 1413 1304 1454 vos
1329 1398 1398 1453 de
1425 1397 1544 1453 viro
1572 1410 1776 1467 nequa-

193 1514 377 1571 quam,
406 1499 452 1554 si
484 1499 599 1554 fieri
650 1506 850 1568 potest,
883 1497 1146 1552 habeatur
1183 1494 1410 1551 mentio.
1434 1492 1587 1548 Ultra
1612 1507 1772 1563 quam

192 1591 459 1659 creditur,
513 1590 749 1646 exsultat
797 1589 1049 1645 diabolus
1099 1596 1160 1642 ut
1209 1588 1261 1642 in
1307 1585 1475 1642 corde
1522 1585 1774 1655 virgineo

193 1685 432 1739 virorum
464 1685 725 1739 memoria
755 1684 952 1753 vigeat.
982 1680 1199 1736 Nullum
1225 1694 1493 1735 venenum
1525 1677 1773 1733 nocivius

1879 458 2034 513 dacia
2058 504 2071 525 ,
2097 457 2316 513 fabulas
2344 472 2510 513 novas
2539 469 2832 527 numquam
2864 455 3173 521 fastidiunt,
3201 451 3460 524 auguriis,

1879 552 2157 610 veneficiis
2176 599 2190 621 ,
2216 561 2272 608 et
2295 552 2749 608 incantationibus
2772 550 3077 605 dzemonum
3100 548 3460 604 delectantur.

1881 648 1938 704 Si
1961 648 2052 719 qui
2075 648 2199 702 talia
2225 648 2524 718 proferant,
2544 645 2596 700 hi
2625 644 2922 715 przedilecti
2952 643 3067 710 lilii,
3085 642 3138 696 bi
3159 640 3465 712 spirituales

1882 751 2065 813 patres
2097 749 2152 795 et
2183 741 2384 797 fratres
2409 785 2423 805 ,
2456 739 2512 794 hi
2541 739 2808 809 profecto,
2834 747 2896 792 ut
2922 738 3110 791 verius
3142 737 3300 790 liceat
3327 733 3464 800 dici,

1881 833 2257 889 concubinarii
2279 873 2295 901 ,
2329 842 2383 889 et
2413 840 2762 902 corruptores
2800 831 2995 886 mentis
3038 835 3094 885 et
3121 828 3328 883 ventris
3373 842 3468 881 nu—

1881 928 2118 983 triuntur
2143 945 2159 992 ;
2189 926 2476 998 exquisitis
2529 925 2752 982 ferculis
2781 933 2840 981 et
2867 923 3110 980 delicatis
3139 922 3314 986 escis,
3344 922 3468 978 vina

1880 1022 2117 1091 pretiosa
2148 1035 2255 1075 non
2284 1019 2500 1076 desunt.
2532 1020 2607 1073 Ex
2641 1019 2855 1074 furtivis
2884 1032 3029 1088 saepe
3047 1016 3291 1071 virorum
3317 1014 3470 1070 labo-

1880 1111 2068 1176 ribus,
2093 1118 2148 1164 et
2178 1109 2320 1165 inter
2345 1109 2595 1180 crapulas
2628 1119 2685 1166 et
2715 1109 3009 1165 ebrietates
3039 1117 3314 1164 ructantes
3346 1107 3465 1161 fau-

1877 1217 1969 1257 ces
1991 1244 2006 1269 ,
2032 1201 2256 1274 spiritus
2281 1201 2627 1258 dulcedinem
2658 1203 2985 1274 pradicant.
3017 1202 3349 1272 Proponitur
3372 1201 3473 1256 ite-

1877 1309 1998 1350 rum
2022 1303 2187 1364 atque
2212 1295 2406 1351 iterum
2436 1295 2568 1350 illud
2594 1297 2842 1368 Apostoli
2863 1313 2878 1350 :
2901 1295 3056 1364 Quod
3083 1296 3254 1350 omnia
3280 1294 3471 1348 munda

1874 1388 2101 1442 mundis.
2128 1388 2204 1444 De
2236 1388 2435 1443 talibus
2464 1387 2608 1456 loqui
2641 1387 2795 1444 nefas
2825 1396 2910 1444 est
2932 1431 2948 1454 ,
2979 1397 3031 1443 et
3081 1387 3218 1458 proh
3248 1387 3424 1458 pudor
3450 1387 3465 1440 !

1883 1481 1989 1537 Sed
2021 1482 2182 1552 cupio
2211 1480 2310 1537 Dei
2365 1480 2742 1537 servitricibus
2770 1479 3031 1549 detegere
3077 1492 3269 1534 omnes
3321 1487 3468 1534 artes

1875 1573 2109 1641 diaboli,
2163 1583 2223 1631 ut
2274 1574 2411 1631 nihil
2439 1575 2581 1632 desit
2622 1575 2768 1646 quod
2816 1573 2999 1632 caveri
3026 1573 3218 1645 possit.

2444 1689 2673 1748 CAPUT
2716 1691 2883 1746 XXII.

190 1779 415 1835 femina:
441 1820 458 1846 ,
500 1794 662 1848 quam
691 1776 904 1832 affectio
946 1791 1069 1846 erga
1101 1775 1307 1839 virum,
1339 1786 1677 1842 quacumque
1704 1771 1772 1825 de

1947 1784 2028 1839 De
2054 1786 2281 1852 silentio,
2306 1793 2352 1839 et
2381 1786 2562 1840 diebus
2587 1795 2635 1840 et
2667 1786 2808 1840 horis
2837 1785 3016 1839 debitis
3045 1785 3395 1840 observandis.

191 1888 356 1928 causa
386 1872 661 1943 procedat.
697 1870 842 1926 Proh
887 1868 1082 1924 dolor!
1137 1867 1323 1921 infelix
1351 1865 1591 1920 conditio
1618 1877 1778 1919 sexus

187 1967 381 2023 vestri.
433 1966 683 2024 Sanctior
727 1963 925 2019 mulier
954 1963 1090 2017 ultra
1122 1976 1280 2032 quam
1334 1958 1440 2014 dici
1473 1959 1673 2024 liceat,
1731 1956 1779 2012 si

188 2064 305 2118 viro
335 2061 612 2116 adhaereat
643 2066 1139 2130 quantumcumque
1169 2053 1430 2125 spirituali
1452 2097 1466 2122 ,
1518 2051 1778 2107 instinctu

190 2156 423 2212 naturali
449 2153 740 2210 inclinatur
767 2152 983 2208 tandem
1014 2152 1080 2206 ad
1104 2149 1276 2216 nefas,
1310 2147 1355 2202 si
1385 2148 1437 2201 in
1463 2146 1580 2201 viro
1605 2145 1778 2200 virtus

191 2250 424 2305 deficiat.
449 2248 605 2319 Piget
630 2262 752 2318 qua:
773 2246 896 2302 novi
920 2253 1113 2300 cuncta
1139 2257 1382 2299 narrare.
1411 2238 1592 2295 Etiam
1615 2253 1776 2308 argu-

191 2352 371 2401 menta
403 2352 530 2400 sunt
551 2342 752 2397 diaboli
773 2387 786 2409 ,
823 2350 877 2397 et
908 2341 1100 2396 mortis
1130 2349 1348 2394 aeterna:
1378 2335 1576 2392 indicia
1597 2375 1614 2401 ,
1638 2334 1779 2390 ﬁlia-

193 2437 369 2494 tiones
398 2445 455 2492 et
501 2434 913 2503 maternitates,
966 2433 1161 2504 quibus
1191 2429 1466 2486 vocabulis
1496 2428 1596 2483 sub
1627 2425 1774 2482 vela-

191 2531 337 2586 mine
367 2530 590 2600 spiritus
637 2528 781 2583 inter
810 2542 870 2583 se
898 2534 1123 2580 utuntur
1153 2538 1334 2580 mares
1380 2529 1434 2577 et
1464 2521 1705 2578 feminae.

265 2622 581 2679 Munuscula
633 2620 850 2686 omnia,
900 2628 953 2675 et
1000 2625 1282 2688 suspectas
1315 2613 1610 2682 litterulas,
1660 2612 1777 2669 haec

193 2727 391 2775 cuncta
418 2715 643 2772 luxuriae
675 2715 895 2781 nuntia,
918 2711 1072 2767 vobis
1103 2710 1370 2766 interdico
1416 2707 1516 2764 sub
1543 2706 1771 2762 anathe-

190 2821 338 2867 mate
380 2819 435 2866 et
480 2821 699 2865 teternre
731 2807 922 2863 mortis
952 2821 1129 2877 paena.
1182 2803 1523 2861 Adhibeatur
1564 2815 1775 2857 summa

189 2903 508 2974 diligentia,
559 2912 618 2957 ut
665 2909 818 2956 extra
857 2898 1089 2956 ctenobii
1123 2898 1326 2952 limites
1358 2896 1534 2951 littera
1578 2895 1777 2966 qualis-

185 3013 425 3070 cumque
457 3012 567 3050 non
595 3004 796 3051 exeat:
833 2994 934 3048 nisi
961 2992 1255 3048 abbatissa:
1299 2999 1353 3046 et
1379 3005 1633 3046 sororum
1684 3004 1777 3045 ac-

183 3092 463 3146 cesserint
483 3098 630 3142 vota.
655 3087 718 3142 Et
742 3089 784 3142 si
817 3102 952 3156 Opus
981 3095 1066 3141 est
1085 3128 1100 3153 ,
1125 3095 1178 3140 et
1201 3084 1438 3155 gravitas
1465 3083 1536 3138 ita
1563 3083 1640 3139 rei
1661 3082 1778 3139 exi-

179 3195 306 3255 gat,
334 3185 487 3239 adsit
518 3180 1086 3254 episcopalislicentia
1104 3220 1119 3245 ,
1146 3193 1240 3233 seu
1269 3175 1570 3232 sacerdotis
1598 3176 1776 3231 consi-
1800 3155 1846 3220 (ἶ

177 3277 335 3332 lium.
361 3273 718 3331 Gravissima:
750 3287 923 3344 pugnae
949 3271 1229 3341 subjaceat
1253 3312 1269 3334 ,
1292 3284 1648 3341 quaecumque
1677 3267 1777 3325 hu-

172 3369 261 3440 jus
295 3377 529 3440 reperta
559 3365 723 3421 fuerit
751 3381 862 3421 rea.

779 3456 1009 3514 CAPUT
1047 3455 1193 3512 XXI.

349 3553 442 3608 De
467 3553 666 3622 ﬁctitiis
695 3561 740 3607 et
773 3553 962 3606 nociris
990 3551 1309 3606 sermonibus
1336 3550 1604 3608 evitandis.

240 3646 439 3703 Servis
473 3646 568 3699 Dei
600 3645 960 3716 frequentiam
991 3644 1214 3714 populi,
1245 3645 1419 3700 sancti
1451 3659 1641 3701 omnes
1667 3643 1772 3700 Pa-

174 3748 281 3796 tres
315 3739 629 3810 praedicant
653 3740 794 3794 inter
813 3746 1010 3793 caetera
1035 3753 1243 3794 summe
1265 3739 1532 3795 nocivam.
1556 3739 1613 3794 In
1638 3739 1776 3794 mul-

175 3833 411 3905 tiloquio
442 3846 786 3902 nequaquam
820 3839 1100 3901 peccatum
1122 3829 1315 3886 deesse
1345 3840 1542 3902 potest.
1567 3829 1773 3901 Lingua

173 3927 462 3982 hominum
499 3925 569 3979 ad
612 3923 817 3994 judicia
849 3939 1124 3996 prazceps,
1155 3923 1456 3980 absentium
1497 3925 1663 3980 vitam
1714 3935 1774 3982 ut

169 4021 476 4088 plurimum
535 4033 642 4073 non
693 4026 875 4073 cessat
923 4017 1053 4072 hinc
1106 4017 1420 4072 corrodere.
1471 4017 1772 4073 Pessimum

169 4114 548 4187 quorumdam
595 4110 959 4182 spiritualium
995 4124 1192 4180 genus,
1241 4123 1349 4164 non
1397 4109 1769 4176 attendentes,

164 4207 312 4277 quod
347 4207 499 4260 Deus
531 4203 642 4258 ﬁlio
662 4219 760 4259 suo
783 4202 934 4258 dedit
959 4217 1122 4257 omne
1146 4201 1410 4272 judicium
1429 4245 1444 4267 ,
1468 4201 1535 4256 de
1558 4202 1773 4256 univer-

162 4317 350 4358 sorum
386 4298 677 4354 hominum
708 4299 816 4352 vita
853 4312 914 4351 ac
941 4296 1010 4352 de
1041 4296 1320 4352 moribus:
1370 4305 1426 4352 et
1451 4295 1597 4367 quod
1651 4296 1772 4368 plus

164 4404 270 4461 est,
298 4394 372 4450 de
406 4391 759 4449 conscientia
781 4430 796 4455 ,
827 4389 981 4459 cujus
1021 4389 1236 4445 occulta
1264 4389 1406 4444 scire
1426 4432 1441 4456 ,
1485 4390 1657 4446 solius
1688 4399 1772 4446 est

160 4488 360 4544 divinae
391 4485 660 4543 scientiae
687 4525 700 4549 ,
743 4482 985 4552 judicare
1011 4483 1113 4538 sibi
1146 4484 1310 4539 licere
1340 4492 1558 4554 putant,
1589 4484 1770 4554 profe-

1949 1875 2077 1930 Ilzec
2126 1877 2311 1945 itaque
2343 1875 2560 1943 omnia,
2595 1891 2812 1946 sponsa:
2837 1877 2934 1931 Dei
2982 1877 3225 1941 dilectze,
3277 1877 3470 1949 procul

1878 1967 2136 2037 expellite
2161 1986 2173 2020 :
2202 1966 2257 2022 iu
2282 1968 2366 2022 his
2392 1967 2670 2023 diabolum
2694 1968 3010 2038 cognoscite
3041 1969 3466 2039 principantem.

1879 2060 2028 2116 Inter
2058 2075 2160 2116 vos
2189 2075 2486 2131 numquam
2519 2059 2588 2116 de
2617 2060 2726 2115 vita
2758 2061 3067 2132 disputetur
3093 2060 3340 2116 alterius.
3371 2063 3472 2116 Ma.

1879 2161 2008 2206 neat
2035 2150 2218 2208 divino
2247 2151 2490 2208 examini
2521 2167 2682 2208 omne
2705 2152 2994 2223 judicium.
3026 2151 3259 2209 Peccata
3284 2162 3472 2210 vestra

1881 2243 2194 2315 cognoscite
2230 2263 2241 2298 :
2293 2244 2492 2301 delicta
2526 2254 2708 2301 vestra
2760 2246 2986 2316 plorate.
3024 2246 3274 2301 Omnium
3320 2245 3474 2304 vobis

1879 2337 2021 2404 vita,
2057 2338 2364 2394 sanctitatis
2395 2339 2707 2409 exemplum
2750 2348 3029 2410 appareat.
3062 2337 3176 2392 Vos
3205 2337 3474 2395 universis

1879 2432 2146 2490 aestimate
2169 2435 2385 2503 pejores
2412 2453 2424 2488 :
2452 2436 2531 2491 sic
2557 2437 2764 2506 puritas
2790 2435 3067 2491 mentibus
3086 2435 3282 2490 vestris
3305 2434 3474 2490 inhae-

1879 2537 2026 2593 reat,
2052 2537 2111 2582 ut
2139 2529 2384 2599 cogitare
2407 2530 2477 2584 sit
2507 2530 2798 2596 indecens,
2826 2539 2883 2586 et
2910 2529 3136 2586 credere
3162 2529 3315 2586 nefas
3337 2575 3350 2600 ,
3373 2529 3474 2587 ali-

1878 2637 2039 2694 quem
2073 2633 2298 2693 propter
2325 2639 2424 2679 vos
2458 2638 2619 2693 posse
2651 2638 2899 2693 peccare.

1950 2713 2008 2770 Si
2038 2730 2194 2783 quem
2232 2715 2391 2770 alicui
2415 2715 2793 2772 detrahentem
2817 2715 3100 2773 audieritis
3119 2758 3134 2782 ,
3160 2715 3353 2787 procul
3383 2715 3470 2772 fu-

1878 2808 2086 2878 gientes
2108 2850 2123 2874 ,
2151 2807 2414 2863 dimittite
2446 2817 2505 2863 ut
2534 2819 2883 2877 serpentem:
2914 2818 2973 2864 ut
3013 2809 3336 2865 verecundia
3358 2807 3474 2864 vic-

1881 2911 1966 2954 tus
1986 2941 2001 2966 ,
2045 2899 2219 2956 discat
2248 2898 2318 2955 de
2349 2900 2510 2956 factis
2541 2901 2773 2956 aliorum
2803 2901 2992 2957 silere.
3027 2900 3470 2958 Muliercularum

1880 2995 2240 3066 quarumdam
2270 2996 2414 3052 solet
2435 3011 2555 3052 esse
2582 2997 2778 3062 moris,
2811 3003 2872 3050 ut
2899 2995 3191 3065 plurimum
3214 3006 3306 3050 aut
3329 3010 3471 3050 sem-

1879 3102 1977 3158 per
2007 3087 2234 3157 garrula:
2254 3129 2270 3155 ,
2302 3086 2437 3143 nihil
2470 3098 2742 3144 secretum
2774 3087 3015 3145 habeant
3037 3086 3182 3158 quod
3209 3085 3467 3141 audiunt:

1879 3179 2048 3235 immo
2077 3183 2256 3250 potius
2285 3181 2429 3252 quod
2458 3196 2603 3252 stepe
2645 3181 2900 3236 nesciunt
2925 3222 2940 3245 ,
2966 3179 3190 3243 dicunt,
3221 3177 3468 3248 nihilque

1877 3273 2118 3329 scandali
2166 3274 2521 3329 seminarium
2553 3281 2761 3328 norunt
2790 3273 3014 3328 tacitum
3061 3279 3291 3327 tenere:
3340 3270 3468 3325 hinc

1876 3368 2002 3424 inde
2029 3376 2123 3423 aut
2152 3368 2495 3440 proferentes
2537 3367 2705 3422 verba
2736 3368 2930 3421 nociva
2953 3407 2967 3431 ,
2998 3373 3090 3418 aut
3138 3364 3469 3420 seminantes

1875 3460 2235 3527 discordiam,
2261 3468 2354 3514 aut
2381 3459 2672 3515 audientes
2701 3458 2836 3512 alios
2865 3457 2932 3512 ad
2955 3455 3354 3512 detractionem
3383 3457 3466 3510 in-

1875 3553 2044 3607 citant
2072 3569 2086 3608 :
2110 3560 2206 3606 aut
2231 3551 2522 3608 maledicta
2553 3549 2876 3606 confirmant
2900 3565 2915 3614 ,
2941 3559 3000 3604 ut
3024 3548 3257 3618 duplicis
3281 3548 3470 3606 delicti

1876 3659 1985 3700 reas
2019 3644 2342 3698 habeantur.
2392 3642 2452 3697 In
2483 3642 2588 3699 hoc
2637 3651 2908 3698 conventu
2962 3640 3283 3696 ancillarum
3330 3639 3464 3709 Dei,

1876 3738 2164 3794 muliebris
2211 3738 2387 3793 omnis
2419 3737 2725 3810 expellatur
2773 3735 3083 3792 infirmitas.
3112 3733 3247 3790 Illud
3278 3734 3467 3791 Jacobi

1874 3832 2100 3888 verbum
2132 3831 2184 3887 in
2217 3831 2385 3888 corde
2421 3841 2606 3887 vestro
2635 3830 2913 3887 multoties
2940 3837 3219 3901 repetatur
3245 3829 3299 3884 in
3330 3827 3455 3885 die:

1876 3925 1940 3981 Si
1962 3925 2075 3996 quis
2103 3934 2249 3993 putat
2270 3942 2322 3979 se
2340 3926 2644 3999 religiosum
2667 3941 2774 3980 esse
2790 3964 2806 3989 ,
2824 3939 2928 3977 non
2943 3926 3209 3995 refrenans
3231 3924 3466 3994 linguam

1874 4038 2049 4087 suam,
2080 4021 2166 4075 sed
2194 4021 2441 4074 seducens
2473 4037 2560 4074 cor
2581 4036 2734 4074 suum
2757 4036 2774 4072 :
2800 4019 2956 4092 hujus
2996 4034 3128 4071 vana
3155 4024 3229 4070 est
3255 4016 3460 4087 religio.

1872 4111 2086 4182 Religio
2114 4111 2280 4182 igitur
2306 4120 2491 4166 sancta
2521 4127 2626 4166 non
2659 4118 2839 4181 potest
2869 4123 2992 4166 esse
3020 4109 3073 4163 in
3106 4107 3460 4178 loquacibus,

1875 4219 1994 4274 quae
2018 4204 2167 4259 nullo
2197 4213 2428 4275 possunt
2458 4211 2704 4274 tempore
2726 4203 2927 4267 silere,
2953 4216 3054 4257 nec
3097 4199 3372 4254 abstinere
3401 4197 3469 4253 ab

1877 4298 2158 4355 inutilibus
2187 4299 2389 4354 verbis.
2425 4297 2505 4353 Ex
2551 4297 2657 4353 hoc
2685 4298 2832 4352 enim
2865 4296 2917 4350 in
2950 4308 3136 4350 eremo
3163 4291 3334 4346 sancti
3367 4305 3466 4361 pa-

1876 4398 1988 4447 tres
2015 4392 2191 4448 edocti
2209 4435 2225 4457 ,
2250 4406 2462 4446 summa
2493 4406 2615 4446 cum
2645 4389 2928 4460 diligentia
2951 4388 3251 4443 observant
3275 4392 3462 4440 sancta

1877 4485 2092 4543 silentia
2119 4529 2133 4552 ,
2176 4495 2448 4556 tamquam
2478 4494 2678 4541 sanctae
2708 4482 3191 4554 contemplationis
3219 4495 3459 4535 causam.

164 4589 344 4636 rentes
397 4580 458 4634 in
493 4575 771 4640 medium,
806 4572 951 4645 quod
981 4573 1286 4644 spiritualis
1318 4575 1478 4629 homo
1508 4575 1772 4645 dijudicat
1796 4579 1853 4642 D
1947 4577 2133 4633 Plures
2163 4594 2250 4634 me
2277 4579 2552 4650 reperisse
2598 4591 2706 4632 non
2733 4576 2981 4645 ambigo,
3030 4571 3121 4644 qui
3152 4587 3247 4641 per
3277 4579 3461 4642 septe-

162 4675 362 4728 omnia.
397 4672 530 4728 Heu
568 4666 850 4723 immundo
894 4665 1086 4737 spiritu
1121 4667 1304 4736 pleni,
1336 4666 1464 4737 quid
1496 4669 1770 4724 conamini

164 4766 226 4820 de
247 4765 414 4821 oculo
439 4759 644 4818 fratris
671 4759 931 4814 festucam
957 4757 1275 4822 extrahere,
1301 4758 1392 4828 qui
1421 4757 1572 4813 fertis
1594 4759 1770 4815 conti-

166 4878 264 4918 nue
291 4865 347 4919 in
378 4867 583 4916 vestro
605 4855 849 4911 trabem?
893 4853 1194 4926 liypocritm
1236 4854 1405 4907 tristes
1430 4855 1768 4909 exterminant

163 4961 318 5029 {acies
367 4975 542 5023 suas,
579 4965 635 5009 ut
687 4963 971 5024 appareant
1020 4951 1307 5004 hominibus
1342 4953 1684 5023 jejunantes:
1713 4960 1769 5007 et

165 5053 325 5110 barba
363 5052 592 5122 prolixa
615 5089 631 5115 ,
656 5048 805 5102 crine
833 5047 1025 5103 cinere
1055 5060 1307 5116 asperso,
1339 5045 1510 5100 fracta
1531 5046 1768 5115 undique

164 5159 223 5198 ac
252 5146 373 5201 rudi
408 5155 470 5201 et
523 5139 762 5197 deformi
792 5148 940 5194 veste
963 5183 978 5205 ,
1010 5138 1283 5207 colloquio
1329 5138 1528 5195 blando
1549 5182 1563 5205 ,
1589 5140 1768 5196 verbis

165 5239 397 5304 lictitiis,
431 5253 500 5292 se
536 5242 761 5288 sanctos
791 5232 1124 5287 ostendunt:
1155 5243 1210 5286 et
1261 5232 1494 5287 dealbati
1535 5234 1768 5304 parietes

165 5332 301 5386 inter
330 5325 711 5386 mulierculas
740 5326 1011 5380 seminant
1036 5335 1212 5382 sectas
1249 5340 1518 5381 errorum.

230 5425 487 5496 Denique
524 5422 818 5490 loquentes
854 5421 1243 5492 cujuscumque
1267 5421 1432 5477 vitam
1464 5423 1621 5478 simul
1643 5438 1765 5478 cum

161 5517 296 5573 fama
327 5516 684 5587 denigrant:
731 5513 1086 5567 instrumenta
1114 5513 1310 5569 diaboli
1342 5516 1459 5570 haec
1495 5525 1622 5571 sunt
1651 5531 1766 5569 om-

164 5613 265 5669 nia.
301 5606 892 5670 Infortunatissimum
924 5607 1213 5662 mulierum
1244 5623 1417 5676 genus
1437 5653 1452 5677 ,
1484 5609 1644 5664 hamo
1672 5624 1764 5664 ca-

153 5708 376 5778 piuntur
403 5713 466 5761 ut
495 5702 695 5774 pisces
722 5717 735 5754 :
761 5701 828 5755 ad
860 5700 1148 5756 macellum
1169 5700 1442 5758 ducuntur
1465 5713 1526 5757 ut
1556 5703 1765 5758 bestiae.

152 5798 430 5858 Proterva:
480 5791 728 5853 nimium
780 5791 1021 5859 feminaz,
1079 5806 1296 5862 semper
1348 5795 1472 5851 ﬁcta
1502 5792 1764 5862 cupiunt:

1875 4669 2020 4725 nium
2067 4671 2274 4726 nullum
2303 4684 2531 4742 prorsus
2556 4670 2784 4724 verbum
2816 4663 3022 4721 homini
3047 4663 3208 4718 alteri
3257 4665 3460 4718 emise-

1874 4775 2032 4821 rant:
2087 4767 2326 4822 scientes
2376 4763 2518 4835 quod
2549 4779 2654 4818 non
2684 4763 2740 4817 in
2788 4759 3153 4817 commotione
3199 4757 3462 4814 Dominus

1871 4870 2052 4932 potest
2079 4861 2292 4914 haberi.
2341 4859 2636 4930 Propterea
2685 4856 2833 4921 volo,
2881 4853 3260 4918 charissima,
3295 4863 3355 4910 ut
3405 4854 3460 4910 in

1870 4963 2140 5012 conventu
2163 4962 2371 5020 vestro,
2399 4963 2480 5008 ter
2509 4961 2601 5007 aut
2626 4951 2833 5022 pluries
2866 4952 2917 5005 in
2950 4949 3292 5005 hebdomade
3320 4992 3334 5019 ,
3365 4964 3460 5006 ex-

1869 5052 2038 5121 ceptis
2058 5048 2466 5111 festivitatibus,
2490 5047 2638 5117 loqui
2662 5044 2907 5109 omnino,
2926 5043 3032 5098 nisi
3053 5054 3280 5114 urgente
3299 5059 3459 5100 causa

1868 5144 2083 5219 perutili
2115 5153 2168 5199 et
2190 5141 2528 5208 necessaria,
2554 5139 2868 5195 nullatenus
2893 5137 3087 5209 liceat,
3118 5155 3219 5196 nec
3259 5139 3454 5209 simul,

1871 5257 1970 5297 nec
2000 5255 2121 5295 cum
2145 5238 2268 5293 aliis
2293 5247 2467 5292 extra.
2493 5236 2697 5292 Diebus
2717 5250 2848 5292 vero
2874 5237 3126 5291 omnibus
3143 5278 3158 5303 ,
3181 5236 3381 5308 quibus
3403 5243 3460 5289 et

1870 5348 1970 5403 pro
1999 5331 2272 5397 remedio,
2318 5337 2370 5384 et
2400 5343 2500 5400 pro
2545 5329 2721 5385 salute
2751 5329 2899 5400 loqui
2952 5329 3308 5385 conceditur:
3341 5343 3458 5382 non

1867 5426 2094 5496 singulis
2141 5423 2292 5480 boris
2334 5423 2642 5478 vacandum
2689 5431 2772 5479 est
2814 5423 3030 5488 verbis,
3063 5437 3183 5494 quae
3206 5422 3293 5475 vix
3336 5434 3460 5491 pro-

1870 5519 1999 5575 lerri
2034 5519 2152 5572 sine
2182 5524 2407 5587 peccato
2434 5525 2667 5588 possunt
2693 5534 2708 5573 :
2735 5517 2829 5574 sed
2859 5517 2973 5571 haec
3002 5513 3332 5570 inviolabilis
3364 5512 3460 5569 obc

1871 5612 2108 5668 servatio
2137 5611 2354 5682 vigeat,
2383 5612 2527 5683 quod
2559 5612 2788 5685 singulis
2819 5611 3072 5668 noctibus
3115 5617 3239 5680 post
3269 5623 3458 5680 perac-

1873 5714 1980 5762 tam
2009 5704 2200 5759 horam
2231 5701 2616 5776 Completorii,
2659 5721 2830 5779 usque
2883 5712 3006 5778 post
3030 5703 3284 5770 Missam,
3324 5710 3382 5759 et
3423 5717 3455 5757 a

1874 5799 2072 5858 Tertiis
2098 5812 2271 5870 usque
2302 5798 2370 5855 ad
2391 5799 2622 5872 Nonam,
2645 5817 2798 5861 sacra
2819 5801 3176 5860 observentur
3202 5795 3455 5856 silentia:
