4050 6198
520 235 625 297 Mi

528 455 867 522 portunitas,
910 460 966 506 et
990 446 1199 509 inutilia
1231 446 1392 505 verba
1428 445 1643 514 penitus
1687 442 2102 501 abscindantur.

526 543 588 603 lu
618 546 787 605 ebore
814 558 943 603 vero
968 540 1229 603 Ecclesiae
1260 540 1328 594 ad
1377 539 1593 595 divinas
1646 536 1839 593 laudes
1896 543 2108 607 parato.

529 636 849 693 dormitorio
870 675 887 697 ,
910 634 1225 697 cenaculo,
1256 632 1515 699 claustro,
1550 644 1615 685 ac
1651 631 1908 699 capitulo,
1956 630 2109 687 omni

530 736 771 796 tempore
800 704 953 793 loqui
985 738 1089 778 non
1118 724 1350 781 deceat:
1384 721 1485 777 nisi
1517 736 1579 776 ea
1612 722 1677 776 ad
1707 736 1833 792 qua:
1860 720 2110 777 ordinata

527 824 655 873 sunt
682 816 799 873 loca
824 815 879 871 in
908 814 1159 881 laudibus
1188 814 1313 871 Dei:
1340 822 1399 873 ut
1416 812 1529 881 iam
1560 821 1612 868 et
1634 822 1851 883 tempus
1876 822 1936 869 et
1960 811 2111 871 locus

528 908 809 978 religionis
834 918 1028 967 vestra:
1054 906 1355 977 pradicant
1379 906 1764 973 sanctitatem,
1788 914 1849 964 et
1873 905 2113 975 loquaci—

530 1003 628 1059 bus
656 1002 1130 1073 compunctionem
1159 1001 1405 1070 ingeram
1423 1044 1437 1065 ,
1472 1008 1527 1053 ct
1552 999 1803 1067 intrandi
1828 999 1902 1063 ad
1928 999 2110 1059 socie-

528 1103 690 1161 tatem
714 1103 950 1149 vestram
974 1137 988 1159 ,
1012 1101 1198 1150 sancta
1220 1092 1493 1153 desideria
1518 1083 1781 1161 incitent;
1796 1100 1867 1155 et
1881 1092 2115 1161 allectus

529 1185 601 1247 ad
620 1186 870 1245 molestia
897 1193 1243 1257 moveantur.

1088 1312 1323 1375 CAPUT
1348 1316 1543 1373 XXll’l.

794 1430 870 1486 De
895 1431 1239 1503 refrenatione
1266 1430 1459 1505 (iugum
1484 1429 1535 1484 in
1567 1431 1845 1503 loquendo.

602 1567 977 1637 Nequaquam,
1004 1566 1361 1631 charissimam,
1385 1565 1619 1621 Iacobus
1653 1564 2119 1634 apostolusexpe-

532 1661 779 1716 rientiam
797 1668 1027 1731 poneret
1043 1660 1321 1737 religionis
1334 1660 1388 1714 iu
1402 1660 1766 1721 refrenatiouc
1780 1660 1995 1729 linguae,
2013 1658 2117 1714 nisi

1545 230 1605 287 S.
1648 227 2034 285 lllERONYIl
2073 226 2356 293 OPBRUII
2396 225 2763 284 MANTISSA.

522 366 801 427 omnes
827 366 886 417 et
915 359 1108 426 lingua
1137 354 1307 409 Deum
1359 350 1614 409 laudandi
1644 350 1977 409 concedatur
2016 365 2113 418 θρα
2138 351 2188 411 Α

3697 226 3806 285 Hi

2774 340 3001 401 caper
3043 342 3230 425 xx1v.

2563 437 2643 499 De
2654 438 2913 501 Carmania
2935 438 3157 492 marium
3175 437 3440 513 fugienda.
3508 476 3522 485 η.

2274 540 2516 604 Credite,
2546 539 2913 607 charissim,
2940 538 3147 609 credite
3178 539 3296 601 seni
3324 554 3465 609 pene
3498 540 3688 605 munia
3718 556 3808 599 ex-

2214 644 2402 700 perto:
2438 649 2546 695 non
2593 641 2822 704 possunt
2862 631 3043 687 claudi
3073 646 3269 691 sensus
3306 633 3474 695 vestri
3502 634 3806 705 extrinseci

2213 728 2267 793 in
2297 727 2615 791 tumultibus
2642 727 2943 791 hominum.
2972 725 3029 783 Si
3062 726 3215 783 color
3255 734 3572 797 opponatur
3604 730 3769 791 oculo
3792 771 3807 797 ,

2213 834 2549 890 nequaquam
2576 826 2755 891 potest
2792 833 2898 873 non
2914 816 3096 879 videre
3109 818 3333 887 oculus:
3354 818 3676 891 sicetauris
3701 836 3808 879 non

2214 914 2700 979 audirem”
2716 921 2927 983 potest:
2951 910 3180 981 uisoque
3206 911 3260 981 in
3288 910 3507 973 silentio
3527 920 3586 967 et
3600 914 3805 985 quiete,

2214 1006 2569 1077 cogitationes
2592 1020 2871 1076 perversa:
2906 1004 3165 1071 vitantur,
3192 1020 3318 1075 qua:
3357 1016 3614 1076 separant
3638 1021 3740 1063 nos
3780 1022 3813 1062 a

2219 1099 2350 1167 Deo.
2384 1098 2676 1168 Propterea
2707 1096 2897 1159 hortor
2946 1110 3044 1157 vos
3080 1105 3140 1151 et
3167 1110 3399 1165 moueo,
3446 1106 3509 1157 ut
3556 1112 3667 1154 non
3701 1098 3809 1157 nisi

2216 1203 2524 1253 sanctarum
2570 1193 2830 1255 utentium
2879 1191 3068 1249 audire
3095 1191 3261 1248 verba
3292 1192 3471 1251 velitis
3500 1210 3515 1248 :
3546 1209 3676 1251 non
3706 1194 3814 1250 nisi

2219 1286 2441 1355 pudicas
2464 1294 2523 1343 ct
2556 1285 2813 1343 honestas
2846 1284 3018 1341 facies
3046 1299 3180 1356 quos
3202 1296 3489 1349 macerant
3508 1296 3704 1351 saneta
3731 1287 3816 1357 je-

2213 1378 2383 1448 jnoia,
2414 1380 2569 1441 liceat
2601 1379 2822 1441 intueri.
2854 1378 2947 1434 Sic
2970 1393 3124 1441 rarus
3145 1378 3233 1435 vir
3253 1389 3511 1449 appareat
3536 1397 3548 1434 :
3576 1379 3663 1435 sic
3685 1396 3817 1436 rara

2218 1472 2286 1533 de
2325 1476 2441 1531 viro
2475 1473 2677 1528 mentio
2714 1471 3004 1537 habeatur,
3034 1480 3097 1531 ut
3146 1471 3397 1541 puellulae
3442 1483 3641 1528 vestrae
3670 1488 3818 1546 pene

2224 1564 2429 1625 virilem
2464 1580 2656 1623 sexum
2700 1565 2971 1634 ignorent.
3006 1563 3124 1620 Non
3153 1562 3354 1627 animal
3394 1575 3545 1622 certe
3590 1580 3820 1627 mascu-

2221 1658 2327 1713 lum
2356 1657 2591 1719 cmuohii
2622 1657 2821 1717 limites
2846 1665 3109 1722 transeat,
3136 1666 3201 1715 ut
3222 1657 3405 1717 omnis
3446 1666 3628 1723 cesset
3657 1671 3821 1713 occa-

531 1764 685 1808 certo
706 1754 875 1808 sciret
898 1752 1118 1819 iudicio,
1138 1754 1281 1825 quod
1306 1766 1455 1813 mors
1476 1766 1527 1819 et
1552 1753 1660 1811 vita
1684 1761 1767 1807 est
1793 1752 1845 1807 in
1872 1752 2116 1811 manibus
2148 1740 2195 1813 Β
2221 1750 2303 1805 sio
2329 1749 2581 1820 loquendi
2606 1748 2678 1805 de
2710 1749 2972 1806 maribus.
2990 1748 3090 1805 .Sic
3118 1747 3336 1819 pudica,
3366 1751 3620 1829 siccasta
3648 1750 3821 1805 verba

533 1845 749 1917 linguae.
767 1846 921 1913 Nam,
942 1846 1212 1914 ntinnuit,
1228 1862 1347 1901 cum
1365 1848 1477 1914 ipsa
1500 1844 1865 1901 benedicimus
1883 1847 2118 1901 ettnale-

536 1939 764 2005 dicimus
791 1940 984 1995 Deum.
1016 1939 1311 2008 Propterea
1337 1950 1458 2010 post
1482 1938 1673 2005 multa,
1699 1955 1819 2007 qua:
1848 1938 2116 2011 delingua

533 2032 1014 2109 pronuntiaverat,
1062 2032 1350 2101 quamdam
1380 2046 1450 2091 ex
1481 2016 1731 2091 omnibus
1766 2029 1927 2091 dictis
1954 2046 2119 2100 gene-

534 2124 702 2181 ralem
735 2124 1141 2183 conclusioncm
1174 2123 1364 2185 infert;
1384 2123 2115 2197 Quicumque,inquit,refre-

535 2225 621 2268 nat
636 2214 1050 2284 linguamauam,
1072 2215 1153 2273 hic
1170 2216 1348 2270 beatus
1363 2216 1415 2269 in
1435 2216 1569 2286 [acto
1583 2231 1675 2269 suo
1686 2216 1807 2273 erit.
1822 2214 1961 2275 Ecce
1976 2215 2118 2284 quod

536 2307 590 2377 in
642 2296 1237 2379 refrenationeilingua:
1282 2307 1561 2363 beatitudo
1586 2309 1842 2381 ponitur:
1874 2316 1932 2371 ut
1963 2307 2120 2365 detur

536 2394 769 2473 intelligi
799 2401 942 2472 quod
968 2401 1022 2456 itt
1052 2401 1401 2470 ntultiloquio
1434 2401 1595 2466 Deus,
1619 2401 1705 2471 qui
1739 2409 1820 2469 est
1845 2399 2121 2471 beatitudo

538 2506 756 2561 nostra,
789 2492 979 2548 haberi
1009 2503 1063 2547 et
1091 2492 1452 2562 contemplari
1488 2507 1592 2557 non
1626 2502 1828 2565 potest.
1862 2490 2121 2559 Refrena-

540 2586 617 2641 tio
640 2587 835 2656 lingua:
868 2596 985 2651 est,
1019 2601 1140 2639 cunt
1173 2585 1368 2655 linguzr
1391 2601 1509 2654 qua:
1550 2600 1615 2638 ex
1642 2585 1723 2639 sui
1753 2584 1881 2638 vitio
1908 2600 2123 2655 semper

540 2696 710 2751 prona
740 2688 823 2734 est
852 2679 920 2733 ad
944 2679 1232 2743 mendacia
1256 2679 1428 2751 '(unde
1451 2689 1503 2732 et
1529 2679 1814 2737 mendaces
1843 2662 2125 2749 appellati?

540 2781 626 2827 tur
664 2772 944 2841 homines,
974 2782 1030 2841 et
1056 2772 1179 2825 vani
1212 2770 1305 2825 lilii
1353 2769 1659 2843 hominum)
1704 2780 1801 2841 aut
1846 2771 2123 2827 silentium

544 2866 861 2939 imponitur,
898 2854 1044 2921 ne'in
1076 2856 1480 2937 disylicentiam
1510 2864 1607 2921 Dei
1640 2881 1990 2937 prorumpere
2028 2881 2125 2919 au-

542 2958 705 3014 deat:
733 2970 826 3012 aut
876 2957 945 3014 ad
974 2960 1173 3015 bonum
1206 2972 1551 3027 exerceatur,
1587 2970 1644 3029 ut
1691 2960 1903 3016 divinas
1937 2961 2125 3021 laudes

542 3052 810 3109 exsolvat.

2224 1842 2444 1899 inomni
2477 1840 2751 1907 colloquio
2778 1853 2960 1899 Sancte
2996 1854 3304 1912 personent
3334 1858 3451 1911 ora,
3488 1852 3547 1901 ut
3584 1858 3820 1915 genera-

2225 1934 2385 1997 tionis
2430 1934 2622 1997 utodtts
2650 1945 2709 1991 et
2754 1944 2910 1992 ortus
2953 1934 3375 2004 juvencularuut
3418 1936 3589 2001 lateat
3627 1935 3821 1995 corda.

2222 2026 2351 2083 llaec
2382 2028 2623 2096 proiecto
2646 2037 2837 2083 catena
2870 2027 3070 2085 diaboli
3098 2036 3204 2090 est,
3237 2042 3400 2093 quam
3434 2027 3482 2089 si
3527 2028 3823 2083 abstuleri-

2223 2120 2291 2175 tis
2318 2120 2385 2177 de
2418 2121 2596 2181 medio
2619 2122 2808 2185 vestri,
2842 2136 2951 2177 non
2979 2121 3328 2179 extendendo
3348 2120 3581 2191 ,digiluut
3626 2122 3691 2177 ad
3738 2121 3826 2179 in-

2222 2217 2544 2288 quirendum
2568 2216 2756 2275 omnia
2784 2232 2881 2289 per
2904 2216 3277 2277 curiositatem
3309 2234 3320 2271 :
3352 2225 3412 2277 et
3434 2216 3714 2275 desieritis
3736 2216 3824 2272 lo-

2223 2310 2316 2378 qui
2340 2310 2489 2385 ψιοὰ
2519 2326 2626 2367 non
2660 2310 2881 2380 prodest
2907 2328 2919 2363 :
2950 2319 3004 2367 et
3034 2324 3133 2381 per
3163 2309 3321 2377 longa
3350 2308 3568 2375 silentia
3596 2324 3710 2375 non
3738 2308 3826 2365 in-

2226 2405 2479 2473 veniatur
2531 2415 2709 2471 vestra
2768 2404 3046 2471 voluntas,
3081 2412 3140 2456 ut
3190 2402 3485 2474 loquamini
3534 2417 3828 2469 sermones

2227 2497 2486 2563 inutiles:
2524 2506 2662 2551 tunc
2706 2496 2915 2553 orietur
2961 2496 3017 2549 in
3066 2494 3309 2559 tenebris
3354 2494 3443 2555 lux
3490 2504 3709 2565 vestra,
3768 2503 3830 2559 et

2227 2599 2387 2645 erunt
2433 2590 2669 2657 tenebrae
2711 2588 2850 2651 sicut
2898 2587 3154 2649 meridies
3183 2606 3194 2641 :
3227 2597 3284 2643 et
3311 2588 3419 2645 erit
3447 2586 3601 2648 vobis
3631 2603 3661 2641 a
3712 2587 3826 2643 Do-

2229 2685 2377 2749 mino
2402 2684 2641 2754 requies,
2673 2684 2886 2750 qualem
2912 2682 3143 2738 mundus
3167 2682 3274 2743 istc
3299 2698 3408 2741 non
3435 2684 3604 2741 novit.
3630 2684 3701 2747 Et
3722 2683 3828 2749 im-

2230 2775 2464 2845 plebitur
2485 2774 2863 2845 splendoribus
2882 2775 3057 2829 anima
3082 2786 3260 2831 vestra
3290 2792 3303 2829 :
3326 2789 3463 2846 quos
3493 2774 3825 2831 obtenebrao

2232 2878 2299 2923 ta:
2330 2878 2538 2929 mentes
2566 2866 2796 2938 caligine
2823 2868 3013 2923 saeculi
3041 2866 3452 2939 apprehendere
3479 2877 3780 2937 nequeunt.

2301 2959 2450 3019 Felix
2482 2959 2664 3027 itaque
2712 2958 2891 3015 anima
2938 2974 3080 3029 qua),
3115 2971 3302 3031 spreto
3350 2944 3568 3021 turbine
3598 2959 3824 3031 smculi,

2233 3052 2603 3125 pertransiws
2629 3050 2877 3123 corporis
2902 3051 3138 3119 claustra
3161 3095 3175 3119 ,
3208 3050 3353 3105 illius
3375 3065 3602 3105 summa:
3644 3058 3701 3106 et
3744 3050 3829 3105 in-

614 3144 702 3199 Sic
732 3134 913 3216 igitur,
936 3142 1275 3227 .Charissitttze
1307 3154 1362 3201 et
1386 3145 1753 3217 dilectissimi!)
1787 3136 1945 3213 filim,
1995 3156 2129 3204 tem-
2154 3133 2199 3193 C
2232 3145 2736 3219 comprehensibilis
2778 3144 2915 3199 lucis
2948 3152 3125 3213 potest
3169 3143 3395 3215 aliquali
3428 3143 3687 3201 illustrari
3735 3160 3831 3200 ra-

544 3237 767 3309 poribus
789 3232 987 3309 quibus
1006 3248 1297 3307 promatur
1316 3238 1712 3315 opportunitas,
1744 3249 1799 3294 ut
1818 3240 1989 3307 beate
2012 3256 2132 3311 esse

546 3328 767 3401 possitis
788 3371 803 3395 ,
832 3330 1041 3400 linguas
1071 3330 1287 3385 domate
1311 3371 1327 3400 ,
1360 3346 1434 3401 ne
1462 3341 1849 3391 convertantur
1890 3332 1956 3401 ad
1990 3334 2133 3405 lites,

548 3422 833 3494 nejurgia,
863 3423 1257 3492 contentiones,
1286 3422 1456 3488 rixas,
1478 3434 1537 3483 et
1559 3424 1810 3483 scandala
1836 3406 2133 3493 resonent:

546 3534 616 3572 ne
653 3516 998 3595 juramentax,
1042 3533 1117 3585 ne
1144 3516 1537 3587 blasphemas,
1596 3535 1661 3577 ne
1706 3519 2035 3589 opprobria,
2084 3527 2138 3589 et

548 3608 779 3664 aliorum
810 3606 1203 3681 displicentiam
1236 3610 1486 3679 prodant.
1513 3610 1674 3679 ,Quod
1705 3612 1749 3668 si
1785 3628 1851 3669 ex
1876 3611 2137 3681 inStinctu

552 3699 777 3766 diaboli,
807 3702 895 3769 qui
919 3717 1137 3771 semper
1154 3702 1456 3759 discordias
1483 3705 1734 3771 seminat,
1756 3705 1902 3769 inter
1924 3722 2140 3773 sorores

556 3791 690 3847 levis
739 3792 901 3845 etiam
941 3792 1208 3848 dissensio
1238 3804 1422 3863 exorta
1473 3795 1663 3860 fuerit,
1706 3799 1923 3866 penitus
1955 3798 2140 3867 statim

551 3899 651 3963 per
675 3878 1032 3953 abbatissam,
1056 3896 1145 3939 aut
1172 3902 1270 3957 per
1298 3888 1631 3960 episcopum,
1663 3891 1777 3949 sive
1786 3891 2139 3963 praepositum

556 3970 752 4032 domus
779 4020 792 4043 ,
826 3979 1063 4048 nequitia
1096 3980 1329 4047 elidatur
1353 3982 1403 4036 in
1435 3985 1675 4051 semine,
1709 3985 1779 4038 ita
1822 3996 1880 4043 ut
1916 3994 2144 4055 occasus

554 4070 687 4127 solis
720 4072 770 4125 in
801 4070 962 4126 domo
1000 4072 1091 4128 Dei
1139 4090 1245 4128 non
1295 4074 1532 4130 inveniat
1582 4076 1945 4143 iracundiam,
1980 4086 2036 4132 et
2065 4077 2145 4135 ira

548 4175 900 4235 convertatur
932 4170 981 4223 in
1015 4170 1195 4225 odium
1218 4212 1233 4239 ,
1281 4181 1335 4225 et
1358 4173 1559 4233 domus
1591 4175 1736 4244 pacis
1760 4174 1868 4244 jam
1890 4162 2147 4243 ebrioso-

552 4279 675 4335 rum
707 4263 973 4318 efﬁciatur
1001 4263 1245 4327 taberna.
1286 4264 1563 4329 Mendacia
1601 4282 1729 4324 vero
1766 4278 2037 4338 tamquam
2062 4268 2147 4324 itt-

552 4356 773 4425 .fcruum
802 4356 1079 4428 expellite.
1106 4354 1332 4428 Semper
1370 4371 1551 4416 autem
1579 4359 1759 4419 divina
1799 4360 2012 4425 officia,
2056 4368 2148 4431 aut

555 4462 837 4529 sacrorum
864 4448 1110 4516 codicum
1138 4449 1302 4515 verba
1328 4491 1342 4515 ,
1381 4460 1491 4504 tam
1537 4452 1675 4517 inter
1704 4468 1945 4531 sorores,
1982 4466 2143 4525 quam

558 4541 719 4597 etiam
754 4541 892 4596 inter
920 4538 1268 4605 advenientes
1294 4534 1629 4611 deducantur
1660 4544 1711 4598 in
1743 4543 1999 4601 medium.

633 4637 686 4693 Si
708 4636 925 4706 quando
947 4635 1275 4703 mulierculae
1296 4637 1361 4691 de
1385 4637 1514 4705 viris
1534 4638 1797 4709 propriis,
1818 4640 1887 4699 de
1911 4640 2054 4705 filiis,
2079 4640 2147 4709 de

558 4730 833 4797 vestibus,
864 4730 942 4795 Ade
972 4730 1165 4791 mundi
1191 4729 1537 4796 vanitatibus,
1556 4732 1888 4802 garrulando
1912 4733 2151 4803 loquaci-

564 4834 766 4894 tentur,
790 4832 849 4881 ut
880 4825 1045 4878 moris
1074 4834 1190 4883 est:
1217 4825 1300 4885 eis
1312 4840 1445 4891 mox
1465 4826 1627 4882 verba
1654 4826 1990 4899 frangantur,
2020 4844 2149 4897 mox

562 4920 791 4974 otiosum
842 4917 1067 4975 verbum
1112 4928 1168 4974 et
1206 4920 1455 4977 nocivum
1486 4919 1669 4977 divino
1697 4910 1853 4981 cedat
1882 4924 2151 4993 sermoni.

566 5010 621 5067 Si
657 5010 897 5065 divinum
942 5010 1209 5067 introduci
1254 5026 1358 5065 non
1415 5014 1617 5082 poterit
1650 5014 1739 5079 tali
1760 5015 2035 5087 colloquio
2064 5034 2073 5069 :
2100 5017 2153 5085 in

566 5103 981 5161 detestationem
1001 5104 1243 5160 criminis
1270 5104 1507 5163 fenestra
1534 5105 1814 5163 claudatur
1838 5108 1889 5173 in
1920 5108 2111 5164 facient
2132 5125 2151 5179 ⁷ε

562 5209 626 5267 ,ει
656 5197 814 5275 velox
843 5198 960 5269 fuga
987 5207 1215 5254 testetur
1238 5201 1579 5257 sanctitatem
1611 5202 1979 5259 intrinsccam.
2011 5202 2152 5257 Nihil

569 5295 751 5367 itaque
772 5309 873 5365 per
903 5294 1173 5349 exteriora
1196 5296 1446 5369 corporis
1472 5298 1697 5367 intrans,
1732 5310 1968 5355 mentem
2008 5301 2155 5371 cogi-

565 5387 865 5447 tationibus
892 5388 1162 5453 molestet,
1196 5404 1319 5444 cum
1362 5390 1562 5445 divinae
1591 5394 2033 5467 contemplationi
2065 5410 2157 5451 cx-

572 5484 811 5555 ponitur.
846 5481 992 5537 Raro
1018 5481 1283 5551 cogitatur
1330 5481 1383 5549 in
1424 5495 1627 5557 mente,
1676 5486 1819 5555 quod
1866 5487 2166 5545 exteriores

571 5593 769 5633 sensus
814 5592 923 5631 non
976 5574 1213 5631 mittunt.
1253 5574 1345 5631 flze
1390 5586 1517 5632 snnt
1558 5576 1844 5645 fenestrae,
1897 5578 2013 5639 ltazc
2042 5589 2169 5643 sunt

574 5673 732 5741 ostia,
766 5685 885 5744 qua:
919 5670 964 5725 si
990 5669 1172 5724 clausa
1207 5685 1312 5724 non
1346 5668 1569 5738 fuerint,
1600 5673 1947 5745 morti‘ptttet
1975 5673 2171 5739 introi-

576 5770 665 5820 tus
691 5780 703 5819 :
733 5775 788 5823 et
815 5779 921 5831 non
953 5762 1057 5818 nisi
1086 5760 1303 5821 funeste
1323 5761 1645 5833 ingreditur.

2168 4531 2227 4619 λ)
2250 4539 2487 4609 hiscum.

2236 3238 2345 3301 dio.
2371 3237 2461 3307 Sic
2498 3237 2679 3304 dulce,
2702 3239 2782 3292 sic
2813 3236 3117 3309 jucundum
3148 3247 3230 3305 est
3258 3238 3532 3305 solatium,
3562 3237 3704 3310 quod
3734 3238 3835 3295 de—

2237 3330 2468 3399 spiciant
2500 3332 2749 3399 protinus
2776 3341 2968 3385 cuncta
3016 3342 3256 3399 terrena.
3289 3333 3437 3393 Mors
3465 3332 3835 3399 formidabilis

2240 3425 2507 3481 universis
2530 3424 2898 3480 animantibus
2926 3432 3092 3487 terra
3128 3434 3356 3495 optatur
3384 3440 3484 3495 pro
3526 3425 3702 3495 gloria
3722 3468 3736 3491 ,
3776 3435 3838 3479 ttt

2240 3517 2517 3589 limpidius
2560 3517 2721 3581 liceat
2754 3517 2951 3576 intueri
2986 3536 2997 3571 :
3030 3519 3173 3589 quod
3208 3518 3420 3591 modica
3453 3519 3587 3585 hora
3620 3518 3833 3582 visum,

2243 3622 2349 3673 tato
2397 3610 2716 3679 delectabile
2762 3620 2817 3666 et
2854 3609 3156 3682 jucundum
3204 3612 3462 3666 sentitur.
3515 3609 3606 3666 Sic
3649 3611 3840 3682 itaque

2242 3703 2408 3776 agite,
2440 3703 2818 3773 rharissritnzc,
2868 3703 3165 3771 adimpletc
3213 3720 3333 3775 (illa:
3365 3703 3497 3777 estis
3522 3703 3835 3772 professae:

2242 3797 2495 3869 gaudete,
2529 3799 2651 3866 quia
2688 3798 2935 3863 potestis.
2969 3796 3084 3857 Non
3117 3812 3216 3853 vos
3254 3799 3386 3867 viri,
3437 3812 3543 3853 non
3578 3798 3838 3863 filiorum,

2246 3906 2351 3947 non
2401 3882 2756 3956 supellectilis
2788 3906 2939 3957 cura,
2969 3909 3072 3951 noti
3117 3900 3372 3953 caeterum
3422 3891 3674 3946 maritale
3702 3907 3841 3947 onus

2246 3985 2521 4051 tnolestat.
2569 3984 2853 4041 llominum
2895 3987 3170 4041 consortia
3201 3986 3278 4039 sic
3319 3984 3521 4055 fugite:
3554 3987 3633 4040 sic
3666 4001 3843 4041 smcu-

2250 4077 2377 4131 Iaria
2426 4078 2605 4133 omnia
2652 4078 2940 4155 eXpellite,
2995 4087 3051 4132 ut
3081 4092 3422 4149 nequaquam
3457 4077 3746 4146 perveniat
3774 4077 3840 4132 ad

2248 4186 2345 4227 vos
2386 4172 2643 4243 quidquid
2672 4173 2847 4243 agitur
2876 4172 2927 4226 in
2958 4172 3177 4229 saeculo.
3213 4170 3378 4239 Solus
3402 4184 3635 4238 sponsus
3660 4180 3843 4225 vester

2250 4262 2517 4329 Christus,
2563 4265 2766 4323 strictis
2798 4264 2997 4319 vestris
3040 4261 3250 4319 fruatur
3290 4261 3654 4329 amplexibus.
3698 4262 3845 4317 Sola:

2250 4371 2370 4423 cum
2400 4358 2515 4412 solo
2543 4371 2765 4424 sponso,
2800 4365 2891 4410 aut
2918 4355 3245 4411 lectionibus
3275 4354 3479 4419 sacris,
3508 4364 3600 4429 aut
3636 4353 3847 4415 sanctis

2255 4447 2699 4504 meditationibus
2744 4463 2928 4504 secum
2980 4445 3408 4511 .confabulemini
3434 4488 3450 4517 ,
3483 4456 3538 4502 et
3585 4446 3701 4517 ipse
3745 4461 3849 4499 vo-

2827 4608 3054 4668 CAI’UT
3092 4608 3261 4666 XXV.

2360 4728 2439 4785 De
2465 4729 2717 4800 obsequiis
2751 4727 3434 4800 servitricumquwrentium
3460 4728 3661 4793 pictum
3696 4736 3745 4781 et

2746 4802 3034 4856 necessaria
3065 4799 3347 4855 sororibus.

2329 4917 2614 4989 Zelmypus
2638 4915 2860 4971 nimium
2889 4924 2971 4969 est
2993 4928 3228 4983 sponsus
3258 4920 3459 4976 vester,
3485 4910 3851 4979 charissimae,

2264 5010 2575 5066 nullatenus
2603 5008 2802 5079 patitur
2828 5021 3056 5078 sponsas
3092 5004 3321 5076 proferri
3354 5006 3406 5056 in
3434 5002 3707 5073 publicum
3738 5020 3751 5055 :
3786 5020 3857 5059 ne

2267 5103 2723 5173 concupiscuntur
2762 5102 2830 5155 ab
2861 5098 3195 5155 amatoribus
3229 5096 3436 5151 saeculi.
3472 5095 3694 5163 Semper
3737 5095 3863 5149 vult

2266 5197 2418 5253 solus
2460 5195 2647 5251 ludere
2670 5235 2684 5259 ,
2735 5207 2953 5263 semper
2984 5190 3133 5245 solus
3163 5206 3282 5244 cum
3317 5188 3449 5242 solis
3488 5186 3703 5256 sponsis
3735 5204 3860 5241 lth-

2268 5292 2380 5345 rari
2412 5287 2729 5343 desiderat:
2788 5286 3058 5340 neminem
3105 5283 3219 5337 vult
3255 5282 3545 5336 admittere
3599 5279 3667 5333 ad
3716 5282 3863 5335 sola-

2272 5384 2404 5438 tium
2434 5400 2447 5436 :
2482 5381 2549 5435 dc
2580 5379 2794 5435 cunctis
2822 5377 3033 5431 dubitat
3062 5395 3079 5447 γε
3108 5376 3175 5431 de
3205 5374 3351 5431 nullo
3377 5371 3627 5430 confidit.
3649 5374 3739 5430 Sic
3770 5390 3860 5429 ar-

2271 5490 2499 5546 rogans,
2552 5473 2630 5527 sic
2684 5474 2951 5543 superbus
2988 5480 3073 5525 est
3106 5483 3358 5539 sponsus,
3406 5465 3551 5536 quod
3605 5467 3650 5521 si
3697 5467 3862 5522 alium

2274 5568 2513 5641 quaeritis
2536 5576 2859 5626 amatorem,
2892 5562 3142 5635 protinus
3172 5558 3373 5616 recedit
3404 5577 3414 5611 :
3448 5560 3527 5612 sic
3556 5571 3860 5628 protervus,

2274 5665 2416 5737 quod
2448 5662 2699 5735 protinus
2742 5660 2993 5719 dissolvit
3036 5672 3197 5712 omne
3251 5654 3585 5727 coniugium.
3627 5653 3866 5717 Idcitco,

2277 5758 2512 5825 domina:
2552 5772 2735 5835 metu,
2765 5755 2887 5833 quia
2923 5768 3137 5825 spouszc
3184 5748 3394 5807 Domini
3428 5746 3534 5805 ntei
3584 5750 3741 5815 estis,
3777 5760 3871 5825 vos
