  <div class='ocr_page' id='page_1' title='image "/cluster/home/n/w/nwhite01/storage/ocr_20150623/30/uva.x000826572/214.png"; bbox 0 0 4050 6198; ppageno 0'>
   <div class='ocr_carea' id='block_1_1' title="bbox 162 273 263 331">
    <p class='ocr_par' dir='ltr' id='par_1_1' title="bbox 162 273 263 331">
     <span class='ocr_line' id='line_1_1' title="bbox 162 273 263 331; baseline 0.01 -1"><span class='ocrx_word' id='word_1_1' title='bbox 162 273 263 331; x_wconf 68' lang='grc'><strong>415</strong></span> 
     </span>
    </p>
   </div>
   <div class='ocr_carea' id='block_1_2' title="bbox 1384 260 2217 332">
    <p class='ocr_par' dir='ltr' id='par_1_2' title="bbox 1384 260 2217 332">
     <span class='ocr_line' id='line_1_2' title="bbox 1384 260 2217 332; baseline 0.002 -4"><span class='ocrx_word' id='word_1_2' title='bbox 1384 270 1669 330; x_wconf 79' lang='lat' dir='ltr'><strong>REGULA</strong></span> <span class='ocrx_word' id='word_1_3' title='bbox 1712 260 2217 332; x_wconf 68' lang='lat' dir='ltr'><strong>HONACIIARL‘M.</strong></span> 
     </span>
    </p>
   </div>
   <div class='ocr_carea' id='block_1_3' title="bbox 3337 271 3444 328">
    <p class='ocr_par' dir='ltr' id='par_1_3' title="bbox 3337 271 3444 328">
     <span class='ocr_line' id='line_1_3' title="bbox 3337 271 3444 328; baseline 0 -1"><span class='ocrx_word' id='word_1_4' title='bbox 3337 271 3444 328; x_wconf 67' lang='grc' dir='ltr'><strong>4η</strong></span> 
     </span>
    </p>
   </div>
   <div class='ocr_carea' id='block_1_4' title="bbox 161 376 3440 465">
    <p class='ocr_par' dir='ltr' id='par_1_4' title="bbox 161 376 3440 465">
     <span class='ocr_line' id='line_1_4' title="bbox 161 376 3440 465; baseline -0 -17"><span class='ocrx_word' id='word_1_5' title='bbox 161 385 309 465; x_wconf 83' lang='lat' dir='ltr'><strong>ipsas</strong></span> <span class='ocrx_word' id='word_1_6' title='bbox 339 395 487 451; x_wconf 92' lang='lat' dir='ltr'><strong>omni</strong></span> <span class='ocrx_word' id='word_1_7' title='bbox 529 394 771 451; x_wconf 88' lang='lat' dir='ltr'><strong>custodia</strong></span> <span class='ocrx_word' id='word_1_8' title='bbox 820 393 920 451; x_wconf 88' lang='lat' dir='ltr'><strong>sibi</strong></span> <span class='ocrx_word' id='word_1_9' title='bbox 967 390 1215 462; x_wconf 76' lang='lat' dir='ltr'><strong>Servate,</strong></span> <span class='ocrx_word' id='word_1_10' title='bbox 1244 384 1315 448; x_wconf 87' lang='lat' dir='ltr'><strong>ne</strong></span> <span class='ocrx_word' id='word_1_11' title='bbox 1364 404 1597 462; x_wconf 87' lang='lat' dir='ltr'><strong>sponsus</strong></span> <span class='ocrx_word' id='word_1_12' title='bbox 1618 376 1744 445; x_wconf 71' lang='lat' dir='ltr'><strong>tam</strong></span> <span class='ocrx_word' id='word_1_13' title='bbox 1775 386 1817 459; x_wconf 76' lang='grc' dir='ltr'><strong>Α</strong></span> <span class='ocrx_word' id='word_1_14' title='bbox 1850 394 1958 463; x_wconf 84' lang='lat' dir='ltr'><strong>regi</strong></span> <span class='ocrx_word' id='word_1_15' title='bbox 1984 380 2298 448; x_wconf 24' lang='lat' dir='ltr'><strong>et‘Domino</strong></span> <span class='ocrx_word' id='word_1_16' title='bbox 2321 436 2335 459; x_wconf 92' lang='lat'><strong>,</strong></span> <span class='ocrx_word' id='word_1_17' title='bbox 2367 394 2572 465; x_wconf 74' lang='lat' dir='ltr'><strong>reginae</strong></span> <span class='ocrx_word' id='word_1_18' title='bbox 2600 394 2861 465; x_wconf 69' lang='lat' dir='ltr'><strong>speciosm</strong></span> <span class='ocrx_word' id='word_1_19' title='bbox 2887 391 3232 448; x_wconf 87' lang='lat' dir='ltr'><strong>matrimonio</strong></span> <span class='ocrx_word' id='word_1_20' title='bbox 3271 406 3440 461; x_wconf 90' lang='lat' dir='ltr'><strong>copu-</strong></span> 
     </span>
    </p>
   </div>
   <div class='ocr_carea' id='block_1_5' title="bbox 160 480 1755 559">
    <p class='ocr_par' dir='ltr' id='par_1_5' title="bbox 160 480 1755 559">
     <span class='ocr_line' id='line_1_5' title="bbox 160 480 1755 559; baseline -0.001 -18"><span class='ocrx_word' id='word_1_21' title='bbox 160 480 336 543; x_wconf 87' lang='lat' dir='ltr'><strong>dulcis</strong></span> <span class='ocrx_word' id='word_1_22' title='bbox 365 497 649 559; x_wconf 77' lang='lat' dir='ltr'><strong>separetur</strong></span> <span class='ocrx_word' id='word_1_23' title='bbox 674 502 702 541; x_wconf 92' lang='lat' dir='ltr'><strong>a</strong></span> <span class='ocrx_word' id='word_1_24' title='bbox 726 486 899 543; x_wconf 84' lang='lat' dir='ltr'><strong>vobis.</strong></span> <span class='ocrx_word' id='word_1_25' title='bbox 928 487 1155 557; x_wconf 88' lang='lat' dir='ltr'><strong>Semper</strong></span> <span class='ocrx_word' id='word_1_26' title='bbox 1175 484 1308 542; x_wconf 85' lang='lat' dir='ltr'><strong>Dina</strong></span> <span class='ocrx_word' id='word_1_27' title='bbox 1330 497 1480 557; x_wconf 78' lang='lat' dir='ltr'><strong>egre:</strong></span> <span class='ocrx_word' id='word_1_28' title='bbox 1492 500 1547 539; x_wconf 89' lang='lat' dir='ltr'><strong>sa</strong></span> <span class='ocrx_word' id='word_1_29' title='bbox 1571 485 1755 540; x_wconf 88' lang='lat' dir='ltr'><strong>videre</strong></span> 
     </span>
    </p>
   </div>
   <div class='ocr_carea' id='block_1_6' title="bbox 160 574 1755 651">
    <p class='ocr_par' dir='ltr' id='par_1_6' title="bbox 160 574 1755 651">
     <span class='ocr_line' id='line_1_6' title="bbox 160 574 1755 651; baseline -0.002 -16"><span class='ocrx_word' id='word_1_30' title='bbox 160 574 298 635; x_wconf 86' lang='lat' dir='ltr'><strong>ﬁlias</strong></span> <span class='ocrx_word' id='word_1_31' title='bbox 328 581 561 651; x_wconf 77' lang='lat' dir='ltr'><strong>regionis</strong></span> <span class='ocrx_word' id='word_1_32' title='bbox 593 579 758 645; x_wconf 84' lang='lat' dir='ltr'><strong>illius,</strong></span> <span class='ocrx_word' id='word_1_33' title='bbox 784 594 882 635; x_wconf 92' lang='lat' dir='ltr'><strong>vos</strong></span> <span class='ocrx_word' id='word_1_34' title='bbox 912 589 1102 634; x_wconf 90' lang='lat' dir='ltr'><strong>cautas</strong></span> <span class='ocrx_word' id='word_1_35' title='bbox 1132 579 1297 633; x_wconf 79' lang='lat' dir='ltr'><strong>faciat</strong></span> <span class='ocrx_word' id='word_1_36' title='bbox 1327 577 1394 633; x_wconf 92' lang='lat' dir='ltr'><strong>de</strong></span> <span class='ocrx_word' id='word_1_37' title='bbox 1424 576 1671 648; x_wconf 85' lang='lat' dir='ltr'><strong>periculo</strong></span> <span class='ocrx_word' id='word_1_38' title='bbox 1694 576 1755 632; x_wconf 86' lang='lat' dir='ltr'><strong>il-</strong></span> 
     </span>
    </p>
   </div>
   <div class='ocr_carea' id='block_1_7' title="bbox 164 668 1754 739">
    <p class='ocr_par' dir='ltr' id='par_1_7' title="bbox 164 668 1754 739">
     <span class='ocr_line' id='line_1_7' title="bbox 164 668 1754 739; baseline -0.003 -9"><span class='ocrx_word' id='word_1_39' title='bbox 164 675 283 730; x_wconf 84' lang='lat' dir='ltr'><strong>lius.</strong></span> <span class='ocrx_word' id='word_1_40' title='bbox 312 674 369 731; x_wconf 87' lang='lat' dir='ltr'><strong>In</strong></span> <span class='ocrx_word' id='word_1_41' title='bbox 396 674 725 729; x_wconf 87' lang='lat' dir='ltr'><strong>monasterio</strong></span> <span class='ocrx_word' id='word_1_42' title='bbox 747 684 930 731; x_wconf 90' lang='lat' dir='ltr'><strong>vestro</strong></span> <span class='ocrx_word' id='word_1_43' title='bbox 956 673 1109 739; x_wconf 81' lang='lat' dir='ltr'><strong>velut</strong></span> <span class='ocrx_word' id='word_1_44' title='bbox 1136 674 1189 739; x_wconf 85' lang='lat' dir='ltr'><strong>in</strong></span> <span class='ocrx_word' id='word_1_45' title='bbox 1218 669 1458 727; x_wconf 86' lang='lat' dir='ltr'><strong>thalamo</strong></span> <span class='ocrx_word' id='word_1_46' title='bbox 1489 668 1754 727; x_wconf 87' lang='lat' dir='ltr'><strong>maneatis</strong></span> 
     </span>
    </p>
   </div>
   <div class='ocr_carea' id='block_1_8' title="bbox 162 758 881 843">
    <p class='ocr_par' dir='ltr' id='par_1_8' title="bbox 162 758 881 843">
     <span class='ocr_line' id='line_1_8' title="bbox 162 758 881 843; baseline 0.001 -22"><span class='ocrx_word' id='word_1_47' title='bbox 162 781 280 821; x_wconf 90' lang='lat' dir='ltr'><strong>cum</strong></span> <span class='ocrx_word' id='word_1_48' title='bbox 304 770 527 843; x_wconf 82' lang='lat' dir='ltr'><strong>sponso.</strong></span> <span class='ocrx_word' id='word_1_49' title='bbox 880 758 881 761; x_wconf 32' lang='grc'><em>“</em></span> 
     </span>
    </p>
   </div>
   <div class='ocr_carea' id='block_1_9' title="bbox 230 850 1751 914">
    <p class='ocr_par' dir='ltr' id='par_1_9' title="bbox 230 850 1751 914">
     <span class='ocr_line' id='line_1_9' title="bbox 230 850 1751 914; baseline -0.003 0"><span class='ocrx_word' id='word_1_50' title='bbox 230 859 393 914; x_wconf 82' lang='lat' dir='ltr'><strong>Extra</strong></span> <span class='ocrx_word' id='word_1_51' title='bbox 436 858 757 914; x_wconf 81' lang='lat' dir='ltr'><strong>monasterii</strong></span> <span class='ocrx_word' id='word_1_52' title='bbox 801 850 1003 914; x_wconf 80' lang='lat' dir='ltr'><strong>limites</strong></span> <span class='ocrx_word' id='word_1_53' title='bbox 1054 858 1191 914; x_wconf 90' lang='lat' dir='ltr'><strong>nulli</strong></span> <span class='ocrx_word' id='word_1_54' title='bbox 1241 858 1463 912; x_wconf 87' lang='lat' dir='ltr'><strong>omnino</strong></span> <span class='ocrx_word' id='word_1_55' title='bbox 1508 854 1751 911; x_wconf 83' lang='lat' dir='ltr'><strong>vestrum</strong></span> 
     </span>
    </p>
   </div>
   <div class='ocr_carea' id='block_1_10' title="bbox 160 949 1751 1024">
    <p class='ocr_par' dir='ltr' id='par_1_10' title="bbox 160 949 1751 1024">
     <span class='ocr_line' id='line_1_10' title="bbox 160 949 1751 1024; baseline -0.004 -15"><span class='ocrx_word' id='word_1_56' title='bbox 160 955 235 1009; x_wconf 88' lang='lat' dir='ltr'><strong>fas</strong></span> <span class='ocrx_word' id='word_1_57' title='bbox 260 957 330 1011; x_wconf 89' lang='lat' dir='ltr'><strong>sit</strong></span> <span class='ocrx_word' id='word_1_58' title='bbox 362 954 719 1024; x_wconf 79' lang='lat' dir='ltr'><strong>pertransire.</strong></span> <span class='ocrx_word' id='word_1_59' title='bbox 748 953 873 1010; x_wconf 67' lang='lat' dir='ltr'><strong>Huic</strong></span> <span class='ocrx_word' id='word_1_60' title='bbox 892 955 999 1021; x_wconf 72' lang='lat' dir='ltr'><strong>lex,</strong></span> <span class='ocrx_word' id='word_1_61' title='bbox 1024 952 1143 1008; x_wconf 68' lang='lat' dir='ltr'><strong>haec</strong></span> <span class='ocrx_word' id='word_1_62' title='bbox 1158 954 1376 1015; x_wconf 86' lang='lat' dir='ltr'><strong>norma,</strong></span> <span class='ocrx_word' id='word_1_63' title='bbox 1396 949 1518 1005; x_wconf 64' lang='lat' dir='ltr'><strong>haec</strong></span> <span class='ocrx_word' id='word_1_64' title='bbox 1538 963 1751 1004; x_wconf 88' lang='lat' dir='ltr'><strong>summa</strong></span> 
     </span>
    </p>
   </div>
   <div class='ocr_carea' id='block_1_11' title="bbox 159 1042 1752 1119">
    <p class='ocr_par' dir='ltr' id='par_1_11' title="bbox 159 1042 1752 1119">
     <span class='ocr_line' id='line_1_11' title="bbox 159 1042 1752 1119; baseline -0.004 -15"><span class='ocrx_word' id='word_1_65' title='bbox 159 1049 428 1119; x_wconf 78' lang='lat' dir='ltr'><strong>professio</strong></span> <span class='ocrx_word' id='word_1_66' title='bbox 477 1048 727 1104; x_wconf 89' lang='lat' dir='ltr'><strong>omnibus</strong></span> <span class='ocrx_word' id='word_1_67' title='bbox 766 1046 924 1104; x_wconf 87' lang='lat' dir='ltr'><strong>vobis</strong></span> <span class='ocrx_word' id='word_1_68' title='bbox 956 1066 969 1115; x_wconf 83' lang='lat'>;</span> <span class='ocrx_word' id='word_1_69' title='bbox 1004 1050 1062 1102; x_wconf 84' lang='lat' dir='ltr'><strong>ut</strong></span> <span class='ocrx_word' id='word_1_70' title='bbox 1093 1061 1213 1116; x_wconf 64' lang='lat' dir='ltr'><strong>quae</strong></span> <span class='ocrx_word' id='word_1_71' title='bbox 1254 1042 1427 1100; x_wconf 81' lang='lat' dir='ltr'><strong>semel</strong></span> <span class='ocrx_word' id='word_1_72' title='bbox 1462 1042 1752 1098; x_wconf 81' lang='lat' dir='ltr'><strong>intraverit</strong></span> 
     </span>
    </p>
   </div>
   <div class='ocr_carea' id='block_1_12' title="bbox 156 1132 1749 1210">
    <p class='ocr_par' dir='ltr' id='par_1_12' title="bbox 156 1132 1749 1210">
     <span class='ocr_line' id='line_1_12' title="bbox 156 1132 1749 1210; baseline -0.005 -14"><span class='ocrx_word' id='word_1_73' title='bbox 156 1156 220 1196; x_wconf 82' lang='lat' dir='ltr'><strong>ex</strong></span> <span class='ocrx_word' id='word_1_74' title='bbox 250 1141 539 1197; x_wconf 81' lang='lat' dir='ltr'><strong>sorOribus</strong></span> <span class='ocrx_word' id='word_1_75' title='bbox 560 1186 575 1209; x_wconf 93' lang='lat'><strong>,</strong></span> <span class='ocrx_word' id='word_1_76' title='bbox 627 1154 917 1210; x_wconf 83' lang='lat' dir='ltr'><strong>numquam</strong></span> <span class='ocrx_word' id='word_1_77' title='bbox 944 1183 959 1206; x_wconf 91' lang='lat'><strong>,</strong></span> <span class='ocrx_word' id='word_1_78' title='bbox 993 1139 1035 1193; x_wconf 91' lang='lat' dir='ltr'><strong>si</strong></span> <span class='ocrx_word' id='word_1_79' title='bbox 1071 1138 1187 1192; x_wconf 85' lang='lat' dir='ltr'><strong>ﬁeri</strong></span> <span class='ocrx_word' id='word_1_80' title='bbox 1216 1144 1418 1206; x_wconf 83' lang='lat' dir='ltr'><strong>potest,</strong></span> <span class='ocrx_word' id='word_1_81' title='bbox 1453 1136 1605 1190; x_wconf 74' lang='lat' dir='ltr'><strong>exire</strong></span> <span class='ocrx_word' id='word_1_82' title='bbox 1634 1132 1749 1203; x_wconf 61' lang='lat' dir='ltr'><strong>pef-</strong></span> 
     </span>
    </p>
   </div>
   <div class='ocr_carea' id='block_1_13' title="bbox 156 1224 1749 1300">
    <p class='ocr_par' dir='ltr' id='par_1_13' title="bbox 156 1224 1749 1300">
     <span class='ocr_line' id='line_1_13' title="bbox 156 1224 1749 1300; baseline -0.004 -12"><span class='ocrx_word' id='word_1_83' title='bbox 156 1233 422 1290; x_wconf 88' lang='lat' dir='ltr'><strong>mittatur.</strong></span> <span class='ocrx_word' id='word_1_84' title='bbox 450 1234 568 1290; x_wconf 82' lang='lat' dir='ltr'><strong>Non</strong></span> <span class='ocrx_word' id='word_1_85' title='bbox 599 1234 761 1289; x_wconf 90' lang='lat' dir='ltr'><strong>etiam</strong></span> <span class='ocrx_word' id='word_1_86' title='bbox 785 1232 1043 1288; x_wconf 83' lang='lat' dir='ltr'><strong>mulieres</strong></span> <span class='ocrx_word' id='word_1_87' title='bbox 1074 1230 1179 1286; x_wconf 66' lang='lat' dir='ltr'><strong>ilia:</strong></span> <span class='ocrx_word' id='word_1_88' title='bbox 1200 1244 1321 1300; x_wconf 67' lang='lat' dir='ltr'><strong>quae</strong></span> <span class='ocrx_word' id='word_1_89' title='bbox 1348 1228 1627 1298; x_wconf 82' lang='lat' dir='ltr'><strong>religiOnis</strong></span> <span class='ocrx_word' id='word_1_90' title='bbox 1646 1224 1749 1282; x_wconf 79' lang='lat' dir='ltr'><strong>ha-</strong></span> 
     </span>
    </p>
   </div>
   <div class='ocr_carea' id='block_1_14' title="bbox 154 1318 1745 1396">
    <p class='ocr_par' dir='ltr' id='par_1_14' title="bbox 154 1318 1745 1396">
     <span class='ocr_line' id='line_1_14' title="bbox 154 1318 1745 1396; baseline -0.007 -13"><span class='ocrx_word' id='word_1_91' title='bbox 154 1327 326 1383; x_wconf 90' lang='lat' dir='ltr'><strong>bitum</strong></span> <span class='ocrx_word' id='word_1_92' title='bbox 359 1335 595 1396; x_wconf 83' lang='lat' dir='ltr'><strong>gestant,</strong></span> <span class='ocrx_word' id='word_1_93' title='bbox 630 1330 685 1381; x_wconf 84' lang='lat' dir='ltr'><strong>et</strong></span> <span class='ocrx_word' id='word_1_94' title='bbox 711 1332 840 1381; x_wconf 86' lang='lat' dir='ltr'><strong>voto</strong></span> <span class='ocrx_word' id='word_1_95' title='bbox 862 1323 1113 1393; x_wconf 70' lang='lat' dir='ltr'><strong>obligata:</strong></span> <span class='ocrx_word' id='word_1_96' title='bbox 1146 1332 1447 1377; x_wconf 85' lang='lat' dir='ltr'><strong>noscuntur</strong></span> <span class='ocrx_word' id='word_1_97' title='bbox 1471 1318 1745 1387; x_wconf 72' lang='lat' dir='ltr'><strong>ctenobio,</strong></span> 
     </span>
    </p>
   </div>
   <div class='ocr_carea' id='block_1_15' title="bbox 155 1414 1745 1492">
    <p class='ocr_par' dir='ltr' id='par_1_15' title="bbox 155 1414 1745 1492">
     <span class='ocr_line' id='line_1_15' title="bbox 155 1414 1745 1492; baseline -0.006 -15"><span class='ocrx_word' id='word_1_98' title='bbox 155 1439 249 1492; x_wconf 90' lang='lat' dir='ltr'><strong>per</strong></span> <span class='ocrx_word' id='word_1_99' title='bbox 268 1421 541 1477; x_wconf 84' lang='lat' dir='ltr'><strong>civitatem</strong></span> <span class='ocrx_word' id='word_1_100' title='bbox 572 1429 626 1475; x_wconf 90' lang='lat' dir='ltr'><strong>et</strong></span> <span class='ocrx_word' id='word_1_101' title='bbox 646 1420 816 1489; x_wconf 88' lang='lat' dir='ltr'><strong>vicos,</strong></span> <span class='ocrx_word' id='word_1_102' title='bbox 859 1420 1033 1472; x_wconf 91' lang='lat' dir='ltr'><strong>victus</strong></span> <span class='ocrx_word' id='word_1_103' title='bbox 1061 1428 1114 1473; x_wconf 88' lang='lat' dir='ltr'><strong>et</strong></span> <span class='ocrx_word' id='word_1_104' title='bbox 1144 1414 1451 1472; x_wconf 86' lang='lat' dir='ltr'><strong>necessaria</strong></span> <span class='ocrx_word' id='word_1_105' title='bbox 1476 1420 1745 1485; x_wconf 65' lang='lat' dir='ltr'><strong>quiet-ant.</strong></span> 
     </span>
    </p>
   </div>
   <div class='ocr_carea' id='block_1_16' title="bbox 156 1504 1742 1584">
    <p class='ocr_par' dir='ltr' id='par_1_16' title="bbox 156 1504 1742 1584">
     <span class='ocr_line' id='line_1_16' title="bbox 156 1504 1742 1584; baseline -0.006 -15"><span class='ocrx_word' id='word_1_106' title='bbox 156 1515 245 1569; x_wconf 73' lang='lat' dir='ltr'><strong>Ha:</strong></span> <span class='ocrx_word' id='word_1_107' title='bbox 269 1513 537 1584; x_wconf 86' lang='lat' dir='ltr'><strong>siquidem</strong></span> <span class='ocrx_word' id='word_1_108' title='bbox 568 1521 722 1567; x_wconf 79' lang='lat' dir='ltr'><strong>extra</strong></span> <span class='ocrx_word' id='word_1_109' title='bbox 742 1522 1031 1565; x_wconf 75' lang='lat' dir='ltr'><strong>manentes</strong></span> <span class='ocrx_word' id='word_1_110' title='bbox 1061 1510 1115 1563; x_wconf 75' lang='lat' dir='ltr'><strong>i’n</strong></span> <span class='ocrx_word' id='word_1_111' title='bbox 1148 1509 1330 1578; x_wconf 90' lang='lat' dir='ltr'><strong>aliqua</strong></span> <span class='ocrx_word' id='word_1_112' title='bbox 1361 1518 1514 1577; x_wconf 91' lang='lat' dir='ltr'><strong>parte</strong></span> <span class='ocrx_word' id='word_1_113' title='bbox 1538 1504 1742 1572; x_wconf 79' lang='lat' dir='ltr'><strong>locelli,</strong></span> 
     </span>
    </p>
   </div>
   <div class='ocr_carea' id='block_1_17' title="bbox 154 1597 1745 1668">
    <p class='ocr_par' dir='ltr' id='par_1_17' title="bbox 154 1597 1745 1668">
     <span class='ocr_line' id='line_1_17' title="bbox 154 1597 1745 1668; baseline -0.006 -7"><span class='ocrx_word' id='word_1_114' title='bbox 154 1621 275 1661; x_wconf 86' lang='lat' dir='ltr'><strong>cum</strong></span> <span class='ocrx_word' id='word_1_115' title='bbox 304 1604 450 1659; x_wconf 90' lang='lat' dir='ltr'><strong>omni</strong></span> <span class='ocrx_word' id='word_1_116' title='bbox 481 1602 769 1659; x_wconf 71' lang='lat' dir='ltr'><strong>sanctitate</strong></span> <span class='ocrx_word' id='word_1_117' title='bbox 813 1612 868 1659; x_wconf 89' lang='lat' dir='ltr'><strong>et</strong></span> <span class='ocrx_word' id='word_1_118' title='bbox 904 1600 1168 1657; x_wconf 83' lang='lat' dir='ltr'><strong>modestia</strong></span> <span class='ocrx_word' id='word_1_119' title='bbox 1194 1597 1576 1653; x_wconf 77' lang='lat' dir='ltr'><strong>administrent</strong></span> <span class='ocrx_word' id='word_1_120' title='bbox 1624 1612 1745 1668; x_wconf 64' lang='lat' dir='ltr'><strong>quae</strong></span> 
     </span>
    </p>
   </div>
   <div class='ocr_carea' id='block_1_18' title="bbox 154 1688 1748 1769">
    <p class='ocr_par' dir='ltr' id='par_1_18' title="bbox 154 1688 1748 1769">
     <span class='ocr_line' id='line_1_18' title="bbox 154 1688 1748 1769; baseline -0.006 -16"><span class='ocrx_word' id='word_1_121' title='bbox 154 1688 290 1769; x_wconf 79' lang='lat' dir='ltr'><strong>upus</strong></span> <span class='ocrx_word' id='word_1_122' title='bbox 312 1704 439 1753; x_wconf 77' lang='lat' dir='ltr'><strong>Sunt</strong></span> <span class='ocrx_word' id='word_1_123' title='bbox 467 1697 640 1759; x_wconf 85' lang='lat' dir='ltr'><strong>vobis,</strong></span> <span class='ocrx_word' id='word_1_124' title='bbox 663 1704 968 1765; x_wconf 68' lang='lat' dir='ltr'><strong>receptum</strong></span> <span class='ocrx_word' id='word_1_125' title='bbox 991 1710 1115 1749; x_wconf 86' lang='lat' dir='ltr'><strong>cum</strong></span> <span class='ocrx_word' id='word_1_126' title='bbox 1141 1691 1350 1747; x_wconf 64' lang='lat' dir='ltr'><strong>Hartha</strong></span> <span class='ocrx_word' id='word_1_127' title='bbox 1378 1700 1582 1745; x_wconf 87' lang='lat' dir='ltr'><strong>sortem</strong></span> <span class='ocrx_word' id='word_1_128' title='bbox 1608 1704 1748 1744; x_wconf 87' lang='lat' dir='ltr'><strong>mer-</strong></span> 
     </span>
    </p>
   </div>
   <div class='ocr_carea' id='block_1_19' title="bbox 1855 482 3444 554">
    <p class='ocr_par' dir='ltr' id='par_1_19' title="bbox 1855 482 3444 554">
     <span class='ocr_line' id='line_1_19' title="bbox 1855 482 3444 554; baseline 0 -14"><span class='ocrx_word' id='word_1_129' title='bbox 1855 485 1997 551; x_wconf 79' lang='lat' dir='ltr'><strong>la‘tae,</strong></span> <span class='ocrx_word' id='word_1_130' title='bbox 2044 486 2226 554; x_wconf 90' lang='lat' dir='ltr'><strong>ipsum</strong></span> <span class='ocrx_word' id='word_1_131' title='bbox 2254 530 2269 551; x_wconf 96' lang='lat'><strong>,</strong></span> <span class='ocrx_word' id='word_1_132' title='bbox 2296 486 2595 542; x_wconf 87' lang='lat' dir='ltr'><strong>dummodo</strong></span> <span class='ocrx_word' id='word_1_133' title='bbox 2614 482 2838 553; x_wconf 76' lang='lat' dir='ltr'><strong>‘veiitls,</strong></span> <span class='ocrx_word' id='word_1_134' title='bbox 2872 483 3079 542; x_wconf 85' lang='lat' dir='ltr'><strong>habere</strong></span> <span class='ocrx_word' id='word_1_135' title='bbox 3106 486 3390 540; x_wconf 89' lang='lat' dir='ltr'><strong>mcremini</strong></span> <span class='ocrx_word' id='word_1_136' title='bbox 3429 503 3444 539; x_wconf 89' lang='lat'><strong>:</strong></span> 
     </span>
    </p>
   </div>
   <div class='ocr_carea' id='block_1_20' title="bbox 1854 576 3443 653">
    <p class='ocr_par' dir='ltr' id='par_1_20' title="bbox 1854 576 3443 653">
     <span class='ocr_line' id='line_1_20' title="bbox 1854 576 3443 653; baseline 0.001 -24"><span class='ocrx_word' id='word_1_137' title='bbox 1854 582 2015 653; x_wconf 78' lang='lat' dir='ltr'><strong>quem</strong></span> <span class='ocrx_word' id='word_1_138' title='bbox 2060 578 2285 650; x_wconf 84' lang='lat' dir='ltr'><strong>angelici</strong></span> <span class='ocrx_word' id='word_1_139' title='bbox 2330 580 2550 647; x_wconf 80' lang='lat' dir='ltr'><strong>spiritus</strong></span> <span class='ocrx_word' id='word_1_140' title='bbox 2580 579 2765 635; x_wconf 84' lang='lat' dir='ltr'><strong>videre</strong></span> <span class='ocrx_word' id='word_1_141' title='bbox 2794 578 3199 648; x_wconf 85' lang='lat' dir='ltr'><strong>concupiscunt.</strong></span> <span class='ocrx_word' id='word_1_142' title='bbox 3236 576 3443 633; x_wconf 88' lang='lat' dir='ltr'><strong>Oincf-</strong></span> 
     </span>
    </p>
   </div>
   <div class='ocr_carea' id='block_1_21' title="bbox 1854 658 3443 747">
    <p class='ocr_par' dir='ltr' id='par_1_21' title="bbox 1854 658 3443 747">
     <span class='ocr_line' id='line_1_21' title="bbox 1854 658 3443 747; baseline -0.002 -21"><span class='ocrx_word' id='word_1_143' title='bbox 1854 671 2035 728; x_wconf 88' lang='lat' dir='ltr'><strong>fabilis</strong></span> <span class='ocrx_word' id='word_1_144' title='bbox 2064 658 2271 743; x_wconf 64' lang='lat' dir='ltr'><strong>gloria!</strong></span> <span class='ocrx_word' id='word_1_145' title='bbox 2298 666 2365 747; x_wconf 64' lang='lat' dir='ltr'><strong>In</strong></span> <span class='ocrx_word' id='word_1_146' title='bbox 2398 671 2571 743; x_wconf 77' lang='lat' dir='ltr'><strong>fragili</strong></span> <span class='ocrx_word' id='word_1_147' title='bbox 2603 672 2871 742; x_wconf 86' lang='lat' dir='ltr'><strong>siquidem</strong></span> <span class='ocrx_word' id='word_1_148' title='bbox 2903 682 3135 741; x_wconf 88' lang='lat' dir='ltr'><strong>corpore</strong></span> <span class='ocrx_word' id='word_1_149' title='bbox 3154 668 3329 723; x_wconf 85' lang='lat' dir='ltr'><strong>Deum</strong></span> <span class='ocrx_word' id='word_1_150' title='bbox 3361 671 3443 723; x_wconf 84' lang='lat' dir='ltr'><strong>in-</strong></span> 
     </span>
    </p>
   </div>
   <div class='ocr_carea' id='block_1_22' title="bbox 1855 752 3447 839">
    <p class='ocr_par' dir='ltr' id='par_1_22' title="bbox 1855 752 3447 839">
     <span class='ocr_line' id='line_1_22' title="bbox 1855 752 3447 839; baseline -0.001 -20"><span class='ocrx_word' id='word_1_151' title='bbox 1855 765 1994 820; x_wconf 91' lang='lat' dir='ltr'><strong>tueri</strong></span> <span class='ocrx_word' id='word_1_152' title='bbox 2034 764 2282 835; x_wconf 73' lang='lat' dir='ltr'><strong>potestis.</strong></span> <span class='ocrx_word' id='word_1_153' title='bbox 2308 766 2429 836; x_wconf 81' lang='lat' dir='ltr'><strong>Hic,</strong></span> <span class='ocrx_word' id='word_1_154' title='bbox 2464 779 2667 839; x_wconf 75' lang='lat' dir='ltr'><strong>quzcso,</strong></span> <span class='ocrx_word' id='word_1_155' title='bbox 2692 768 2852 820; x_wconf 75' lang='lat' dir='ltr'><strong>me&#39;ns</strong></span> <span class='ocrx_word' id='word_1_156' title='bbox 2884 766 3064 819; x_wconf 81' lang='lat' dir='ltr'><strong>veStra</strong></span> <span class='ocrx_word' id='word_1_157' title='bbox 3094 764 3291 832; x_wconf 80' lang='lat' dir='ltr'><strong>vigeat.</strong></span> <span class='ocrx_word' id='word_1_158' title='bbox 3312 752 3447 817; x_wconf 63' lang='lat' dir='ltr'><strong>late</strong></span> 
     </span>
    </p>
   </div>
   <div class='ocr_carea' id='block_1_23' title="bbox 1855 855 3449 915">
    <p class='ocr_par' dir='ltr' id='par_1_23' title="bbox 1855 855 3449 915">
     <span class='ocr_line' id='line_1_23' title="bbox 1855 855 3449 915; baseline -0.003 -2"><span class='ocrx_word' id='word_1_159' title='bbox 1855 859 1972 913; x_wconf 88' lang='lat' dir='ltr'><strong>dies</strong></span> <span class='ocrx_word' id='word_1_160' title='bbox 2003 859 2108 913; x_wconf 85' lang='lat' dir='ltr'><strong>diei</strong></span> <span class='ocrx_word' id='word_1_161' title='bbox 2136 867 2347 915; x_wconf 86' lang='lat' dir='ltr'><strong>eructet</strong></span> <span class='ocrx_word' id='word_1_162' title='bbox 2370 860 2601 915; x_wconf 82' lang='lat' dir='ltr'><strong>verbum</strong></span> <span class='ocrx_word' id='word_1_163' title='bbox 2630 876 2643 911; x_wconf 89' lang='lat'><strong>:</strong></span> <span class='ocrx_word' id='word_1_164' title='bbox 2672 868 2727 914; x_wconf 90' lang='lat' dir='ltr'><strong>et</strong></span> <span class='ocrx_word' id='word_1_165' title='bbox 2755 857 3036 915; x_wconf 85' lang='lat' dir='ltr'><strong>scientiam</strong></span> <span class='ocrx_word' id='word_1_166' title='bbox 3062 856 3207 910; x_wconf 82' lang='lat' dir='ltr'><strong>banc</strong></span> <span class='ocrx_word' id='word_1_167' title='bbox 3237 868 3339 909; x_wconf 79' lang='lat' dir='ltr'><strong>nox</strong></span> <span class='ocrx_word' id='word_1_168' title='bbox 3366 855 3449 908; x_wconf 90' lang='lat' dir='ltr'><strong>in-</strong></span> 
     </span>
    </p>
   </div>
   <div class='ocr_carea' id='block_1_24' title="bbox 1853 940 3445 1020">
    <p class='ocr_par' dir='ltr' id='par_1_24' title="bbox 1853 940 3445 1020">
     <span class='ocr_line' id='line_1_24' title="bbox 1853 940 3445 1020; baseline -0.003 -17"><span class='ocrx_word' id='word_1_169' title='bbox 1853 940 1993 1004; x_wconf 83' lang='lat' dir='ltr'><strong>dicet</strong></span> <span class='ocrx_word' id='word_1_170' title='bbox 2027 952 2190 1004; x_wconf 89' lang='lat' dir='ltr'><strong>nocti.</strong></span> <span class='ocrx_word' id='word_1_171' title='bbox 2214 949 2487 1020; x_wconf 77' lang='lat' dir='ltr'><strong>Angelicis</strong></span> <span class='ocrx_word' id='word_1_172' title='bbox 2508 949 2710 1019; x_wconf 82' lang='lat' dir='ltr'><strong>choris,</strong></span> <span class='ocrx_word' id='word_1_173' title='bbox 2736 944 3050 1005; x_wconf 78' lang='lat' dir='ltr'><strong>Sanctorum</strong></span> <span class='ocrx_word' id='word_1_174' title='bbox 3074 946 3445 1019; x_wconf 81' lang='lat' dir='ltr'><strong>societatibus,</strong></span> 
     </span>
    </p>
   </div>
   <div class='ocr_carea' id='block_1_25' title="bbox 1853 1038 3450 1112">
    <p class='ocr_par' dir='ltr' id='par_1_25' title="bbox 1853 1038 3450 1112">
     <span class='ocr_line' id='line_1_25' title="bbox 1853 1038 3450 1112; baseline 0 -18"><span class='ocrx_word' id='word_1_175' title='bbox 1853 1039 1943 1095; x_wconf 79' lang='lat' dir='ltr'><strong>hic</strong></span> <span class='ocrx_word' id='word_1_176' title='bbox 1997 1042 2261 1097; x_wconf 88' lang='lat' dir='ltr'><strong>studeatis</strong></span> <span class='ocrx_word' id='word_1_177' title='bbox 2308 1045 2570 1099; x_wconf 79' lang='lat' dir='ltr'><strong>interesse</strong></span> <span class='ocrx_word' id='word_1_178' title='bbox 2608 1061 2619 1096; x_wconf 93' lang='lat'><strong>:</strong></span> <span class='ocrx_word' id='word_1_179' title='bbox 2659 1051 2716 1098; x_wconf 90' lang='lat' dir='ltr'><strong>ut</strong></span> <span class='ocrx_word' id='word_1_180' title='bbox 2745 1041 3088 1112; x_wconf 89' lang='lat' dir='ltr'><strong>postmodum</strong></span> <span class='ocrx_word' id='word_1_181' title='bbox 3116 1038 3450 1109; x_wconf 81' lang='lat' dir='ltr'><strong>incarporis</strong></span> 
     </span>
    </p>
   </div>
   <div class='ocr_carea' id='block_1_26' title="bbox 1849 1134 3447 1211">
    <p class='ocr_par' dir='ltr' id='par_1_26' title="bbox 1849 1134 3447 1211">
     <span class='ocr_line' id='line_1_26' title="bbox 1849 1134 3447 1211; baseline -0.001 -22"><span class='ocrx_word' id='word_1_182' title='bbox 1849 1137 2020 1200; x_wconf 74' lang='lat' dir='ltr'><strong>exitu,</strong></span> <span class='ocrx_word' id='word_1_183' title='bbox 2046 1135 2201 1189; x_wconf 89' lang='lat' dir='ltr'><strong>vobis</strong></span> <span class='ocrx_word' id='word_1_184' title='bbox 2220 1136 2515 1211; x_wconf 79' lang='lat' dir='ltr'><strong>gaudentes</strong></span> <span class='ocrx_word' id='word_1_185' title='bbox 2545 1146 2600 1192; x_wconf 93' lang='lat' dir='ltr'><strong>et</strong></span> <span class='ocrx_word' id='word_1_186' title='bbox 2626 1137 2740 1191; x_wconf 57' lang='lat' dir='ltr'><strong>laeti</strong></span> <span class='ocrx_word' id='word_1_187' title='bbox 2768 1134 3047 1205; x_wconf 79' lang='lat' dir='ltr'><strong>tamquam</strong></span> <span class='ocrx_word' id='word_1_188' title='bbox 3080 1134 3223 1190; x_wconf 74' lang='lat' dir='ltr'><strong>notis</strong></span> <span class='ocrx_word' id='word_1_189' title='bbox 3256 1149 3447 1189; x_wconf 86' lang='lat' dir='ltr'><strong>occur—</strong></span> 
     </span>
    </p>
   </div>
   <div class='ocr_carea' id='block_1_27' title="bbox 1850 1214 3449 1297">
    <p class='ocr_par' dir='ltr' id='par_1_27' title="bbox 1850 1214 3449 1297">
     <span class='ocr_line' id='line_1_27' title="bbox 1850 1214 3449 1297; baseline -0.001 -16"><span class='ocrx_word' id='word_1_190' title='bbox 1850 1230 1993 1281; x_wconf 75' lang='lat' dir='ltr'><strong>rant.</strong></span> <span class='ocrx_word' id='word_1_191' title='bbox 2028 1216 2087 1281; x_wconf 82' lang='lat' dir='ltr'><strong>&#39;Si</strong></span> <span class='ocrx_word' id='word_1_192' title='bbox 2137 1227 2217 1280; x_wconf 86' lang='lat' dir='ltr'><strong>sic</strong></span> <span class='ocrx_word' id='word_1_193' title='bbox 2264 1226 2537 1293; x_wconf 76' lang='lat' dir='ltr'><strong>feceritis,</strong></span> <span class='ocrx_word' id='word_1_194' title='bbox 2568 1228 2700 1282; x_wconf 77' lang='lat' dir='ltr'><strong>nihil</strong></span> <span class='ocrx_word' id='word_1_195' title='bbox 2734 1214 3333 1283; x_wconf 34' lang='lat' dir='ltr'><strong>vobisdlul&#39;ciusmihll</strong></span> <span class='ocrx_word' id='word_1_196' title='bbox 3358 1226 3449 1297; x_wconf 85' lang='lat' dir='ltr'><strong>jn-</strong></span> 
     </span>
    </p>
   </div>
   <div class='ocr_carea' id='block_1_28' title="bbox 1850 1318 3453 1391">
    <p class='ocr_par' dir='ltr' id='par_1_28' title="bbox 1850 1318 3453 1391">
     <span class='ocr_line' id='line_1_28' title="bbox 1850 1318 3453 1391; baseline 0.001 -19"><span class='ocrx_word' id='word_1_197' title='bbox 1850 1318 2079 1373; x_wconf 85' lang='lat' dir='ltr'><strong>cundius</strong></span> <span class='ocrx_word' id='word_1_198' title='bbox 2118 1332 2275 1388; x_wconf 89' lang='lat' dir='ltr'><strong>quam</strong></span> <span class='ocrx_word' id='word_1_199' title='bbox 2332 1320 2419 1374; x_wconf 84' lang='lat' dir='ltr'><strong>his</strong></span> <span class='ocrx_word' id='word_1_200' title='bbox 2471 1320 2738 1375; x_wconf 77' lang='lat' dir='ltr'><strong>interesse</strong></span> <span class='ocrx_word' id='word_1_201' title='bbox 2778 1320 3081 1385; x_wconf 80' lang='lat' dir='ltr'><strong>conviviis,</strong></span> <span class='ocrx_word' id='word_1_202' title='bbox 3120 1318 3204 1374; x_wconf 77' lang='lat' dir='ltr'><strong>bis</strong></span> <span class='ocrx_word' id='word_1_203' title='bbox 3238 1319 3453 1391; x_wconf 81' lang='lat' dir='ltr'><strong>pabulis</strong></span> 
     </span>
    </p>
   </div>
   <div class='ocr_carea' id='block_1_29' title="bbox 1848 1410 3447 1483">
    <p class='ocr_par' dir='ltr' id='par_1_29' title="bbox 1848 1410 3447 1483">
     <span class='ocr_line' id='line_1_29' title="bbox 1848 1410 3447 1483; baseline 0.001 -20"><span class='ocrx_word' id='word_1_204' title='bbox 1848 1411 2084 1465; x_wconf 85' lang='lat' dir='ltr'><strong>saturari</strong></span> <span class='ocrx_word' id='word_1_205' title='bbox 2127 1428 2139 1464; x_wconf 93' lang='lat'><strong>:</strong></span> <span class='ocrx_word' id='word_1_206' title='bbox 2180 1411 2376 1482; x_wconf 79' lang='lat' dir='ltr'><strong>quibus</strong></span> <span class='ocrx_word' id='word_1_207' title='bbox 2422 1411 2588 1466; x_wconf 81' lang='lat' dir='ltr'><strong>semei</strong></span> <span class='ocrx_word' id='word_1_208' title='bbox 2631 1410 2967 1483; x_wconf 74' lang='lat' dir='ltr'><strong>degustans,</strong></span> <span class='ocrx_word' id='word_1_209' title='bbox 3008 1418 3233 1467; x_wconf 75' lang='lat' dir='ltr'><strong>“terrena</strong></span> <span class='ocrx_word' id='word_1_210' title='bbox 3266 1413 3447 1467; x_wconf 87' lang='lat' dir='ltr'><strong>omnia</strong></span> 
     </span>
    </p>
   </div>
   <div class='ocr_carea' id='block_1_30' title="bbox 1849 1503 3449 1572">
    <p class='ocr_par' dir='ltr' id='par_1_30' title="bbox 1849 1503 3449 1572">
     <span class='ocr_line' id='line_1_30' title="bbox 1849 1503 3449 1572; baseline 0 -15"><span class='ocrx_word' id='word_1_211' title='bbox 1849 1508 2030 1557; x_wconf 86' lang='lat' dir='ltr'><strong>amara</strong></span> <span class='ocrx_word' id='word_1_212' title='bbox 2055 1515 2375 1559; x_wconf 88' lang='lat' dir='ltr'><strong>cernuntur.</strong></span> <span class='ocrx_word' id='word_1_213' title='bbox 2402 1503 2547 1560; x_wconf 74' lang='lat' dir='ltr'><strong>Vere</strong></span> <span class='ocrx_word' id='word_1_214' title='bbox 2573 1514 2700 1560; x_wconf 89' lang='lat' dir='ltr'><strong>tunc</strong></span> <span class='ocrx_word' id='word_1_215' title='bbox 2726 1504 2975 1559; x_wconf 86' lang='lat' dir='ltr'><strong>clausura</strong></span> <span class='ocrx_word' id='word_1_216' title='bbox 3006 1503 3259 1571; x_wconf 73' lang='lat' dir='ltr'><strong>cmnobﬁ,</strong></span> <span class='ocrx_word' id='word_1_217' title='bbox 3294 1504 3449 1572; x_wconf 89' lang='lat' dir='ltr'><strong>cujus</strong></span> 
     </span>
    </p>
   </div>
   <div class='ocr_carea' id='block_1_31' title="bbox 1849 1596 3446 1668">
    <p class='ocr_par' dir='ltr' id='par_1_31' title="bbox 1849 1596 3446 1668">
     <span class='ocr_line' id='line_1_31' title="bbox 1849 1596 3446 1668; baseline 0.001 -19"><span class='ocrx_word' id='word_1_218' title='bbox 1849 1598 2016 1651; x_wconf 66' lang='lat' dir='ltr'><strong>taedet</strong></span> <span class='ocrx_word' id='word_1_219' title='bbox 2036 1602 2249 1653; x_wconf 85' lang='lat' dir='ltr'><strong>mentes</strong></span> <span class='ocrx_word' id='word_1_220' title='bbox 2266 1599 2613 1668; x_wconf 84' lang='lat' dir='ltr'><strong>vagabundas</strong></span> <span class='ocrx_word' id='word_1_221' title='bbox 2632 1610 2691 1654; x_wconf 85' lang='lat' dir='ltr'><strong>et</strong></span> <span class='ocrx_word' id='word_1_222' title='bbox 2713 1599 2921 1663; x_wconf 67' lang='lat' dir='ltr'><strong>devias,</strong></span> <span class='ocrx_word' id='word_1_223' title='bbox 2943 1596 3095 1653; x_wconf 72' lang='lat' dir='ltr'><strong>vobis</strong></span> <span class='ocrx_word' id='word_1_224' title='bbox 3117 1613 3214 1667; x_wconf 89' lang='lat' dir='ltr'><strong>pro</strong></span> <span class='ocrx_word' id='word_1_225' title='bbox 3234 1604 3446 1652; x_wconf 77' lang='lat' dir='ltr'><strong>summa</strong></span> 
     </span>
    </p>
   </div>
   <div class='ocr_carea' id='block_1_32' title="bbox 1848 1690 3447 1763">
    <p class='ocr_par' dir='ltr' id='par_1_32' title="bbox 1848 1690 3447 1763">
     <span class='ocr_line' id='line_1_32' title="bbox 1848 1690 3447 1763; baseline 0.003 -19"><span class='ocrx_word' id='word_1_226' title='bbox 1848 1690 2197 1758; x_wconf 79' lang='lat' dir='ltr'><strong>deputabitur</strong></span> <span class='ocrx_word' id='word_1_227' title='bbox 2226 1693 2395 1763; x_wconf 82' lang='lat' dir='ltr'><strong>gloria</strong></span> <span class='ocrx_word' id='word_1_228' title='bbox 2429 1711 2440 1747; x_wconf 91' lang='lat'><strong>:</strong></span> <span class='ocrx_word' id='word_1_229' title='bbox 2472 1704 2527 1748; x_wconf 89' lang='lat' dir='ltr'><strong>et</strong></span> <span class='ocrx_word' id='word_1_230' title='bbox 2556 1694 2902 1763; x_wconf 74' lang='lat' dir='ltr'><strong>reputabitur</strong></span> <span class='ocrx_word' id='word_1_231' title='bbox 2926 1693 3301 1750; x_wconf 75' lang='lat' dir='ltr'><strong>exireiimites</strong></span> <span class='ocrx_word' id='word_1_232' title='bbox 3331 1706 3447 1748; x_wconf 58' lang='lat' dir='ltr'><strong>m0“-</strong></span> 
     </span>
    </p>
   </div>
   <div class='ocr_carea' id='block_1_33' title="bbox 153 1778 2874 1856">
    <p class='ocr_par' dir='ltr' id='par_1_33' title="bbox 153 1778 2874 1856">
     <span class='ocr_line' id='line_1_33' title="bbox 153 1778 2874 1856; baseline -0.003 -9"><span class='ocrx_word' id='word_1_233' title='bbox 153 1793 320 1848; x_wconf 81' lang='lat' dir='ltr'><strong>cedis.</strong></span> <span class='ocrx_word' id='word_1_234' title='bbox 365 1791 474 1845; x_wconf 81' lang='lat' dir='ltr'><strong>Has</strong></span> <span class='ocrx_word' id='word_1_235' title='bbox 504 1800 684 1845; x_wconf 87' lang='lat' dir='ltr'><strong>autem</strong></span> <span class='ocrx_word' id='word_1_236' title='bbox 717 1788 839 1844; x_wconf 83' lang='lat' dir='ltr'><strong>volo</strong></span> <span class='ocrx_word' id='word_1_237' title='bbox 866 1789 1003 1843; x_wconf 80' lang='lat' dir='ltr'><strong>tales</strong></span> <span class='ocrx_word' id='word_1_238' title='bbox 1027 1785 1345 1841; x_wconf 87' lang='lat' dir='ltr'><strong>servitriees</strong></span> <span class='ocrx_word' id='word_1_239' title='bbox 1366 1784 1578 1849; x_wconf 87' lang='lat' dir='ltr'><strong>adesse,</strong></span> <span class='ocrx_word' id='word_1_240' title='bbox 1603 1778 1747 1851; x_wconf 88' lang='lat' dir='ltr'><strong>quod</strong></span> <span class='ocrx_word' id='word_1_241' title='bbox 1773 1780 1824 1845; x_wconf 79' lang='grc' dir='ltr'>Β</span> <span class='ocrx_word' id='word_1_242' title='bbox 1854 1784 2071 1839; x_wconf 87' lang='lat' dir='ltr'><strong>nasterii</strong></span> <span class='ocrx_word' id='word_1_243' title='bbox 2097 1786 2224 1841; x_wconf 85' lang='lat' dir='ltr'><strong>esse</strong></span> <span class='ocrx_word' id='word_1_244' title='bbox 2252 1799 2475 1841; x_wconf 80' lang='lat' dir='ltr'><strong>necesse</strong></span> <span class='ocrx_word' id='word_1_245' title='bbox 2498 1788 2685 1856; x_wconf 65' lang='lat' dir='ltr'><strong>&quot;ponus</strong></span> <span class='ocrx_word' id='word_1_246' title='bbox 2710 1786 2874 1841; x_wconf 89' lang='lat' dir='ltr'><strong>mori.</strong></span> 
     </span>
    </p>
   </div>
   <div class='ocr_carea' id='block_1_34' title="bbox 153 1875 1747 1947">
    <p class='ocr_par' dir='ltr' id='par_1_34' title="bbox 153 1875 1747 1947">
     <span class='ocr_line' id='line_1_34' title="bbox 153 1875 1747 1947; baseline -0.006 -8"><span class='ocrx_word' id='word_1_247' title='bbox 153 1900 214 1939; x_wconf 78' lang='lat' dir='ltr'><strong>ex</strong></span> <span class='ocrx_word' id='word_1_248' title='bbox 245 1883 668 1938; x_wconf 76' lang='lat' dir='ltr'><strong>Conversatione</strong></span> <span class='ocrx_word' id='word_1_249' title='bbox 697 1882 821 1936; x_wconf 76' lang='lat' dir='ltr'><strong>vitze</strong></span> <span class='ocrx_word' id='word_1_250' title='bbox 861 1886 925 1935; x_wconf 69' lang='grc' dir='ltr'><strong>ἐι</strong></span> <span class='ocrx_word' id='word_1_251' title='bbox 965 1880 1151 1934; x_wconf 85' lang='lat' dir='ltr'><strong>habitu</strong></span> <span class='ocrx_word' id='word_1_252' title='bbox 1180 1923 1194 1947; x_wconf 93' lang='lat'><strong>,</strong></span> <span class='ocrx_word' id='word_1_253' title='bbox 1228 1878 1459 1931; x_wconf 81' lang='lat' dir='ltr'><strong>interior</strong></span> <span class='ocrx_word' id='word_1_254' title='bbox 1487 1875 1747 1930; x_wconf 68' lang='lat' dir='ltr'><strong>sanctitas</strong></span> 
     </span>
    </p>
   </div>
   <div class='ocr_carea' id='block_1_35' title="bbox 156 1968 1749 2047">
    <p class='ocr_par' dir='ltr' id='par_1_35' title="bbox 156 1968 1749 2047">
     <span class='ocr_line' id='line_1_35' title="bbox 156 1968 1749 2047; baseline -0.006 -14"><span class='ocrx_word' id='word_1_255' title='bbox 156 1978 473 2034; x_wconf 73' lang='lat' dir='ltr'><strong>monasterii</strong></span> <span class='ocrx_word' id='word_1_256' title='bbox 516 1974 864 2047; x_wconf 70' lang='lat' dir='ltr'><strong>priedicetur.</strong></span> <span class='ocrx_word' id='word_1_257' title='bbox 894 1972 1052 2043; x_wconf 80' lang='lat' dir='ltr'><strong>Quod</strong></span> <span class='ocrx_word' id='word_1_258' title='bbox 1104 1972 1151 2027; x_wconf 79' lang='lat' dir='ltr'><strong>si</strong></span> <span class='ocrx_word' id='word_1_259' title='bbox 1188 1970 1268 2027; x_wconf 67' lang='lat'><strong>&#39;61)</strong></span> <span class='ocrx_word' id='word_1_260' title='bbox 1315 1969 1619 2026; x_wconf 75' lang='lat' dir='ltr'><strong>necessaria</strong></span> <span class='ocrx_word' id='word_1_261' title='bbox 1660 1968 1749 2024; x_wconf 85' lang='lat' dir='ltr'><strong>do-</strong></span> 
     </span>
    </p>
   </div>
   <div class='ocr_carea' id='block_1_36' title="bbox 156 2061 1750 2141">
    <p class='ocr_par' dir='ltr' id='par_1_36' title="bbox 156 2061 1750 2141">
     <span class='ocr_line' id='line_1_36' title="bbox 156 2061 1750 2141; baseline -0.009 -13"><span class='ocrx_word' id='word_1_262' title='bbox 156 2088 270 2128; x_wconf 92' lang='lat' dir='ltr'><strong>mus</strong></span> <span class='ocrx_word' id='word_1_263' title='bbox 320 2073 588 2141; x_wconf 84' lang='lat' dir='ltr'><strong>captanda</strong></span> <span class='ocrx_word' id='word_1_264' title='bbox 616 2081 847 2133; x_wconf 80' lang='lat' dir='ltr'><strong>exeunt,</strong></span> <span class='ocrx_word' id='word_1_265' title='bbox 883 2082 991 2123; x_wconf 88' lang='lat' dir='ltr'><strong>non</strong></span> <span class='ocrx_word' id='word_1_266' title='bbox 1030 2064 1547 2122; x_wconf 71' lang='lat' dir='ltr'><strong>cireumeantvicos</strong></span> <span class='ocrx_word' id='word_1_267' title='bbox 1577 2063 1629 2117; x_wconf 89' lang='lat' dir='ltr'><strong>in</strong></span> <span class='ocrx_word' id='word_1_268' title='bbox 1671 2061 1750 2115; x_wconf 82' lang='lat' dir='ltr'><strong>fa-</strong></span> 
     </span>
    </p>
   </div>
   <div class='ocr_carea' id='block_1_37' title="bbox 156 2150 1749 2229">
    <p class='ocr_par' dir='ltr' id='par_1_37' title="bbox 156 2150 1749 2229">
     <span class='ocr_line' id='line_1_37' title="bbox 156 2150 1749 2229; baseline -0.005 -11"><span class='ocrx_word' id='word_1_269' title='bbox 156 2166 322 2229; x_wconf 76' lang='lat' dir='ltr'><strong>bulis,</strong></span> <span class='ocrx_word' id='word_1_270' title='bbox 354 2179 461 2219; x_wconf 89' lang='lat' dir='ltr'><strong>non</strong></span> <span class='ocrx_word' id='word_1_271' title='bbox 489 2168 859 2217; x_wconf 80' lang='lat' dir='ltr'><strong>matronarum</strong></span> <span class='ocrx_word' id='word_1_272' title='bbox 882 2156 1077 2215; x_wconf 75' lang='lat' dir='ltr'><strong>&#39;dotnos</strong></span> <span class='ocrx_word' id='word_1_273' title='bbox 1100 2161 1153 2213; x_wconf 84' lang='lat' dir='ltr'><strong>iu</strong></span> <span class='ocrx_word' id='word_1_274' title='bbox 1179 2157 1397 2228; x_wconf 85' lang='lat' dir='ltr'><strong>potibus</strong></span> <span class='ocrx_word' id='word_1_275' title='bbox 1421 2174 1436 2210; x_wconf 86' lang='lat'><strong>:</strong></span> <span class='ocrx_word' id='word_1_276' title='bbox 1467 2156 1561 2210; x_wconf 84' lang='lat' dir='ltr'><strong>sed</strong></span> <span class='ocrx_word' id='word_1_277' title='bbox 1588 2150 1749 2210; x_wconf 69' lang='lat' dir='ltr'><strong>omne</strong></span> 
     </span>
    </p>
   </div>
   <div class='ocr_carea' id='block_1_38' title="bbox 161 2249 1748 2326">
    <p class='ocr_par' dir='ltr' id='par_1_38' title="bbox 161 2249 1748 2326">
     <span class='ocr_line' id='line_1_38' title="bbox 161 2249 1748 2326; baseline -0.009 -13"><span class='ocrx_word' id='word_1_278' title='bbox 161 2272 294 2326; x_wconf 70' lang='lat' dir='ltr'><strong>orus</strong></span> <span class='ocrx_word' id='word_1_279' title='bbox 328 2256 531 2311; x_wconf 87' lang='lat' dir='ltr'><strong>bonum</strong></span> <span class='ocrx_word' id='word_1_280' title='bbox 554 2262 891 2321; x_wconf 73' lang='lat' dir='ltr'><strong>exerceant,</strong></span> <span class='ocrx_word' id='word_1_281' title='bbox 918 2263 985 2309; x_wconf 87' lang='lat' dir='ltr'><strong>ut</strong></span> <span class='ocrx_word' id='word_1_282' title='bbox 1006 2264 1119 2307; x_wconf 75' lang='lat' dir='ltr'><strong>non</strong></span> <span class='ocrx_word' id='word_1_283' title='bbox 1149 2252 1479 2321; x_wconf 77' lang='lat' dir='ltr'><strong>vituperetur</strong></span> <span class='ocrx_word' id='word_1_284' title='bbox 1506 2249 1748 2302; x_wconf 75' lang='lat' dir='ltr'><strong>ministe-</strong></span> 
     </span>
    </p>
   </div>
   <div class='ocr_carea' id='block_1_39' title="bbox 156 2338 1749 2404">
    <p class='ocr_par' dir='ltr' id='par_1_39' title="bbox 156 2338 1749 2404">
     <span class='ocr_line' id='line_1_39' title="bbox 156 2338 1749 2404; baseline -0.008 -1"><span class='ocrx_word' id='word_1_285' title='bbox 156 2352 294 2404; x_wconf 81' lang='lat' dir='ltr'><strong>rium</strong></span> <span class='ocrx_word' id='word_1_286' title='bbox 323 2350 507 2403; x_wconf 80' lang='lat' dir='ltr'><strong>suum.</strong></span> <span class='ocrx_word' id='word_1_287' title='bbox 542 2340 687 2401; x_wconf 71' lang='lat' dir='ltr'><strong>Cum</strong></span> <span class='ocrx_word' id='word_1_288' title='bbox 718 2346 804 2401; x_wconf 75' lang='lat' dir='ltr'><strong>his</strong></span> <span class='ocrx_word' id='word_1_289' title='bbox 842 2358 953 2400; x_wconf 75' lang='lat' dir='ltr'><strong>non</strong></span> <span class='ocrx_word' id='word_1_290' title='bbox 983 2345 1145 2399; x_wconf 75' lang='lat' dir='ltr'><strong>liceat</strong></span> <span class='ocrx_word' id='word_1_291' title='bbox 1171 2341 1449 2397; x_wconf 66' lang='lat' dir='ltr'><strong>sordribtts</strong></span> <span class='ocrx_word' id='word_1_292' title='bbox 1482 2340 1628 2393; x_wconf 60' lang='lat' dir='ltr'><strong>intra</strong></span> <span class='ocrx_word' id='word_1_293' title='bbox 1653 2338 1749 2393; x_wconf 85' lang='lat' dir='ltr'><strong>de-</strong></span> 
     </span>
    </p>
   </div>
   <div class='ocr_carea' id='block_1_40' title="bbox 158 2430 1749 2512">
    <p class='ocr_par' dir='ltr' id='par_1_40' title="bbox 158 2430 1749 2512">
     <span class='ocr_line' id='line_1_40' title="bbox 158 2430 1749 2512; baseline -0.009 -15"><span class='ocrx_word' id='word_1_294' title='bbox 158 2442 426 2512; x_wconf 77' lang='lat' dir='ltr'><strong>gentibus,</strong></span> <span class='ocrx_word' id='word_1_295' title='bbox 451 2440 683 2496; x_wconf 73' lang='lat' dir='ltr'><strong>secretis</strong></span> <span class='ocrx_word' id='word_1_296' title='bbox 710 2436 953 2508; x_wconf 83' lang='lat' dir='ltr'><strong>colloqui</strong></span> <span class='ocrx_word' id='word_1_297' title='bbox 976 2434 1433 2498; x_wconf 71' lang='lat' dir='ltr'><strong>Tabu‘lationibus,</strong></span> <span class='ocrx_word' id='word_1_298' title='bbox 1458 2447 1527 2485; x_wconf 76' lang='lat' dir='ltr'><strong>ne</strong></span> <span class='ocrx_word' id='word_1_299' title='bbox 1549 2430 1749 2499; x_wconf 62' lang='lat' dir='ltr'><strong>aiitruid</strong></span> 
     </span>
    </p>
   </div>
   <div class='ocr_carea' id='block_1_41' title="bbox 164 2523 1750 2606">
    <p class='ocr_par' dir='ltr' id='par_1_41' title="bbox 164 2523 1750 2606">
     <span class='ocr_line' id='line_1_41' title="bbox 164 2523 1750 2606; baseline -0.009 -14"><span class='ocrx_word' id='word_1_300' title='bbox 164 2537 335 2606; x_wconf 88' lang='lat' dir='ltr'><strong>possit</strong></span> <span class='ocrx_word' id='word_1_301' title='bbox 372 2534 581 2590; x_wconf 82' lang='lat' dir='ltr'><strong>intrare</strong></span> <span class='ocrx_word' id='word_1_302' title='bbox 602 2534 950 2589; x_wconf 77' lang='lat' dir='ltr'><strong>extrinsecus</strong></span> <span class='ocrx_word' id='word_1_303' title='bbox 976 2574 990 2597; x_wconf 94' lang='lat'><strong>,</strong></span> <span class='ocrx_word' id='word_1_304' title='bbox 1016 2529 1161 2601; x_wconf 73' lang='lat' dir='ltr'><strong>quod</strong></span> <span class='ocrx_word' id='word_1_305' title='bbox 1202 2528 1372 2598; x_wconf 82' lang='lat' dir='ltr'><strong>possit</strong></span> <span class='ocrx_word' id='word_1_306' title='bbox 1402 2526 1616 2581; x_wconf 73' lang='lat' dir='ltr'><strong>obesse.</strong></span> <span class='ocrx_word' id='word_1_307' title='bbox 1640 2523 1750 2578; x_wconf 71' lang='lat' dir='ltr'><strong>Ha-</strong></span> 
     </span>
    </p>
   </div>
   <div class='ocr_carea' id='block_1_42' title="bbox 156 2612 1750 2689">
    <p class='ocr_par' dir='ltr' id='par_1_42' title="bbox 156 2612 1750 2689">
     <span class='ocr_line' id='line_1_42' title="bbox 156 2612 1750 2689; baseline -0.008 -7"><span class='ocrx_word' id='word_1_308' title='bbox 156 2644 281 2682; x_wconf 90' lang='lat' dir='ltr'><strong>rum</strong></span> <span class='ocrx_word' id='word_1_309' title='bbox 330 2627 572 2683; x_wconf 83' lang='lat' dir='ltr'><strong>onrnium</strong></span> <span class='ocrx_word' id='word_1_310' title='bbox 616 2624 896 2681; x_wconf 79' lang='lat' dir='ltr'><strong>abbatissa</strong></span> <span class='ocrx_word' id='word_1_311' title='bbox 940 2612 1143 2677; x_wconf 73' lang='lat' dir='ltr'><strong>demus</strong></span> <span class='ocrx_word' id='word_1_312' title='bbox 1170 2634 1361 2675; x_wconf 79' lang='lat' dir='ltr'><strong>curam</strong></span> <span class='ocrx_word' id='word_1_313' title='bbox 1414 2614 1568 2689; x_wconf 79' lang='lat' dir='ltr'><strong>geralt</strong></span> <span class='ocrx_word' id='word_1_314' title='bbox 1614 2616 1750 2670; x_wconf 74' lang='lat' dir='ltr'><strong>assi-</strong></span> 
     </span>
    </p>
   </div>
   <div class='ocr_carea' id='block_1_43' title="bbox 164 2712 1750 2789">
    <p class='ocr_par' dir='ltr' id='par_1_43' title="bbox 164 2712 1750 2789">
     <span class='ocr_line' id='line_1_43' title="bbox 164 2712 1750 2789; baseline -0.008 -14"><span class='ocrx_word' id='word_1_315' title='bbox 164 2720 325 2775; x_wconf 85' lang='lat' dir='ltr'><strong>duam</strong></span> <span class='ocrx_word' id='word_1_316' title='bbox 353 2738 365 2772; x_wconf 91' lang='lat'><strong>:</strong></span> <span class='ocrx_word' id='word_1_317' title='bbox 392 2733 467 2774; x_wconf 84' lang='lat' dir='ltr'><strong>ne</strong></span> <span class='ocrx_word' id='word_1_318' title='bbox 491 2730 545 2774; x_wconf 81' lang='lat' dir='ltr'><strong>et</strong></span> <span class='ocrx_word' id='word_1_319' title='bbox 576 2719 707 2789; x_wconf 66' lang='lat' dir='ltr'><strong>ipsa:</strong></span> <span class='ocrx_word' id='word_1_320' title='bbox 736 2725 1038 2785; x_wconf 83' lang='lat' dir='ltr'><strong>operentur</strong></span> <span class='ocrx_word' id='word_1_321' title='bbox 1058 2713 1209 2777; x_wconf 75' lang='lat' dir='ltr'><strong>&#39;nuod</strong></span> <span class='ocrx_word' id='word_1_322' title='bbox 1230 2720 1342 2766; x_wconf 70' lang='lat' dir='ltr'><strong>non</strong></span> <span class='ocrx_word' id='word_1_323' title='bbox 1367 2712 1563 2765; x_wconf 67' lang='lat' dir='ltr'><strong>deceat</strong></span> <span class='ocrx_word' id='word_1_324' title='bbox 1593 2718 1750 2763; x_wconf 81' lang='lat' dir='ltr'><strong>sane-</strong></span> 
     </span>
    </p>
   </div>
   <div class='ocr_carea' id='block_1_44' title="bbox 163 2799 1748 2873">
    <p class='ocr_par' dir='ltr' id='par_1_44' title="bbox 163 2799 1748 2873">
     <span class='ocr_line' id='line_1_44' title="bbox 163 2799 1748 2873; baseline -0.009 -6"><span class='ocrx_word' id='word_1_325' title='bbox 163 2813 391 2867; x_wconf 76' lang='lat' dir='ltr'><strong>titatem.</strong></span> <span class='ocrx_word' id='word_1_326' title='bbox 448 2810 548 2865; x_wconf 68' lang='lat' dir='ltr'><strong>una</strong></span> <span class='ocrx_word' id='word_1_327' title='bbox 621 2810 1089 2865; x_wconf 65' lang='lat' dir='ltr'><strong>observandorum</strong></span> <span class='ocrx_word' id='word_1_328' title='bbox 1134 2813 1195 2859; x_wconf 82' lang='lat' dir='ltr'><strong>‘et</strong></span> <span class='ocrx_word' id='word_1_329' title='bbox 1236 2803 1566 2873; x_wconf 67' lang='lat' dir='ltr'><strong>ieiuniorum</strong></span> <span class='ocrx_word' id='word_1_330' title='bbox 1630 2799 1748 2853; x_wconf 75' lang='lat' dir='ltr'><strong>sint</strong></span> 
     </span>
    </p>
   </div>
   <div class='ocr_carea' id='block_1_45' title="bbox 162 2884 1747 2971">
    <p class='ocr_par' dir='ltr' id='par_1_45' title="bbox 162 2884 1747 2971">
     <span class='ocr_line' id='line_1_45' title="bbox 162 2884 1747 2971; baseline -0.009 -14"><span class='ocrx_word' id='word_1_331' title='bbox 162 2904 395 2957; x_wconf 58' lang='lat' dir='ltr'><strong>astricta:</strong></span> <span class='ocrx_word' id='word_1_332' title='bbox 453 2902 656 2971; x_wconf 80' lang='lat' dir='ltr'><strong>legibus</strong></span> <span class='ocrx_word' id='word_1_333' title='bbox 702 2918 718 2953; x_wconf 85' lang='lat'><strong>:</strong></span> <span class='ocrx_word' id='word_1_334' title='bbox 770 2907 827 2955; x_wconf 92' lang='lat' dir='ltr'><strong>et</strong></span> <span class='ocrx_word' id='word_1_335' title='bbox 890 2896 1394 2969; x_wconf 66' lang='lat' dir='ltr'><strong>prmvaﬁcatrices,</strong></span> <span class='ocrx_word' id='word_1_336' title='bbox 1440 2884 1747 2959; x_wconf 63' lang='lat' dir='ltr'><strong>disciplina:</strong></span> 
     </span>
    </p>
   </div>
   <div class='ocr_carea' id='block_1_46' title="bbox 164 2984 1747 3065">
    <p class='ocr_par' dir='ltr' id='par_1_46' title="bbox 164 2984 1747 3065">
     <span class='ocr_line' id='line_1_46' title="bbox 164 2984 1747 3065; baseline -0.008 -16"><span class='ocrx_word' id='word_1_337' title='bbox 164 2996 475 3065; x_wconf 76' lang='lat' dir='ltr'><strong>subjacea’nt</strong></span> <span class='ocrx_word' id='word_1_338' title='bbox 514 2994 719 3049; x_wconf 57' lang='lat' dir='ltr'><strong>ferula».</strong></span> <span class='ocrx_word' id='word_1_339' title='bbox 774 2991 907 3060; x_wconf 68' lang='lat' dir='ltr'><strong>Quae</strong></span> <span class='ocrx_word' id='word_1_340' title='bbox 948 2993 995 3046; x_wconf 86' lang='lat' dir='ltr'><strong>si</strong></span> <span class='ocrx_word' id='word_1_341' title='bbox 1033 2988 1315 3043; x_wconf 78' lang='lat' dir='ltr'><strong>emendari</strong></span> <span class='ocrx_word' id='word_1_342' title='bbox 1360 2998 1432 3041; x_wconf 71' lang='lat' dir='ltr'><strong>ex</strong></span> <span class='ocrx_word' id='word_1_343' title='bbox 1480 2984 1747 3053; x_wconf 64' lang='lat' dir='ltr'><strong>pravitate</strong></span> 
     </span>
    </p>
   </div>
   <div class='ocr_carea' id='block_1_47' title="bbox 163 3074 1749 3157">
    <p class='ocr_par' dir='ltr' id='par_1_47' title="bbox 163 3074 1749 3157">
     <span class='ocr_line' id='line_1_47' title="bbox 163 3074 1749 3157; baseline -0.009 -16"><span class='ocrx_word' id='word_1_344' title='bbox 163 3088 593 3157; x_wconf 81' lang='lat' dir='ltr'><strong>contempserint</strong></span> <span class='ocrx_word' id='word_1_345' title='bbox 614 3128 627 3151; x_wconf 95' lang='lat'><strong>,</strong></span> <span class='ocrx_word' id='word_1_346' title='bbox 648 3086 710 3139; x_wconf 87' lang='lat' dir='ltr'><strong>in</strong></span> <span class='ocrx_word' id='word_1_347' title='bbox 740 3083 1049 3137; x_wconf 62' lang='lat' dir='ltr'><strong>sanctitatis</strong></span> <span class='ocrx_word' id='word_1_348' title='bbox 1081 3080 1362 3136; x_wconf 67' lang='lat' dir='ltr'><strong>consertio</strong></span> <span class='ocrx_word' id='word_1_349' title='bbox 1386 3078 1627 3146; x_wconf 64' lang='lat' dir='ltr'><strong>pravitas</strong></span> <span class='ocrx_word' id='word_1_350' title='bbox 1664 3074 1749 3128; x_wconf 74' lang='lat' dir='ltr'><strong>io-</strong></span> 
     </span>
    </p>
   </div>
   <div class='ocr_carea' id='block_1_48' title="bbox 1922 1874 3445 1947">
    <p class='ocr_par' dir='ltr' id='par_1_48' title="bbox 1922 1874 3445 1947">
     <span class='ocr_line' id='line_1_48' title="bbox 1922 1874 3445 1947; baseline 0.002 -17"><span class='ocrx_word' id='word_1_351' title='bbox 1922 1874 2164 1945; x_wconf 78' lang='lat' dir='ltr'><strong>Esperto</strong></span> <span class='ocrx_word' id='word_1_352' title='bbox 2192 1876 2375 1947; x_wconf 78' lang='lat' dir='ltr'><strong>itaque</strong></span> <span class='ocrx_word' id='word_1_353' title='bbox 2406 1879 2521 1931; x_wconf 91' lang='lat' dir='ltr'><strong>seni</strong></span> <span class='ocrx_word' id='word_1_354' title='bbox 2553 1878 2750 1934; x_wconf 79' lang='lat' dir='ltr'><strong>devote</strong></span> <span class='ocrx_word' id='word_1_355' title='bbox 2770 1878 3077 1933; x_wconf 85' lang='lat' dir='ltr'><strong>consulenti</strong></span> <span class='ocrx_word' id='word_1_356' title='bbox 3109 1876 3347 1945; x_wconf 76' lang='lat' dir='ltr'><strong>credite,</strong></span> <span class='ocrx_word' id='word_1_357' title='bbox 3377 1880 3445 1933; x_wconf 76' lang='lat' dir='ltr'><strong>Ii-</strong></span> 
     </span>
    </p>
   </div>
   <div class='ocr_carea' id='block_1_49' title="bbox 1850 1966 3447 2040">
    <p class='ocr_par' dir='ltr' id='par_1_49' title="bbox 1850 1966 3447 2040">
     <span class='ocr_line' id='line_1_49' title="bbox 1850 1966 3447 2040; baseline 0.004 -18"><span class='ocrx_word' id='word_1_358' title='bbox 1850 1968 1960 2022; x_wconf 73' lang='lat' dir='ltr'><strong>iire.</strong></span> <span class='ocrx_word' id='word_1_359' title='bbox 1984 1966 2049 2022; x_wconf 67' lang='grc' dir='ltr'><strong>ἐἰ</strong></span> <span class='ocrx_word' id='word_1_360' title='bbox 2076 1966 2252 2022; x_wconf 78' lang='lat' dir='ltr'><strong>semei</strong></span> <span class='ocrx_word' id='word_1_361' title='bbox 2273 1968 2529 2039; x_wconf 84' lang='lat' dir='ltr'><strong>gustastis</strong></span> <span class='ocrx_word' id='word_1_362' title='bbox 2549 1972 2709 2040; x_wconf 84' lang='lat' dir='ltr'><strong>quam</strong></span> <span class='ocrx_word' id='word_1_363' title='bbox 2734 1971 2907 2025; x_wconf 78' lang='lat' dir='ltr'><strong>dulcis</strong></span> <span class='ocrx_word' id='word_1_364' title='bbox 2928 1981 3018 2025; x_wconf 70' lang='lat' dir='ltr'><strong>‘est</strong></span> <span class='ocrx_word' id='word_1_365' title='bbox 3045 1971 3306 2027; x_wconf 75' lang='lat' dir='ltr'><strong>Dutn&#39;inus</strong></span> <span class='ocrx_word' id='word_1_366' title='bbox 3336 1992 3346 2025; x_wconf 93' lang='lat'>:</span> <span class='ocrx_word' id='word_1_367' title='bbox 3380 1970 3447 2028; x_wconf 84' lang='lat' dir='ltr'><strong>ad</strong></span> 
     </span>
    </p>
   </div>
   <div class='ocr_carea' id='block_1_50' title="bbox 1853 2061 3444 2135">
    <p class='ocr_par' dir='ltr' id='par_1_50' title="bbox 1853 2061 3444 2135">
     <span class='ocr_line' id='line_1_50' title="bbox 1853 2061 3444 2135; baseline 0.003 -20"><span class='ocrx_word' id='word_1_368' title='bbox 1853 2078 2013 2132; x_wconf 80' lang='lat' dir='ltr'><strong>quem</strong></span> <span class='ocrx_word' id='word_1_369' title='bbox 2044 2061 2361 2119; x_wconf 80' lang='lat' dir='ltr'><strong>accedentes</strong></span> <span class='ocrx_word' id='word_1_370' title='bbox 2406 2064 2654 2135; x_wconf 83' lang='lat' dir='ltr'><strong>poteritis</strong></span> <span class='ocrx_word' id='word_1_371' title='bbox 2694 2065 2767 2119; x_wconf 83' lang='lat' dir='ltr'><strong>ab</strong></span> <span class='ocrx_word' id='word_1_372' title='bbox 2797 2078 2862 2119; x_wconf 84' lang='lat' dir='ltr'><strong>eo</strong></span> <span class='ocrx_word' id='word_1_373' title='bbox 2898 2065 3034 2119; x_wconf 77' lang='lat' dir='ltr'><strong>iiiud</strong></span> <span class='ocrx_word' id='word_1_374' title='bbox 3060 2064 3295 2119; x_wconf 80' lang='lat' dir='ltr'><strong>audire:</strong></span> <span class='ocrx_word' id='word_1_375' title='bbox 3342 2064 3444 2119; x_wconf 75' lang='lat' dir='ltr'><strong>Ve-</strong></span> 
     </span>
    </p>
   </div>
   <div class='ocr_carea' id='block_1_51' title="bbox 1848 2158 3449 2223">
    <p class='ocr_par' dir='ltr' id='par_1_51' title="bbox 1848 2158 3449 2223">
     <span class='ocr_line' id='line_1_51' title="bbox 1848 2158 3449 2223; baseline 0.002 -13"><span class='ocrx_word' id='word_1_376' title='bbox 1848 2160 1959 2212; x_wconf 77' lang='lat' dir='ltr'><strong>nite</strong></span> <span class='ocrx_word' id='word_1_377' title='bbox 1984 2200 1999 2223; x_wconf 96' lang='lat'><strong>,</strong></span> <span class='ocrx_word' id='word_1_378' title='bbox 2042 2166 2092 2212; x_wconf 79' lang='lat' dir='ltr'><strong>et</strong></span> <span class='ocrx_word' id='word_1_379' title='bbox 2122 2162 2389 2213; x_wconf 73' lang='lat' dir='ltr'><strong>Ostendam</strong></span> <span class='ocrx_word' id='word_1_380' title='bbox 2430 2160 2569 2213; x_wconf 70' lang='lat' dir='ltr'><strong>vobis</strong></span> <span class='ocrx_word' id='word_1_381' title='bbox 2601 2176 2748 2213; x_wconf 84' lang='lat' dir='ltr'><strong>omne</strong></span> <span class='ocrx_word' id='word_1_382' title='bbox 2774 2159 3001 2214; x_wconf 76' lang='lat' dir='ltr'><strong>bonum‘:</strong></span> <span class='ocrx_word' id='word_1_383' title='bbox 3032 2170 3087 2215; x_wconf 91' lang='lat' dir='ltr'><strong>et</strong></span> <span class='ocrx_word' id='word_1_384' title='bbox 3103 2158 3239 2213; x_wconf 73' lang='lat' dir='ltr'><strong>tunc</strong></span> <span class='ocrx_word' id='word_1_385' title='bbox 3258 2164 3449 2214; x_wconf 60' lang='lat' dir='ltr'><strong>loeten-</strong></span> 
     </span>
    </p>
   </div>
   <div class='ocr_carea' id='block_1_52' title="bbox 1854 2248 3447 2324">
    <p class='ocr_par' dir='ltr' id='par_1_52' title="bbox 1854 2248 3447 2324">
     <span class='ocr_line' id='line_1_52' title="bbox 1854 2248 3447 2324; baseline 0.001 -19"><span class='ocrx_word' id='word_1_386' title='bbox 1854 2253 1946 2307; x_wconf 75' lang='lat' dir='ltr'><strong>tlet</strong></span> <span class='ocrx_word' id='word_1_387' title='bbox 1988 2252 2146 2307; x_wconf 74' lang='lat' dir='ltr'><strong>vobis</strong></span> <span class='ocrx_word' id='word_1_388' title='bbox 2176 2252 2305 2307; x_wconf 88' lang='lat' dir='ltr'><strong>talia</strong></span> <span class='ocrx_word' id='word_1_389' title='bbox 2336 2253 2517 2324; x_wconf 89' lang='lat' dir='ltr'><strong>qualia</strong></span> <span class='ocrx_word' id='word_1_390' title='bbox 2559 2254 2665 2308; x_wconf 79' lang='lat' dir='ltr'><strong>no‘n</strong></span> <span class='ocrx_word' id='word_1_391' title='bbox 2700 2252 2799 2307; x_wconf 87' lang='lat' dir='ltr'><strong>nisi</strong></span> <span class='ocrx_word' id='word_1_392' title='bbox 2845 2263 3055 2309; x_wconf 87' lang='lat' dir='ltr'><strong>mentes</strong></span> <span class='ocrx_word' id='word_1_393' title='bbox 3080 2248 3314 2309; x_wconf 55' lang='lat' dir='ltr'><strong>assuékae</strong></span> <span class='ocrx_word' id='word_1_394' title='bbox 3350 2266 3447 2308; x_wconf 76' lang='lat' dir='ltr'><strong>no-</strong></span> 
     </span>
    </p>
   </div>
   <div class='ocr_carea' id='block_1_53' title="bbox 1852 2324 3445 2417">
    <p class='ocr_par' dir='ltr' id='par_1_53' title="bbox 1852 2324 3445 2417">
     <span class='ocr_line' id='line_1_53' title="bbox 1852 2324 3445 2417; baseline 0.001 -15"><span class='ocrx_word' id='word_1_395' title='bbox 1852 2356 1997 2402; x_wconf 80' lang='lat' dir='ltr'><strong>runt.</strong></span> <span class='ocrx_word' id='word_1_396' title='bbox 2026 2346 2153 2401; x_wconf 74' lang='lat' dir='ltr'><strong>Scio</strong></span> <span class='ocrx_word' id='word_1_397' title='bbox 2181 2346 2307 2415; x_wconf 88' lang='lat' dir='ltr'><strong>quid</strong></span> <span class='ocrx_word' id='word_1_398' title='bbox 2342 2346 2559 2417; x_wconf 89' lang='lat' dir='ltr'><strong>loquor,</strong></span> <span class='ocrx_word' id='word_1_399' title='bbox 2590 2347 2949 2402; x_wconf 59' lang='lat' dir='ltr'><strong>citari‘ssimre.</strong></span> <span class='ocrx_word' id='word_1_400' title='bbox 2992 2336 3129 2401; x_wconf 79' lang='lat' dir='ltr'><strong>Nam</strong></span> <span class='ocrx_word' id='word_1_401' title='bbox 3172 2344 3239 2401; x_wconf 74' lang='grc' dir='ltr'><strong>ἰὴ</strong></span> <span class='ocrx_word' id='word_1_402' title='bbox 3265 2324 3445 2403; x_wconf 77' lang='lat' dir='ltr'><strong>meam</strong></span> 
     </span>
    </p>
   </div>
   <div class='ocr_carea' id='block_1_54' title="bbox 1847 2438 3447 2509">
    <p class='ocr_par' dir='ltr' id='par_1_54' title="bbox 1847 2438 3447 2509">
     <span class='ocr_line' id='line_1_54' title="bbox 1847 2438 3447 2509; baseline 0 -17"><span class='ocrx_word' id='word_1_403' title='bbox 1847 2439 2224 2506; x_wconf 83' lang='lat' dir='ltr'><strong>insipientiam</strong></span> <span class='ocrx_word' id='word_1_404' title='bbox 2262 2438 2482 2506; x_wconf 85' lang='lat' dir='ltr'><strong>loquar,</strong></span> <span class='ocrx_word' id='word_1_405' title='bbox 2533 2448 2634 2508; x_wconf 87' lang='lat' dir='ltr'><strong>ego</strong></span> <span class='ocrx_word' id='word_1_406' title='bbox 2664 2438 3031 2494; x_wconf 78' lang='lat' dir='ltr'><strong>homunculus</strong></span> <span class='ocrx_word' id='word_1_407' title='bbox 3060 2439 3137 2493; x_wconf 83' lang='lat' dir='ltr'><strong>sic</strong></span> <span class='ocrx_word' id='word_1_408' title='bbox 3168 2438 3447 2509; x_wconf 71' lang='lat' dir='ltr'><strong>abiectus,</strong></span> 
     </span>
    </p>
   </div>
   <div class='ocr_carea' id='block_1_55' title="bbox 1852 2526 3448 2601">
    <p class='ocr_par' dir='ltr' id='par_1_55' title="bbox 1852 2526 3448 2601">
     <span class='ocr_line' id='line_1_55' title="bbox 1852 2526 3448 2601; baseline 0.001 -14"><span class='ocrx_word' id='word_1_409' title='bbox 1852 2534 1933 2588; x_wconf 88' lang='lat' dir='ltr'><strong>sic</strong></span> <span class='ocrx_word' id='word_1_410' title='bbox 1964 2532 2166 2588; x_wconf 75' lang='lat' dir='ltr'><strong>vilisin</strong></span> <span class='ocrx_word' id='word_1_411' title='bbox 2196 2531 2359 2588; x_wconf 88' lang='lat' dir='ltr'><strong>domo</strong></span> <span class='ocrx_word' id='word_1_412' title='bbox 2386 2528 2607 2589; x_wconf 79' lang='lat' dir='ltr'><strong>Domini</strong></span> <span class='ocrx_word' id='word_1_413' title='bbox 2638 2578 2649 2597; x_wconf 96' lang='lat'><strong>,</strong></span> <span class='ocrx_word' id='word_1_414' title='bbox 2682 2534 2858 2588; x_wconf 79' lang='lat' dir='ltr'><strong>adhuc</strong></span> <span class='ocrx_word' id='word_1_415' title='bbox 2891 2526 3081 2587; x_wconf 73' lang='lat' dir='ltr'><strong>vivens</strong></span> <span class='ocrx_word' id='word_1_416' title='bbox 3121 2533 3175 2587; x_wconf 90' lang='lat' dir='ltr'><strong>in</strong></span> <span class='ocrx_word' id='word_1_417' title='bbox 3216 2536 3448 2601; x_wconf 68' lang='lat' dir='ltr'><strong>corpore</strong></span> 
     </span>
    </p>
   </div>
   <div class='ocr_carea' id='block_1_56' title="bbox 1852 2624 3447 2696">
    <p class='ocr_par' dir='ltr' id='par_1_56' title="bbox 1852 2624 3447 2696">
     <span class='ocr_line' id='line_1_56' title="bbox 1852 2624 3447 2696; baseline 0 -15"><span class='ocrx_word' id='word_1_418' title='bbox 1852 2627 2168 2695; x_wconf 80' lang='lat' dir='ltr'><strong>angelorum</strong></span> <span class='ocrx_word' id='word_1_419' title='bbox 2213 2642 2357 2696; x_wconf 86' lang='lat' dir='ltr'><strong>saepe</strong></span> <span class='ocrx_word' id='word_1_420' title='bbox 2390 2626 2575 2682; x_wconf 84' lang='lat' dir='ltr'><strong>choris</strong></span> <span class='ocrx_word' id='word_1_421' title='bbox 2618 2626 2875 2683; x_wconf 79' lang='lat' dir='ltr'><strong>interfui:</strong></span> <span class='ocrx_word' id='word_1_422' title='bbox 2919 2624 2989 2683; x_wconf 89' lang='lat' dir='ltr'><strong>de</strong></span> <span class='ocrx_word' id='word_1_423' title='bbox 3036 2628 3310 2694; x_wconf 67' lang='lat' dir='ltr'><strong>certior-eis</strong></span> <span class='ocrx_word' id='word_1_424' title='bbox 3336 2626 3447 2696; x_wconf 76' lang='lat' dir='ltr'><strong>per</strong></span> 
     </span>
    </p>
   </div>
   <div class='ocr_carea' id='block_1_57' title="bbox 1846 2718 3439 2795">
    <p class='ocr_par' dir='ltr' id='par_1_57' title="bbox 1846 2718 3439 2795">
     <span class='ocr_line' id='line_1_57' title="bbox 1846 2718 3439 2795; baseline -0.002 -22"><span class='ocrx_word' id='word_1_425' title='bbox 1846 2719 2225 2774; x_wconf 75' lang='lat' dir='ltr'><strong>hebdomadas</strong></span> <span class='ocrx_word' id='word_1_426' title='bbox 2258 2718 2391 2774; x_wconf 90' lang='lat' dir='ltr'><strong>nihil</strong></span> <span class='ocrx_word' id='word_1_427' title='bbox 2428 2722 2693 2782; x_wconf 89' lang='lat' dir='ltr'><strong>sentiens.</strong></span> <span class='ocrx_word' id='word_1_428' title='bbox 2728 2719 2930 2775; x_wconf 73' lang='lat' dir='ltr'><strong>divinae</strong></span> <span class='ocrx_word' id='word_1_429' title='bbox 2953 2719 3182 2775; x_wconf 85' lang='lat' dir='ltr'><strong>visionis</strong></span> <span class='ocrx_word' id='word_1_430' title='bbox 3202 2720 3400 2774; x_wconf 87' lang='lat' dir='ltr'><strong>intuitu</strong></span> <span class='ocrx_word' id='word_1_431' title='bbox 3416 2764 3439 2795; x_wconf 27' lang='lat'><strong>‘,</strong></span> 
     </span>
    </p>
   </div>
   <div class='ocr_carea' id='block_1_58' title="bbox 1852 2797 3443 2882">
    <p class='ocr_par' dir='ltr' id='par_1_58' title="bbox 1852 2797 3443 2882">
     <span class='ocr_line' id='line_1_58' title="bbox 1852 2797 3443 2882; baseline 0.001 -16"><span class='ocrx_word' id='word_1_432' title='bbox 1852 2812 1975 2881; x_wconf 88' lang='lat' dir='ltr'><strong>post</strong></span> <span class='ocrx_word' id='word_1_433' title='bbox 2028 2810 2322 2866; x_wconf 75' lang='lat' dir='ltr'><strong>multorum</strong></span> <span class='ocrx_word' id='word_1_434' title='bbox 2348 2811 2493 2867; x_wconf 80' lang='lat' dir='ltr'><strong>forte</strong></span> <span class='ocrx_word' id='word_1_435' title='bbox 2523 2812 2735 2867; x_wconf 90' lang='lat' dir='ltr'><strong>dierum</strong></span> <span class='ocrx_word' id='word_1_436' title='bbox 2770 2812 2970 2882; x_wconf 87' lang='lat' dir='ltr'><strong>spatia,</strong></span> <span class='ocrx_word' id='word_1_437' title='bbox 3010 2814 3269 2881; x_wconf 66' lang='lat' dir='ltr'><strong>praescius</strong></span> <span class='ocrx_word' id='word_1_438' title='bbox 3290 2797 3443 2867; x_wconf 63' lang='lat' dir='ltr'><strong>iutu-</strong></span> 
     </span>
    </p>
   </div>
   <div class='ocr_carea' id='block_1_59' title="bbox 1852 2890 3445 2977">
    <p class='ocr_par' dir='ltr' id='par_1_59' title="bbox 1852 2890 3445 2977">
     <span class='ocr_line' id='line_1_59' title="bbox 1852 2890 3445 2977; baseline 0.001 -16"><span class='ocrx_word' id='word_1_439' title='bbox 1852 2890 2069 2972; x_wconf 86' lang='lat' dir='ltr'><strong>rorum,</strong></span> <span class='ocrx_word' id='word_1_440' title='bbox 2104 2904 2346 2962; x_wconf 88' lang='lat' dir='ltr'><strong>redditus</strong></span> <span class='ocrx_word' id='word_1_441' title='bbox 2384 2908 2599 2977; x_wconf 91' lang='lat' dir='ltr'><strong>corpori</strong></span> <span class='ocrx_word' id='word_1_442' title='bbox 2654 2907 2875 2962; x_wconf 77' lang='lat' dir='ltr'><strong>flebam.</strong></span> <span class='ocrx_word' id='word_1_443' title='bbox 2925 2906 3061 2972; x_wconf 85' lang='lat' dir='ltr'><strong>Quid</strong></span> <span class='ocrx_word' id='word_1_444' title='bbox 3096 2904 3178 2961; x_wconf 86' lang='lat' dir='ltr'><strong>ibi</strong></span> <span class='ocrx_word' id='word_1_445' title='bbox 3220 2921 3445 2962; x_wconf 81' lang='lat' dir='ltr'><strong>manens</strong></span> 
     </span>
    </p>
   </div>
   <div class='ocr_carea' id='block_1_60' title="bbox 1846 2997 3444 3070">
    <p class='ocr_par' dir='ltr' id='par_1_60' title="bbox 1846 2997 3444 3070">
     <span class='ocr_line' id='line_1_60' title="bbox 1846 2997 3444 3070; baseline 0.001 -17"><span class='ocrx_word' id='word_1_446' title='bbox 1846 3000 2129 3054; x_wconf 66' lang='lat' dir='ltr'><strong>fclicitatis</strong></span> <span class='ocrx_word' id='word_1_447' title='bbox 2158 2998 2463 3054; x_wconf 75' lang='lat' dir='ltr'><strong>habebam?</strong></span> <span class='ocrx_word' id='word_1_448' title='bbox 2492 2999 2621 3070; x_wconf 90' lang='lat' dir='ltr'><strong>quid</strong></span> <span class='ocrx_word' id='word_1_449' title='bbox 2654 2997 3039 3053; x_wconf 84' lang='lat' dir='ltr'><strong>inenarrabilis</strong></span> <span class='ocrx_word' id='word_1_450' title='bbox 3064 2998 3444 3055; x_wconf 70' lang='lat' dir='ltr'><strong>delectationis</strong></span> 
     </span>
    </p>
   </div>
   <div class='ocr_carea' id='block_1_61' title="bbox 1851 3091 3439 3162">
    <p class='ocr_par' dir='ltr' id='par_1_61' title="bbox 1851 3091 3439 3162">
     <span class='ocr_line' id='line_1_61' title="bbox 1851 3091 3439 3162; baseline -0.001 -15"><span class='ocrx_word' id='word_1_451' title='bbox 1851 3092 2185 3148; x_wconf 82' lang='lat' dir='ltr'><strong>sentiebam?</strong></span> <span class='ocrx_word' id='word_1_452' title='bbox 2212 3092 2370 3147; x_wconf 78' lang='lat' dir='ltr'><strong>&#39;tcs&#39;tis</strong></span> <span class='ocrx_word' id='word_1_453' title='bbox 2400 3103 2481 3149; x_wconf 87' lang='lat' dir='ltr'><strong>est</strong></span> <span class='ocrx_word' id='word_1_454' title='bbox 2525 3094 2637 3162; x_wconf 90' lang='lat' dir='ltr'><strong>ipsa</strong></span> <span class='ocrx_word' id='word_1_455' title='bbox 2671 3091 2908 3147; x_wconf 78' lang='lat' dir='ltr'><strong>Trinitas</strong></span> <span class='ocrx_word' id='word_1_456' title='bbox 2941 3102 3099 3161; x_wconf 88' lang='lat' dir='ltr'><strong>quam</strong></span> <span class='ocrx_word' id='word_1_457' title='bbox 3124 3092 3439 3157; x_wconf 80' lang='lat' dir='ltr'><strong>cernebam,</strong></span> 
     </span>
    </p>
   </div>
   <div class='ocr_carea' id='block_1_62' title="bbox 161 3154 3443 3256">
    <p class='ocr_par' dir='ltr' id='par_1_62' title="bbox 161 3154 3443 3256">
     <span class='ocr_line' id='line_1_62' title="bbox 161 3154 3443 3256; baseline -0.002 -15"><span class='ocrx_word' id='word_1_458' title='bbox 161 3197 271 3235; x_wconf 86' lang='lat' dir='ltr'><strong>cum</strong></span> <span class='ocrx_word' id='word_1_459' title='bbox 302 3198 412 3235; x_wconf 87' lang='lat' dir='ltr'><strong>non</strong></span> <span class='ocrx_word' id='word_1_460' title='bbox 444 3181 637 3235; x_wconf 75' lang='lat' dir='ltr'><strong>habeat</strong></span> <span class='ocrx_word' id='word_1_461' title='bbox 666 3197 678 3231; x_wconf 83' lang='lat'><em>=</em></span> <span class='ocrx_word' id='word_1_462' title='bbox 709 3187 763 3232; x_wconf 69' lang='lat' dir='ltr'><strong>et</strong></span> <span class='ocrx_word' id='word_1_463' title='bbox 793 3176 1097 3231; x_wconf 72' lang='lat' dir='ltr'><strong>membrum</strong></span> <span class='ocrx_word' id='word_1_464' title='bbox 1144 3171 1417 3242; x_wconf 63' lang='grc' dir='ltr'><strong>Ρυιτίάω</strong></span> <span class='ocrx_word' id='word_1_465' title='bbox 1447 3170 1517 3225; x_wconf 59' lang='grc' dir='ltr'><strong>(ιθ</strong></span> <span class='ocrx_word' id='word_1_466' title='bbox 1558 3154 1819 3241; x_wconf 53' lang='lat' dir='ltr'><strong>“nouit</strong></span> <span class='ocrx_word' id='word_1_467' title='bbox 1852 3186 2039 3240; x_wconf 88' lang='lat' dir='ltr'><strong>nescio</strong></span> <span class='ocrx_word' id='word_1_468' title='bbox 2060 3200 2167 3256; x_wconf 88' lang='lat' dir='ltr'><strong>quo</strong></span> <span class='ocrx_word' id='word_1_469' title='bbox 2186 3185 2413 3253; x_wconf 81' lang='lat' dir='ltr'><strong>intuitu.</strong></span> <span class='ocrx_word' id='word_1_470' title='bbox 2440 3184 2630 3241; x_wconf 83' lang='lat' dir='ltr'><strong>Testes</strong></span> <span class='ocrx_word' id='word_1_471' title='bbox 2658 3196 2779 3240; x_wconf 86' lang='lat' dir='ltr'><strong>sun&#39;l</strong></span> <span class='ocrx_word' id='word_1_472' title='bbox 2810 3194 2864 3239; x_wconf 90' lang='lat' dir='ltr'><strong>et</strong></span> <span class='ocrx_word' id='word_1_473' title='bbox 2887 3184 2985 3254; x_wconf 89' lang='lat' dir='ltr'><strong>ipsi</strong></span> <span class='ocrx_word' id='word_1_474' title='bbox 3019 3182 3163 3238; x_wconf 89' lang='lat' dir='ltr'><strong>beati</strong></span> <span class='ocrx_word' id='word_1_475' title='bbox 3193 3178 3443 3252; x_wconf 81' lang='lat' dir='ltr'><strong>spiritus,</strong></span> 
     </span>
    </p>
   </div>
   <div class='ocr_carea' id='block_1_63' title="bbox 159 3272 721 3348">
    <p class='ocr_par' dir='ltr' id='par_1_63' title="bbox 159 3272 721 3348">
     <span class='ocr_line' id='line_1_63' title="bbox 159 3272 721 3348; baseline -0.004 -19"><span class='ocrx_word' id='word_1_476' title='bbox 159 3288 390 3348; x_wconf 83' lang='lat' dir='ltr'><strong>corpore</strong></span> <span class='ocrx_word' id='word_1_477' title='bbox 414 3272 721 3328; x_wconf 80' lang='lat' dir='ltr'><strong>excidatur.</strong></span> 
     </span>
    </p>
   </div>
   <div class='ocr_carea' id='block_1_64' title="bbox 252 3339 1181 3400">
    <p class='ocr_par' dir='ltr' id='par_1_64' title="bbox 252 3339 1181 3400">
     <span class='ocr_line' id='line_1_64' title="bbox 252 3339 1181 3400; baseline -0.005 2"><span class='ocrx_word' id='word_1_478' title='bbox 252 3339 267 3365; x_wconf 75' lang='grc'><strong><em>⁷</em></strong></span> <span class='ocrx_word' id='word_1_479' title='bbox 723 3341 952 3400; x_wconf 76' lang='lat' dir='ltr'><strong>CAPUT</strong></span> <span class='ocrx_word' id='word_1_480' title='bbox 989 3339 1181 3397; x_wconf 71' lang='lat' dir='ltr'><strong>XXVI.</strong></span> 
     </span>
    </p>
   </div>
   <div class='ocr_carea' id='block_1_65' title="bbox 334 3430 1563 3506">
    <p class='ocr_par' dir='ltr' id='par_1_65' title="bbox 334 3430 1563 3506">
     <span class='ocr_line' id='line_1_65' title="bbox 334 3430 1563 3506; baseline -0.011 -12"><span class='ocrx_word' id='word_1_481' title='bbox 334 3439 413 3494; x_wconf 71' lang='lat' dir='ltr'><strong>De</strong></span> <span class='ocrx_word' id='word_1_482' title='bbox 442 3438 716 3493; x_wconf 64' lang='lat' dir='ltr'><strong>dulcedine</strong></span> <span class='ocrx_word' id='word_1_483' title='bbox 744 3434 1193 3506; x_wconf 54' lang='lat' dir='ltr'><strong>contemplations</strong></span> <span class='ocrx_word' id='word_1_484' title='bbox 1217 3442 1337 3504; x_wconf 74' lang='lat' dir='ltr'><strong>ergo</strong></span> <span class='ocrx_word' id='word_1_485' title='bbox 1364 3430 1563 3484; x_wconf 76' lang='lat' dir='ltr'><strong>divina.</strong></span> 
     </span>
    </p>
   </div>
   <div class='ocr_carea' id='block_1_66' title="bbox 218 3540 1748 3613">
    <p class='ocr_par' dir='ltr' id='par_1_66' title="bbox 218 3540 1748 3613">
     <span class='ocr_line' id='line_1_66' title="bbox 218 3540 1748 3613; baseline -0.01 -4"><span class='ocrx_word' id='word_1_486' title='bbox 218 3553 366 3609; x_wconf 68' lang='lat' dir='ltr'><strong>Sola:</strong></span> <span class='ocrx_word' id='word_1_487' title='bbox 410 3551 622 3606; x_wconf 62' lang='lat' dir='ltr'><strong>“idcirco</strong></span> <span class='ocrx_word' id='word_1_488' title='bbox 673 3550 795 3605; x_wconf 69' lang='lat' dir='ltr'><strong>filiae</strong></span> <span class='ocrx_word' id='word_1_489' title='bbox 832 3561 885 3605; x_wconf 90' lang='lat' dir='ltr'><strong>et</strong></span> <span class='ocrx_word' id='word_1_490' title='bbox 918 3548 1160 3604; x_wconf 72' lang='lat' dir='ltr'><strong>domina:</strong></span> <span class='ocrx_word' id='word_1_491' title='bbox 1182 3556 1358 3609; x_wconf 78' lang='lat' dir='ltr'><strong>meae,</strong></span> <span class='ocrx_word' id='word_1_492' title='bbox 1390 3556 1611 3613; x_wconf 74' lang='lat' dir='ltr'><strong>sponsa:</strong></span> <span class='ocrx_word' id='word_1_493' title='bbox 1638 3540 1748 3595; x_wconf 73' lang='lat' dir='ltr'><strong>Do-</strong></span> 
     </span>
    </p>
   </div>
   <div class='ocr_carea' id='block_1_67' title="bbox 159 3636 1740 3703">
    <p class='ocr_par' dir='ltr' id='par_1_67' title="bbox 159 3636 1740 3703">
     <span class='ocr_line' id='line_1_67' title="bbox 159 3636 1740 3703; baseline -0.008 -4"><span class='ocrx_word' id='word_1_494' title='bbox 159 3646 278 3701; x_wconf 81' lang='lat' dir='ltr'><strong>mini</strong></span> <span class='ocrx_word' id='word_1_495' title='bbox 314 3646 610 3701; x_wconf 71' lang='lat' dir='ltr'><strong>‘mei&#39;intus</strong></span> <span class='ocrx_word' id='word_1_496' title='bbox 644 3650 929 3699; x_wconf 66' lang='lat' dir='ltr'><strong>manentes</strong></span> <span class='ocrx_word' id='word_1_497' title='bbox 976 3641 1107 3697; x_wconf 72' lang='lat' dir='ltr'><strong>nihil</strong></span> <span class='ocrx_word' id='word_1_498' title='bbox 1154 3638 1426 3703; x_wconf 61' lang='lat' dir='ltr'><strong>sentiant,</strong></span> <span class='ocrx_word' id='word_1_499' title='bbox 1454 3637 1564 3691; x_wconf 72' lang='lat' dir='ltr'><strong>nisi</strong></span> <span class='ocrx_word' id='word_1_500' title='bbox 1590 3636 1740 3703; x_wconf 76' lang='lat' dir='ltr'><strong>pium</strong></span> 
     </span>
    </p>
   </div>
   <div class='ocr_carea' id='block_1_68' title="bbox 158 3726 1743 3805">
    <p class='ocr_par' dir='ltr' id='par_1_68' title="bbox 158 3726 1743 3805">
     <span class='ocr_line' id='line_1_68' title="bbox 158 3726 1743 3805; baseline -0.008 -14"><span class='ocrx_word' id='word_1_501' title='bbox 158 3736 330 3792; x_wconf 77' lang='lat' dir='ltr'><strong>Jcsum</strong></span> <span class='ocrx_word' id='word_1_502' title='bbox 363 3755 376 3791; x_wconf 90' lang='lat'><strong>:</strong></span> <span class='ocrx_word' id='word_1_503' title='bbox 408 3736 557 3791; x_wconf 78' lang='lat' dir='ltr'><strong>hunc</strong></span> <span class='ocrx_word' id='word_1_504' title='bbox 593 3734 906 3805; x_wconf 73' lang='lat' dir='ltr'><strong>paradisum</strong></span> <span class='ocrx_word' id='word_1_505' title='bbox 934 3735 1073 3789; x_wconf 64' lang='lat' dir='ltr'><strong>sete</strong></span> <span class='ocrx_word' id='word_1_506' title='bbox 1103 3732 1415 3802; x_wconf 73' lang='lat' dir='ltr'><strong>possidet-nt</strong></span> <span class='ocrx_word' id='word_1_507' title='bbox 1436 3771 1450 3794; x_wconf 89' lang='lat'><strong>,</strong></span> <span class='ocrx_word' id='word_1_508' title='bbox 1480 3728 1572 3783; x_wconf 79' lang='lat' dir='ltr'><strong>ubi</strong></span> <span class='ocrx_word' id='word_1_509' title='bbox 1594 3726 1743 3787; x_wconf 62' lang='lat' dir='ltr'><strong>Mei</strong></span> 
     </span>
    </p>
   </div>
   <div class='ocr_carea' id='block_1_69' title="bbox 159 3823 1744 3896">
    <p class='ocr_par' dir='ltr' id='par_1_69' title="bbox 159 3823 1744 3896">
     <span class='ocr_line' id='line_1_69' title="bbox 159 3823 1744 3896; baseline -0.004 -18"><span class='ocrx_word' id='word_1_510' title='bbox 159 3827 460 3896; x_wconf 69' lang='lat' dir='ltr'><strong>iniucunda</strong></span> <span class='ocrx_word' id='word_1_511' title='bbox 494 3828 677 3896; x_wconf 89' lang='lat' dir='ltr'><strong>quiete</strong></span> <span class='ocrx_word' id='word_1_512' title='bbox 711 3826 1039 3881; x_wconf 63' lang='lat' dir='ltr'><strong>ineﬂ‘ubiletn</strong></span> <span class='ocrx_word' id='word_1_513' title='bbox 1070 3826 1398 3879; x_wconf 81' lang='lat' dir='ltr'><strong>Trinitatem</strong></span> <span class='ocrx_word' id='word_1_514' title='bbox 1418 3823 1744 3876; x_wconf 66' lang='lat' dir='ltr'><strong>intueantur</strong></span> 
     </span>
    </p>
   </div>
   <div class='ocr_carea' id='block_1_70' title="bbox 152 3911 1745 3984">
    <p class='ocr_par' dir='ltr' id='par_1_70' title="bbox 152 3911 1745 3984">
     <span class='ocr_line' id='line_1_70' title="bbox 152 3911 1745 3984; baseline -0.004 -14"><span class='ocrx_word' id='word_1_515' title='bbox 152 3918 207 3970; x_wconf 88' lang='lat' dir='ltr'><strong>in</strong></span> <span class='ocrx_word' id='word_1_516' title='bbox 241 3920 412 3974; x_wconf 87' lang='lat' dir='ltr'><strong>sacris</strong></span> <span class='ocrx_word' id='word_1_517' title='bbox 448 3920 653 3973; x_wconf 85' lang='lat' dir='ltr'><strong>litteris</strong></span> <span class='ocrx_word' id='word_1_518' title='bbox 687 3936 699 3969; x_wconf 91' lang='lat'><strong>:</strong></span> <span class='ocrx_word' id='word_1_519' title='bbox 728 3919 909 3973; x_wconf 85' lang='lat' dir='ltr'><strong>choris</strong></span> <span class='ocrx_word' id='word_1_520' title='bbox 944 3918 1208 3972; x_wconf 73' lang='lat' dir='ltr'><strong>intersint</strong></span> <span class='ocrx_word' id='word_1_521' title='bbox 1235 3914 1539 3984; x_wconf 76' lang='lat' dir='ltr'><strong>angelicis:</strong></span> <span class='ocrx_word' id='word_1_522' title='bbox 1570 3911 1745 3965; x_wconf 61' lang='lat' dir='ltr'><strong>dlici-</strong></span> 
     </span>
    </p>
   </div>
   <div class='ocr_carea' id='block_1_71' title="bbox 154 4003 1743 4077">
    <p class='ocr_par' dir='ltr' id='par_1_71' title="bbox 154 4003 1743 4077">
     <span class='ocr_line' id='line_1_71' title="bbox 154 4003 1743 4077; baseline -0.004 -17"><span class='ocrx_word' id='word_1_523' title='bbox 154 4008 245 4064; x_wconf 88' lang='lat' dir='ltr'><strong>bus</strong></span> <span class='ocrx_word' id='word_1_524' title='bbox 270 4016 466 4066; x_wconf 81' lang='lat' dir='ltr'><strong>eurum</strong></span> <span class='ocrx_word' id='word_1_525' title='bbox 498 4012 748 4066; x_wconf 76' lang='lat' dir='ltr'><strong>melost</strong></span> <span class='ocrx_word' id='word_1_526' title='bbox 793 4014 1149 4077; x_wconf 80' lang='lat' dir='ltr'><strong>misceantur,</strong></span> <span class='ocrx_word' id='word_1_527' title='bbox 1183 4006 1368 4063; x_wconf 82' lang='lat' dir='ltr'><strong>divina</strong></span> <span class='ocrx_word' id='word_1_528' title='bbox 1412 4007 1464 4061; x_wconf 88' lang='lat' dir='ltr'><strong>in</strong></span> <span class='ocrx_word' id='word_1_529' title='bbox 1492 4003 1743 4060; x_wconf 63' lang='lat' dir='ltr'><strong>Ecclesia</strong></span> 
     </span>
    </p>
   </div>
   <div class='ocr_carea' id='block_1_72' title="bbox 154 4102 1739 4177">
    <p class='ocr_par' dir='ltr' id='par_1_72' title="bbox 154 4102 1739 4177">
     <span class='ocr_line' id='line_1_72' title="bbox 154 4102 1739 4177; baseline -0.003 -22"><span class='ocrx_word' id='word_1_530' title='bbox 154 4102 488 4159; x_wconf 84' lang='lat' dir='ltr'><strong>concinendo</strong></span> <span class='ocrx_word' id='word_1_531' title='bbox 516 4107 796 4177; x_wconf 82' lang='lat' dir='ltr'><strong>mysteria.</strong></span> <span class='ocrx_word' id='word_1_532' title='bbox 844 4104 1108 4159; x_wconf 87' lang='lat' dir='ltr'><strong>lnformet</strong></span> <span class='ocrx_word' id='word_1_533' title='bbox 1140 4112 1383 4158; x_wconf 73' lang='lat' dir='ltr'><strong>mentem</strong></span> <span class='ocrx_word' id='word_1_534' title='bbox 1427 4106 1739 4155; x_wconf 78' lang='lat' dir='ltr'><strong>sanctorum</strong></span> 
     </span>
    </p>
   </div>
   <div class='ocr_carea' id='block_1_73' title="bbox 154 4193 1738 4269">
    <p class='ocr_par' dir='ltr' id='par_1_73' title="bbox 154 4193 1738 4269">
     <span class='ocr_line' id='line_1_73' title="bbox 154 4193 1738 4269; baseline -0.004 -18"><span class='ocrx_word' id='word_1_535' title='bbox 154 4197 582 4262; x_wconf 83' lang='lat' dir='ltr'><strong>patriarcharum</strong></span> <span class='ocrx_word' id='word_1_536' title='bbox 632 4209 688 4254; x_wconf 88' lang='lat' dir='ltr'><strong>et</strong></span> <span class='ocrx_word' id='word_1_537' title='bbox 729 4198 941 4269; x_wconf 84' lang='lat' dir='ltr'><strong>patrum</strong></span> <span class='ocrx_word' id='word_1_538' title='bbox 1002 4198 1347 4268; x_wconf 82' lang='lat' dir='ltr'><strong>antiquorum</strong></span> <span class='ocrx_word' id='word_1_539' title='bbox 1404 4193 1738 4251; x_wconf 75' lang='lat' dir='ltr'><strong>obedientia.</strong></span> 
     </span>
    </p>
   </div>
   <div class='ocr_carea' id='block_1_74' title="bbox 156 4288 1738 4362">
    <p class='ocr_par' dir='ltr' id='par_1_74' title="bbox 156 4288 1738 4362">
     <span class='ocr_line' id='line_1_74' title="bbox 156 4288 1738 4362; baseline -0.002 -19"><span class='ocrx_word' id='word_1_540' title='bbox 156 4288 546 4362; x_wconf 84' lang='lat' dir='ltr'><strong>Prophetarum</strong></span> <span class='ocrx_word' id='word_1_541' title='bbox 578 4293 795 4348; x_wconf 89' lang='lat' dir='ltr'><strong>oracula</strong></span> <span class='ocrx_word' id='word_1_542' title='bbox 824 4293 970 4348; x_wconf 88' lang='lat' dir='ltr'><strong>dulci</strong></span> <span class='ocrx_word' id='word_1_543' title='bbox 1006 4292 1361 4347; x_wconf 87' lang='lat' dir='ltr'><strong>meditatione</strong></span> <span class='ocrx_word' id='word_1_544' title='bbox 1404 4306 1500 4344; x_wconf 93' lang='lat' dir='ltr'><strong>cor</strong></span> <span class='ocrx_word' id='word_1_545' title='bbox 1542 4301 1738 4341; x_wconf 81' lang='lat' dir='ltr'><strong>accen-</strong></span> 
     </span>
    </p>
   </div>
   <div class='ocr_carea' id='block_1_75' title="bbox 156 4378 1737 4457">
    <p class='ocr_par' dir='ltr' id='par_1_75' title="bbox 156 4378 1737 4457">
     <span class='ocr_line' id='line_1_75' title="bbox 156 4378 1737 4457; baseline -0.003 -22"><span class='ocrx_word' id='word_1_546' title='bbox 156 4383 270 4438; x_wconf 87' lang='lat' dir='ltr'><strong>dant</strong></span> <span class='ocrx_word' id='word_1_547' title='bbox 304 4384 373 4440; x_wconf 78' lang='lat' dir='ltr'><strong>ad</strong></span> <span class='ocrx_word' id='word_1_548' title='bbox 408 4387 680 4457; x_wconf 86' lang='lat' dir='ltr'><strong>promissa</strong></span> <span class='ocrx_word' id='word_1_549' title='bbox 722 4385 922 4441; x_wconf 76' lang='lat' dir='ltr'><strong>felicia.</strong></span> <span class='ocrx_word' id='word_1_550' title='bbox 977 4386 1285 4457; x_wconf 83' lang='lat' dir='ltr'><strong>Apostolica</strong></span> <span class='ocrx_word' id='word_1_551' title='bbox 1311 4384 1638 4440; x_wconf 85' lang='lat' dir='ltr'><strong>documenta</strong></span> <span class='ocrx_word' id='word_1_552' title='bbox 1664 4378 1737 4433; x_wconf 68' lang='lat' dir='ltr'><strong>i-</strong></span> 
     </span>
    </p>
   </div>
   <div class='ocr_carea' id='block_1_76' title="bbox 157 4473 1146 4548">
    <p class='ocr_par' dir='ltr' id='par_1_76' title="bbox 157 4473 1146 4548">
     <span class='ocr_line' id='line_1_76' title="bbox 157 4473 1146 4548; baseline 0.002 -20"><span class='ocrx_word' id='word_1_553' title='bbox 157 4473 233 4531; x_wconf 89' lang='lat' dir='ltr'><strong>dei</strong></span> <span class='ocrx_word' id='word_1_554' title='bbox 262 4491 462 4533; x_wconf 85' lang='lat' dir='ltr'><strong>cuncta</strong></span> <span class='ocrx_word' id='word_1_555' title='bbox 495 4478 753 4548; x_wconf 84' lang='lat' dir='ltr'><strong>detegant</strong></span> <span class='ocrx_word' id='word_1_556' title='bbox 780 4490 1146 4534; x_wconf 85' lang='lat' dir='ltr'><strong>sacramenta.</strong></span> 
     </span>
    </p>
   </div>
   <div class='ocr_carea' id='block_1_77' title="bbox 1851 3278 3440 3350">
    <p class='ocr_par' dir='ltr' id='par_1_77' title="bbox 1851 3278 3440 3350">
     <span class='ocr_line' id='line_1_77' title="bbox 1851 3278 3440 3350; baseline -0.003 -15"><span class='ocrx_word' id='word_1_557' title='bbox 1851 3282 1942 3350; x_wconf 90' lang='lat' dir='ltr'><strong>qui</strong></span> <span class='ocrx_word' id='word_1_558' title='bbox 1984 3282 2230 3335; x_wconf 86' lang='lat' dir='ltr'><strong>aderant.</strong></span> <span class='ocrx_word' id='word_1_559' title='bbox 2260 3278 2437 3335; x_wconf 88' lang='lat' dir='ltr'><strong>Testis</strong></span> <span class='ocrx_word' id='word_1_560' title='bbox 2479 3289 2562 3335; x_wconf 90' lang='lat' dir='ltr'><strong>est</strong></span> <span class='ocrx_word' id='word_1_561' title='bbox 2609 3279 2755 3335; x_wconf 90' lang='lat' dir='ltr'><strong>enim</strong></span> <span class='ocrx_word' id='word_1_562' title='bbox 2787 3278 3116 3332; x_wconf 69' lang='lat' dir='ltr'><strong>conscientia</strong></span> <span class='ocrx_word' id='word_1_563' title='bbox 3144 3290 3304 3330; x_wconf 89' lang='lat' dir='ltr'><strong>mea:</strong></span> <span class='ocrx_word' id='word_1_564' title='bbox 3349 3278 3440 3346; x_wconf 87' lang='lat' dir='ltr'><strong>qui</strong></span> 
     </span>
    </p>
   </div>
   <div class='ocr_carea' id='block_1_78' title="bbox 1852 3368 3436 3441">
    <p class='ocr_par' dir='ltr' id='par_1_78' title="bbox 1852 3368 3436 3441">
     <span class='ocr_line' id='line_1_78' title="bbox 1852 3368 3436 3441; baseline -0.003 -16"><span class='ocrx_word' id='word_1_565' title='bbox 1852 3372 2012 3427; x_wconf 87' lang='lat' dir='ltr'><strong>tantis</strong></span> <span class='ocrx_word' id='word_1_566' title='bbox 2030 3373 2194 3427; x_wconf 78' lang='lat' dir='ltr'><strong>‘bonis</strong></span> <span class='ocrx_word' id='word_1_567' title='bbox 2223 3372 2336 3441; x_wconf 90' lang='lat' dir='ltr'><strong>ipse</strong></span> <span class='ocrx_word' id='word_1_568' title='bbox 2366 3370 2607 3434; x_wconf 80' lang='lat' dir='ltr'><strong>fruebar,</strong></span> <span class='ocrx_word' id='word_1_569' title='bbox 2638 3378 2771 3440; x_wconf 88' lang='lat' dir='ltr'><strong>quot</strong></span> <span class='ocrx_word' id='word_1_570' title='bbox 2813 3378 2868 3425; x_wconf 82' lang='lat' dir='ltr'><strong>et</strong></span> <span class='ocrx_word' id='word_1_571' title='bbox 2896 3369 3074 3439; x_wconf 81' lang='lat' dir='ltr'><strong>qualia</strong></span> <span class='ocrx_word' id='word_1_572' title='bbox 3100 3368 3280 3423; x_wconf 82' lang='lat' dir='ltr'><strong>nescit</strong></span> <span class='ocrx_word' id='word_1_573' title='bbox 3300 3368 3436 3438; x_wconf 56' lang='lat' dir='ltr'><strong>pro“-</strong></span> 
     </span>
    </p>
   </div>
   <div class='ocr_carea' id='block_1_79' title="bbox 1849 3464 2709 3533">
    <p class='ocr_par' dir='ltr' id='par_1_79' title="bbox 1849 3464 2709 3533">
     <span class='ocr_line' id='line_1_79' title="bbox 1849 3464 2709 3533; baseline -0.001 -14"><span class='ocrx_word' id='word_1_574' title='bbox 1849 3464 1992 3521; x_wconf 86' lang='lat' dir='ltr'><strong>ferre</strong></span> <span class='ocrx_word' id='word_1_575' title='bbox 2022 3464 2278 3520; x_wconf 88' lang='lat' dir='ltr'><strong>mollities</strong></span> <span class='ocrx_word' id='word_1_576' title='bbox 2306 3464 2550 3533; x_wconf 67' lang='lat' dir='ltr'><strong>corporis</strong></span> <span class='ocrx_word' id='word_1_577' title='bbox 2576 3464 2709 3518; x_wconf 82' lang='lat' dir='ltr'><strong>moi.</strong></span> 
     </span>
    </p>
   </div>
   <div class='ocr_carea' id='block_1_80' title="bbox 2395 3596 2969 3655">
    <p class='ocr_par' dir='ltr' id='par_1_80' title="bbox 2395 3596 2969 3655">
     <span class='ocr_line' id='line_1_80' title="bbox 2395 3596 2969 3655; baseline -0.007 0"><span class='ocrx_word' id='word_1_578' title='bbox 2395 3597 2627 3655; x_wconf 76' lang='lat' dir='ltr'><strong>CAPUT</strong></span> <span class='ocrx_word' id='word_1_579' title='bbox 2666 3596 2882 3654; x_wconf 58' lang='lat' dir='ltr'><strong>Exul.</strong></span> <span class='ocrx_word' id='word_1_580' title='bbox 2916 3626 2921 3631; x_wconf 72' lang='grc' dir='ltr'><em>ι</em></span> <span class='ocrx_word' id='word_1_581' title='bbox 2966 3614 2969 3617; x_wconf 67' lang='lat'><em>‘</em></span> 
     </span>
    </p>
   </div>
   <div class='ocr_carea' id='block_1_81' title="bbox 2336 3711 2894 3769">
    <p class='ocr_par' dir='ltr' id='par_1_81' title="bbox 2336 3711 2894 3769">
     <span class='ocr_line' id='line_1_81' title="bbox 2336 3711 2894 3769; baseline -0.005 -2"><span class='ocrx_word' id='word_1_582' title='bbox 2336 3711 2413 3769; x_wconf 73' lang='lat' dir='ltr'><strong>De</strong></span> <span class='ocrx_word' id='word_1_583' title='bbox 2436 3712 2684 3767; x_wconf 70' lang='lat' dir='ltr'><strong>domum</strong></span> <span class='ocrx_word' id='word_1_584' title='bbox 2707 3712 2894 3765; x_wconf 77' lang='lat' dir='ltr'><strong>damus</strong></span> 
     </span>
    </p>
   </div>
   <div class='ocr_carea' id='block_1_82' title="bbox 1920 3824 3437 3898">
    <p class='ocr_par' dir='ltr' id='par_1_82' title="bbox 1920 3824 3437 3898">
     <span class='ocr_line' id='line_1_82' title="bbox 1920 3824 3437 3898; baseline 0.001 -14"><span class='ocrx_word' id='word_1_585' title='bbox 1920 3827 2037 3884; x_wconf 86' lang='lat' dir='ltr'><strong>Non</strong></span> <span class='ocrx_word' id='word_1_586' title='bbox 2084 3836 2262 3898; x_wconf 87' lang='lat' dir='ltr'><strong>potest</strong></span> <span class='ocrx_word' id='word_1_587' title='bbox 2291 3827 2358 3881; x_wconf 89' lang='lat' dir='ltr'><strong>ad</strong></span> <span class='ocrx_word' id='word_1_588' title='bbox 2401 3835 2565 3882; x_wconf 74' lang='lat' dir='ltr'><strong>tanta:</strong></span> <span class='ocrx_word' id='word_1_589' title='bbox 2593 3824 3070 3898; x_wconf 67' lang='lat' dir='ltr'><strong>contemplationis</strong></span> <span class='ocrx_word' id='word_1_590' title='bbox 3096 3826 3437 3885; x_wconf 78' lang='lat' dir='ltr'><strong>duicedinem</strong></span> 
     </span>
    </p>
   </div>
   <div class='ocr_carea' id='block_1_83' title="bbox 1845 3919 3437 3990">
    <p class='ocr_par' dir='ltr' id='par_1_83' title="bbox 1845 3919 3437 3990">
     <span class='ocr_line' id='line_1_83' title="bbox 1845 3919 3437 3990; baseline -0.001 -12"><span class='ocrx_word' id='word_1_591' title='bbox 1845 3938 1943 3978; x_wconf 74' lang='lat' dir='ltr'><strong>cur</strong></span> <span class='ocrx_word' id='word_1_592' title='bbox 1992 3922 2344 3976; x_wconf 62' lang='lat' dir='ltr'><strong>saecularibus</strong></span> <span class='ocrx_word' id='word_1_593' title='bbox 2408 3919 2627 3990; x_wconf 87' lang='lat' dir='ltr'><strong>plenum</strong></span> <span class='ocrx_word' id='word_1_594' title='bbox 2688 3920 2922 3983; x_wconf 71' lang='lat' dir='ltr'><strong>negotiis</strong></span> <span class='ocrx_word' id='word_1_595' title='bbox 2974 3919 3216 3988; x_wconf 85' lang='lat' dir='ltr'><strong>aspirare</strong></span> <span class='ocrx_word' id='word_1_596' title='bbox 3267 3939 3282 3975; x_wconf 91' lang='lat'><strong>:</strong></span> <span class='ocrx_word' id='word_1_597' title='bbox 3336 3924 3437 3978; x_wconf 86' lang='lat' dir='ltr'><strong>sed</strong></span> 
     </span>
    </p>
   </div>
   <div class='ocr_carea' id='block_1_84' title="bbox 1844 4010 3439 4083">
    <p class='ocr_par' dir='ltr' id='par_1_84' title="bbox 1844 4010 3439 4083">
     <span class='ocr_line' id='line_1_84' title="bbox 1844 4010 3439 4083; baseline 0 -16"><span class='ocrx_word' id='word_1_598' title='bbox 1844 4022 2061 4083; x_wconf 87' lang='lat' dir='ltr'><strong>oportet</strong></span> <span class='ocrx_word' id='word_1_599' title='bbox 2090 4020 2149 4067; x_wconf 93' lang='lat' dir='ltr'><strong>ut</strong></span> <span class='ocrx_word' id='word_1_600' title='bbox 2186 4011 2389 4067; x_wconf 65' lang='lat' dir='ltr'><strong>smculo</strong></span> <span class='ocrx_word' id='word_1_601' title='bbox 2420 4011 2710 4073; x_wconf 80' lang='lat' dir='ltr'><strong>moriatur,</strong></span> <span class='ocrx_word' id='word_1_602' title='bbox 2752 4022 2807 4065; x_wconf 79' lang='lat' dir='ltr'><strong>et</strong></span> <span class='ocrx_word' id='word_1_603' title='bbox 2840 4010 2939 4066; x_wconf 78' lang='lat' dir='ltr'><strong>soli</strong></span> <span class='ocrx_word' id='word_1_604' title='bbox 2966 4011 3086 4066; x_wconf 82' lang='lat' dir='ltr'><strong>‘Deo</strong></span> <span class='ocrx_word' id='word_1_605' title='bbox 3124 4026 3227 4082; x_wconf 86' lang='lat' dir='ltr'><strong>per</strong></span> <span class='ocrx_word' id='word_1_606' title='bbox 3262 4022 3439 4068; x_wconf 80' lang='lat' dir='ltr'><strong>tantas</strong></span> 
     </span>
    </p>
   </div>
   <div class='ocr_carea' id='block_1_85' title="bbox 1845 4104 3439 4175">
    <p class='ocr_par' dir='ltr' id='par_1_85' title="bbox 1845 4104 3439 4175">
     <span class='ocr_line' id='line_1_85' title="bbox 1845 4104 3439 4175; baseline 0.001 -14"><span class='ocrx_word' id='word_1_607' title='bbox 1845 4105 2228 4162; x_wconf 71' lang='lat' dir='ltr'><strong>meditationes</strong></span> <span class='ocrx_word' id='word_1_608' title='bbox 2274 4108 2329 4159; x_wconf 89' lang='lat' dir='ltr'><strong>et</strong></span> <span class='ocrx_word' id='word_1_609' title='bbox 2376 4104 2640 4160; x_wconf 84' lang='lat' dir='ltr'><strong>desideria</strong></span> <span class='ocrx_word' id='word_1_610' title='bbox 2673 4105 2923 4175; x_wconf 74' lang='lat' dir='ltr'><strong>superius</strong></span> <span class='ocrx_word' id='word_1_611' title='bbox 2952 4106 3234 4160; x_wconf 64' lang='lat' dir='ltr'><strong>inhaereat.</strong></span> <span class='ocrx_word' id='word_1_612' title='bbox 3278 4107 3439 4163; x_wconf 80' lang='lat' dir='ltr'><strong>Unde</strong></span> 
     </span>
    </p>
   </div>
   <div class='ocr_carea' id='block_1_86' title="bbox 1841 4196 3442 4274">
    <p class='ocr_par' dir='ltr' id='par_1_86' title="bbox 1841 4196 3442 4274">
     <span class='ocr_line' id='line_1_86' title="bbox 1841 4196 3442 4274; baseline -0.001 -21"><span class='ocrx_word' id='word_1_613' title='bbox 1841 4216 2061 4274; x_wconf 82' lang='lat' dir='ltr'><strong>granum</strong></span> <span class='ocrx_word' id='word_1_614' title='bbox 2090 4198 2337 4271; x_wconf 78' lang='lat' dir='ltr'><strong>frumenti</strong></span> <span class='ocrx_word' id='word_1_615' title='bbox 2368 4196 2557 4253; x_wconf 75' lang='lat' dir='ltr'><strong>cadens</strong></span> <span class='ocrx_word' id='word_1_616' title='bbox 2578 4200 2631 4253; x_wconf 77' lang='lat' dir='ltr'><strong>in</strong></span> <span class='ocrx_word' id='word_1_617' title='bbox 2658 4209 2845 4252; x_wconf 75' lang='lat' dir='ltr'><strong>terram</strong></span> <span class='ocrx_word' id='word_1_618' title='bbox 2864 4240 2878 4264; x_wconf 94' lang='lat'><strong>,</strong></span> <span class='ocrx_word' id='word_1_619' title='bbox 2918 4200 3021 4252; x_wconf 80' lang='lat' dir='ltr'><strong>nisi</strong></span> <span class='ocrx_word' id='word_1_620' title='bbox 3047 4208 3304 4252; x_wconf 76' lang='lat' dir='ltr'><strong>mortuum</strong></span> <span class='ocrx_word' id='word_1_621' title='bbox 3328 4202 3442 4268; x_wconf 79' lang='lat' dir='ltr'><strong>fue-</strong></span> 
     </span>
    </p>
   </div>
   <div class='ocr_carea' id='block_1_87' title="bbox 1830 4292 3440 4365">
    <p class='ocr_par' dir='ltr' id='par_1_87' title="bbox 1830 4292 3440 4365">
     <span class='ocr_line' id='line_1_87' title="bbox 1830 4292 3440 4365; baseline -0.002 -16"><span class='ocrx_word' id='word_1_622' title='bbox 1830 4298 1942 4360; x_wconf 79' lang='lat' dir='ltr'><strong>‘rit,</strong></span> <span class='ocrx_word' id='word_1_623' title='bbox 1994 4306 2232 4365; x_wconf 76' lang='lat' dir='ltr'><strong>seraper,</strong></span> <span class='ocrx_word' id='word_1_624' title='bbox 2288 4294 2367 4348; x_wconf 77' lang='lat' dir='ltr'><strong>sic</strong></span> <span class='ocrx_word' id='word_1_625' title='bbox 2406 4294 2578 4348; x_wconf 84' lang='lat' dir='ltr'><strong>solum</strong></span> <span class='ocrx_word' id='word_1_626' title='bbox 2626 4302 2795 4348; x_wconf 86' lang='lat' dir='ltr'><strong>manet</strong></span> <span class='ocrx_word' id='word_1_627' title='bbox 2843 4302 2901 4347; x_wconf 91' lang='lat' dir='ltr'><strong>ut</strong></span> <span class='ocrx_word' id='word_1_628' title='bbox 2946 4294 3186 4349; x_wconf 82' lang='lat' dir='ltr'><strong>cecidit:</strong></span> <span class='ocrx_word' id='word_1_629' title='bbox 3217 4292 3362 4363; x_wconf 86' lang='lat' dir='ltr'><strong>quod</strong></span> <span class='ocrx_word' id='word_1_630' title='bbox 3390 4292 3440 4346; x_wconf 78' lang='lat' dir='ltr'><strong>si</strong></span> 
     </span>
    </p>
   </div>
   <div class='ocr_carea' id='block_1_88' title="bbox 1842 4382 3439 4467">
    <p class='ocr_par' dir='ltr' id='par_1_88' title="bbox 1842 4382 3439 4467">
     <span class='ocr_line' id='line_1_88' title="bbox 1842 4382 3439 4467; baseline -0.004 -25"><span class='ocrx_word' id='word_1_631' title='bbox 1842 4387 2125 4451; x_wconf 83' lang='lat' dir='ltr'><strong>moriatur,</strong></span> <span class='ocrx_word' id='word_1_632' title='bbox 2158 4386 2391 4443; x_wconf 88' lang='lat' dir='ltr'><strong>fructum</strong></span> <span class='ocrx_word' id='word_1_633' title='bbox 2422 4386 2714 4457; x_wconf 85' lang='lat' dir='ltr'><strong>plurimum</strong></span> <span class='ocrx_word' id='word_1_634' title='bbox 2746 4384 2923 4441; x_wconf 70' lang='lat' dir='ltr'><strong>affert.</strong></span> <span class='ocrx_word' id='word_1_635' title='bbox 2946 4385 3038 4441; x_wconf 89' lang='lat' dir='ltr'><strong>Sic</strong></span> <span class='ocrx_word' id='word_1_636' title='bbox 3064 4393 3139 4450; x_wconf 84' lang='lat' dir='ltr'><strong>et,</strong></span> <span class='ocrx_word' id='word_1_637' title='bbox 3176 4382 3439 4467; x_wconf 75' lang='lat' dir='ltr'><strong>charissi-</strong></span> 
     </span>
    </p>
   </div>
   <div class='ocr_carea' id='block_1_89' title="bbox 1840 4478 3434 4549">
    <p class='ocr_par' dir='ltr' id='par_1_89' title="bbox 1840 4478 3434 4549">
     <span class='ocr_line' id='line_1_89' title="bbox 1840 4478 3434 4549; baseline -0.003 -12"><span class='ocrx_word' id='word_1_638' title='bbox 1840 4496 1981 4545; x_wconf 70' lang='lat' dir='ltr'><strong>mze,</strong></span> <span class='ocrx_word' id='word_1_639' title='bbox 2034 4482 2256 4539; x_wconf 79' lang='lat' dir='ltr'><strong>domum</strong></span> <span class='ocrx_word' id='word_1_640' title='bbox 2309 4490 2585 4549; x_wconf 86' lang='lat' dir='ltr'><strong>paternam</strong></span> <span class='ocrx_word' id='word_1_641' title='bbox 2630 4490 2685 4536; x_wconf 89' lang='lat' dir='ltr'><strong>et</strong></span> <span class='ocrx_word' id='word_1_642' title='bbox 2730 4483 3025 4537; x_wconf 68' lang='lat' dir='ltr'><strong>saeculares</strong></span> <span class='ocrx_word' id='word_1_643' title='bbox 3054 4489 3237 4535; x_wconf 80' lang='lat' dir='ltr'><strong>vestes</strong></span> <span class='ocrx_word' id='word_1_644' title='bbox 3269 4478 3434 4533; x_wconf 73' lang='lat' dir='ltr'><strong>relin-</strong></span> 
     </span>
    </p>
   </div>
   <div class='ocr_carea' id='block_1_90' title="bbox 212 4568 1743 4644">
    <p class='ocr_par' dir='ltr' id='par_1_90' title="bbox 212 4568 1737 4642">
     <span class='ocr_line' id='line_1_90' title="bbox 212 4568 1737 4642; baseline 0.002 -19"><span class='ocrx_word' id='word_1_645' title='bbox 212 4568 756 4642; x_wconf 78' lang='lat' dir='ltr'><strong>Evangeliorumque</strong></span> <span class='ocrx_word' id='word_1_646' title='bbox 786 4570 956 4625; x_wconf 79' lang='lat' dir='ltr'><strong>codex</strong></span> <span class='ocrx_word' id='word_1_647' title='bbox 986 4584 1216 4640; x_wconf 77' lang='lat' dir='ltr'><strong>semper</strong></span> <span class='ocrx_word' id='word_1_648' title='bbox 1246 4577 1312 4623; x_wconf 81' lang='lat' dir='ltr'><strong>ut</strong></span> <span class='ocrx_word' id='word_1_649' title='bbox 1340 4571 1620 4639; x_wconf 84' lang='lat' dir='ltr'><strong>speculum</strong></span> <span class='ocrx_word' id='word_1_650' title='bbox 1655 4579 1737 4626; x_wconf 87' lang='lat' dir='ltr'><strong>te-</strong></span> 
     </span>
    </p>
   </div>
   <div class='ocr_carea' id='block_1_91' title="bbox 1848 4568 3435 4644">
    <p class='ocr_par' dir='ltr' id='par_1_91' title="bbox 1848 4570 3435 4644">
     <span class='ocr_line' id='line_1_91' title="bbox 1848 4570 3435 4644; baseline -0.001 -16"><span class='ocrx_word' id='word_1_651' title='bbox 1848 4591 2028 4644; x_wconf 80' lang='lat' dir='ltr'><strong>quere,</strong></span> <span class='ocrx_word' id='word_1_652' title='bbox 2058 4586 2114 4632; x_wconf 92' lang='lat' dir='ltr'><strong>et</strong></span> <span class='ocrx_word' id='word_1_653' title='bbox 2138 4576 2389 4633; x_wconf 82' lang='lat' dir='ltr'><strong>monachi</strong></span> <span class='ocrx_word' id='word_1_654' title='bbox 2420 4591 2617 4632; x_wconf 91' lang='lat' dir='ltr'><strong>nomen</strong></span> <span class='ocrx_word' id='word_1_655' title='bbox 2644 4589 2949 4643; x_wconf 80' lang='lat' dir='ltr'><strong>assumere,</strong></span> <span class='ocrx_word' id='word_1_656' title='bbox 2973 4573 3247 4629; x_wconf 83' lang='lat' dir='ltr'><strong>modicum</strong></span> <span class='ocrx_word' id='word_1_657' title='bbox 3268 4570 3435 4642; x_wconf 87' lang='lat' dir='ltr'><strong>prod-</strong></span> 
     </span>
    </p>
   </div>
   <div class='ocr_carea' id='block_1_92' title="bbox 157 4648 1731 4736">
    <p class='ocr_par' dir='ltr' id='par_1_92' title="bbox 157 4648 1731 4736">
     <span class='ocr_line' id='line_1_92' title="bbox 157 4648 1731 4736; baseline 0.004 -23"><span class='ocrx_word' id='word_1_658' title='bbox 157 4664 412 4718; x_wconf 84' lang='lat' dir='ltr'><strong>neaturin</strong></span> <span class='ocrx_word' id='word_1_659' title='bbox 448 4661 721 4718; x_wconf 81' lang='lat' dir='ltr'><strong>manibus.</strong></span> <span class='ocrx_word' id='word_1_660' title='bbox 772 4648 1041 4736; x_wconf 73' lang='lat' dir='ltr'><strong>Martyres</strong></span> <span class='ocrx_word' id='word_1_661' title='bbox 1072 4662 1279 4730; x_wconf 85' lang='lat' dir='ltr'><strong>sancti,</strong></span> <span class='ocrx_word' id='word_1_662' title='bbox 1324 4670 1519 4719; x_wconf 88' lang='lat' dir='ltr'><strong>cuncta</strong></span> <span class='ocrx_word' id='word_1_663' title='bbox 1549 4666 1731 4720; x_wconf 64' lang='lat' dir='ltr'><strong>saeculi</strong></span> 
     </span>
    </p>
   </div>
   <div class='ocr_carea' id='block_1_93' title="bbox 159 4755 1731 4828">
    <p class='ocr_par' dir='ltr' id='par_1_93' title="bbox 159 4755 1731 4828">
     <span class='ocr_line' id='line_1_93' title="bbox 159 4755 1731 4828; baseline 0.004 -22"><span class='ocrx_word' id='word_1_664' title='bbox 159 4755 391 4824; x_wconf 83' lang='lat' dir='ltr'><strong>adversa,</strong></span> <span class='ocrx_word' id='word_1_665' title='bbox 425 4767 482 4812; x_wconf 93' lang='lat' dir='ltr'><strong>et</strong></span> <span class='ocrx_word' id='word_1_666' title='bbox 515 4766 866 4825; x_wconf 86' lang='lat' dir='ltr'><strong>tempestates</strong></span> <span class='ocrx_word' id='word_1_667' title='bbox 890 4759 1057 4828; x_wconf 69' lang='lat' dir='ltr'><strong>hujus</strong></span> <span class='ocrx_word' id='word_1_668' title='bbox 1090 4755 1255 4810; x_wconf 81' lang='lat' dir='ltr'><strong>maris</strong></span> <span class='ocrx_word' id='word_1_669' title='bbox 1292 4758 1577 4825; x_wconf 79' lang='lat' dir='ltr'><strong>procellosi</strong></span> <span class='ocrx_word' id='word_1_670' title='bbox 1607 4772 1731 4813; x_wconf 86' lang='lat' dir='ltr'><strong>cum</strong></span> 
     </span>
    </p>
   </div>
   <div class='ocr_carea' id='block_1_94' title="bbox 165 4848 1734 4915">
    <p class='ocr_par' dir='ltr' id='par_1_94' title="bbox 165 4848 1734 4915">
     <span class='ocr_line' id='line_1_94' title="bbox 165 4848 1734 4915; baseline 0.002 -13"><span class='ocrx_word' id='word_1_671' title='bbox 165 4851 403 4907; x_wconf 86' lang='lat' dir='ltr'><strong>omnibus</strong></span> <span class='ocrx_word' id='word_1_672' title='bbox 423 4849 712 4907; x_wconf 77' lang='lat' dir='ltr'><strong>diabolicis</strong></span> <span class='ocrx_word' id='word_1_673' title='bbox 742 4849 1017 4915; x_wconf 83' lang='lat' dir='ltr'><strong>versutiis,</strong></span> <span class='ocrx_word' id='word_1_674' title='bbox 1052 4859 1107 4905; x_wconf 91' lang='lat' dir='ltr'><strong>et</strong></span> <span class='ocrx_word' id='word_1_675' title='bbox 1133 4848 1512 4905; x_wconf 75' lang='lat' dir='ltr'><strong>infestationes</strong></span> <span class='ocrx_word' id='word_1_676' title='bbox 1536 4850 1734 4905; x_wconf 65' lang='lat' dir='ltr'><strong>daemo-</strong></span> 
     </span>
    </p>
   </div>
   <div class='ocr_carea' id='block_1_95' title="bbox 162 4928 1733 5013">
    <p class='ocr_par' dir='ltr' id='par_1_95' title="bbox 162 4928 1733 5013">
     <span class='ocr_line' id='line_1_95' title="bbox 162 4928 1733 5013; baseline 0.003 -18"><span class='ocrx_word' id='word_1_677' title='bbox 162 4956 273 4997; x_wconf 85' lang='lat' dir='ltr'><strong>num</strong></span> <span class='ocrx_word' id='word_1_678' title='bbox 301 4928 907 5001; x_wconf 52' lang='lat' dir='ltr'><strong>doceant‘conculcare.</strong></span> <span class='ocrx_word' id='word_1_679' title='bbox 956 4942 1341 4999; x_wconf 77' lang='lat' dir='ltr'><strong>Confessot&#39;um</strong></span> <span class='ocrx_word' id='word_1_680' title='bbox 1374 4942 1733 5013; x_wconf 61' lang='lat' dir='ltr'><strong>pretiosaid‘e-</strong></span> 
     </span>
    </p>
   </div>
   <div class='ocr_carea' id='block_1_96' title="bbox 158 5037 1734 5109">
    <p class='ocr_par' dir='ltr' id='par_1_96' title="bbox 158 5037 1734 5109">
     <span class='ocr_line' id='line_1_96' title="bbox 158 5037 1734 5109; baseline 0.003 -22"><span class='ocrx_word' id='word_1_681' title='bbox 158 5037 305 5104; x_wconf 86' lang='lat' dir='ltr'><strong>votio,</strong></span> <span class='ocrx_word' id='word_1_682' title='bbox 338 5038 405 5093; x_wconf 91' lang='lat' dir='ltr'><strong>ad</strong></span> <span class='ocrx_word' id='word_1_683' title='bbox 442 5038 759 5094; x_wconf 75' lang='lat' dir='ltr'><strong>divinorum</strong></span> <span class='ocrx_word' id='word_1_684' title='bbox 792 5038 1305 5109; x_wconf 83' lang='lat' dir='ltr'><strong>contemplationem</strong></span> <span class='ocrx_word' id='word_1_685' title='bbox 1340 5037 1615 5093; x_wconf 87' lang='lat' dir='ltr'><strong>assiduam</strong></span> <span class='ocrx_word' id='word_1_686' title='bbox 1657 5041 1734 5093; x_wconf 80' lang='lat' dir='ltr'><strong>af-</strong></span> 
     </span>
    </p>
   </div>
   <div class='ocr_carea' id='block_1_97' title="bbox 156 5130 1736 5213">
    <p class='ocr_par' dir='ltr' id='par_1_97' title="bbox 156 5130 1736 5213">
     <span class='ocr_line' id='line_1_97' title="bbox 156 5130 1736 5213; baseline 0.001 -28"><span class='ocrx_word' id='word_1_687' title='bbox 156 5130 311 5192; x_wconf 89' lang='lat' dir='ltr'><strong>fectus</strong></span> <span class='ocrx_word' id='word_1_688' title='bbox 343 5138 635 5208; x_wconf 86' lang='lat' dir='ltr'><strong>astringat.</strong></span> <span class='ocrx_word' id='word_1_689' title='bbox 683 5132 1001 5213; x_wconf 60' lang='lat' dir='ltr'><strong>Regulargm</strong></span> <span class='ocrx_word' id='word_1_690' title='bbox 1043 5133 1207 5201; x_wconf 81' lang='lat' dir='ltr'><strong>vitam</strong></span> <span class='ocrx_word' id='word_1_691' title='bbox 1250 5132 1481 5186; x_wconf 89' lang='lat' dir='ltr'><strong>instruat</strong></span> <span class='ocrx_word' id='word_1_692' title='bbox 1521 5140 1736 5186; x_wconf 84' lang='lat' dir='ltr'><strong>sancto-</strong></span> 
     </span>
    </p>
   </div>
   <div class='ocr_carea' id='block_1_98' title="bbox 157 5222 1734 5293">
    <p class='ocr_par' dir='ltr' id='par_1_98' title="bbox 157 5222 1734 5293">
     <span class='ocr_line' id='line_1_98' title="bbox 157 5222 1734 5293; baseline 0 -13"><span class='ocrx_word' id='word_1_693' title='bbox 157 5239 259 5280; x_wconf 91' lang='lat' dir='ltr'><strong>rum</strong></span> <span class='ocrx_word' id='word_1_694' title='bbox 323 5226 719 5286; x_wconf 86' lang='lat' dir='ltr'><strong>monachorum</strong></span> <span class='ocrx_word' id='word_1_695' title='bbox 806 5224 938 5278; x_wconf 85' lang='lat' dir='ltr'><strong>mira</strong></span> <span class='ocrx_word' id='word_1_696' title='bbox 1022 5224 1389 5280; x_wconf 86' lang='lat' dir='ltr'><strong>conversatio.</strong></span> <span class='ocrx_word' id='word_1_697' title='bbox 1460 5222 1734 5293; x_wconf 87' lang='lat' dir='ltr'><strong>Frangere</strong></span> 
     </span>
    </p>
   </div>
   <div class='ocr_carea' id='block_1_99' title="bbox 155 5302 1733 5388">
    <p class='ocr_par' dir='ltr' id='par_1_99' title="bbox 155 5302 1733 5388">
     <span class='ocr_line' id='line_1_99' title="bbox 155 5302 1733 5388; baseline 0.001 -17"><span class='ocrx_word' id='word_1_698' title='bbox 155 5333 351 5377; x_wconf 91' lang='lat' dir='ltr'><strong>omnem</strong></span> <span class='ocrx_word' id='word_1_699' title='bbox 395 5336 564 5377; x_wconf 78' lang='lat' dir='ltr'><strong>sexus</strong></span> <span class='ocrx_word' id='word_1_700' title='bbox 595 5302 883 5374; x_wconf 85' lang='lat' dir='ltr'><strong>mollitiem</strong></span> <span class='ocrx_word' id='word_1_701' title='bbox 928 5327 984 5373; x_wconf 90' lang='lat' dir='ltr'><strong>et</strong></span> <span class='ocrx_word' id='word_1_702' title='bbox 1020 5332 1221 5372; x_wconf 74' lang='lat' dir='ltr'><strong>sancta:</strong></span> <span class='ocrx_word' id='word_1_703' title='bbox 1254 5310 1583 5388; x_wconf 80' lang='lat' dir='ltr'><strong>virginitatis</strong></span> <span class='ocrx_word' id='word_1_704' title='bbox 1616 5334 1733 5373; x_wconf 90' lang='lat' dir='ltr'><strong>ser-</strong></span> 
     </span>
    </p>
   </div>
   <div class='ocr_carea' id='block_1_100' title="bbox 154 5400 1730 5485">
    <p class='ocr_par' dir='ltr' id='par_1_100' title="bbox 154 5400 1730 5485">
     <span class='ocr_line' id='line_1_100' title="bbox 154 5400 1730 5485; baseline 0 -21"><span class='ocrx_word' id='word_1_705' title='bbox 154 5425 271 5470; x_wconf 85' lang='lat' dir='ltr'><strong>vare</strong></span> <span class='ocrx_word' id='word_1_706' title='bbox 334 5415 679 5485; x_wconf 84' lang='lat' dir='ltr'><strong>propositum</strong></span> <span class='ocrx_word' id='word_1_707' title='bbox 710 5455 725 5479; x_wconf 93' lang='lat'><strong>,</strong></span> <span class='ocrx_word' id='word_1_708' title='bbox 758 5409 1187 5480; x_wconf 66' lang='lat' dir='ltr'><strong>“pretiosissima</strong></span> <span class='ocrx_word' id='word_1_709' title='bbox 1235 5410 1403 5480; x_wconf 76' lang='lat' dir='ltr'><strong>’Virgo</strong></span> <span class='ocrx_word' id='word_1_710' title='bbox 1460 5400 1730 5481; x_wconf 65' lang='lat' dir='ltr'><strong>virginum</strong></span> 
     </span>
    </p>
   </div>
   <div class='ocr_carea' id='block_1_101' title="bbox 154 5504 1550 5575">
    <p class='ocr_par' dir='ltr' id='par_1_101' title="bbox 154 5504 1550 5575">
     <span class='ocr_line' id='line_1_101' title="bbox 154 5504 1550 5575; baseline -0.004 -16"><span class='ocrx_word' id='word_1_711' title='bbox 154 5517 261 5559; x_wconf 87' lang='lat' dir='ltr'><strong>cum</strong></span> <span class='ocrx_word' id='word_1_712' title='bbox 285 5507 505 5562; x_wconf 60' lang='lat' dir='ltr'><strong>caeteris</strong></span> <span class='ocrx_word' id='word_1_713' title='bbox 518 5504 827 5575; x_wconf 81' lang='lat' dir='ltr'><strong>virginibus</strong></span> <span class='ocrx_word' id='word_1_714' title='bbox 855 5504 1025 5558; x_wconf 87' lang='lat' dir='ltr'><strong>sacris</strong></span> <span class='ocrx_word' id='word_1_715' title='bbox 1054 5517 1274 5573; x_wconf 86' lang='lat' dir='ltr'><strong>semper</strong></span> <span class='ocrx_word' id='word_1_716' title='bbox 1294 5504 1550 5558; x_wconf 71' lang='lat' dir='ltr'><strong>edoceat.</strong></span> 
     </span>
    </p>
   </div>
   <div class='ocr_carea' id='block_1_102' title="bbox 213 5596 1729 5657">
    <p class='ocr_par' dir='ltr' id='par_1_102' title="bbox 213 5596 1729 5657">
     <span class='ocr_line' id='line_1_102' title="bbox 213 5596 1729 5657; baseline -0.002 -2"><span class='ocrx_word' id='word_1_717' title='bbox 213 5596 256 5655; x_wconf 88' lang='grc' dir='ltr'>Ο</span> <span class='ocrx_word' id='word_1_718' title='bbox 292 5600 421 5657; x_wconf 75' lang='lat' dir='ltr'><strong>felix</strong></span> <span class='ocrx_word' id='word_1_719' title='bbox 469 5600 741 5655; x_wconf 77' lang='lat' dir='ltr'><strong>societas!</strong></span> <span class='ocrx_word' id='word_1_720' title='bbox 774 5615 805 5652; x_wconf 92' lang='lat' dir='ltr'><strong>o</strong></span> <span class='ocrx_word' id='word_1_721' title='bbox 836 5597 1025 5653; x_wconf 84' lang='lat' dir='ltr'><strong>felices</strong></span> <span class='ocrx_word' id='word_1_722' title='bbox 1067 5598 1205 5653; x_wconf 84' lang='lat' dir='ltr'><strong>vos!</strong></span> <span class='ocrx_word' id='word_1_723' title='bbox 1244 5598 1289 5651; x_wconf 86' lang='lat' dir='ltr'><strong>si</strong></span> <span class='ocrx_word' id='word_1_724' title='bbox 1338 5598 1467 5652; x_wconf 84' lang='lat' dir='ltr'><strong>talis</strong></span> <span class='ocrx_word' id='word_1_725' title='bbox 1501 5610 1565 5652; x_wconf 84' lang='lat' dir='ltr'><strong>ac</strong></span> <span class='ocrx_word' id='word_1_726' title='bbox 1595 5598 1729 5651; x_wconf 87' lang='lat' dir='ltr'><strong>tanti</strong></span> 
     </span>
    </p>
   </div>
   <div class='ocr_carea' id='block_1_103' title="bbox 151 5690 1731 5762">
    <p class='ocr_par' dir='ltr' id='par_1_103' title="bbox 151 5690 1731 5762">
     <span class='ocr_line' id='line_1_103' title="bbox 151 5690 1731 5762; baseline -0.001 -18"><span class='ocrx_word' id='word_1_727' title='bbox 151 5694 378 5749; x_wconf 85' lang='lat' dir='ltr'><strong>muneris</strong></span> <span class='ocrx_word' id='word_1_728' title='bbox 408 5708 520 5747; x_wconf 89' lang='lat' dir='ltr'><strong>non</strong></span> <span class='ocrx_word' id='word_1_729' title='bbox 550 5691 672 5746; x_wconf 80' lang='lat' dir='ltr'><strong>sitis</strong></span> <span class='ocrx_word' id='word_1_730' title='bbox 724 5690 963 5762; x_wconf 73' lang='lat' dir='ltr'><strong>ingratae.</strong></span> <span class='ocrx_word' id='word_1_731' title='bbox 990 5691 1350 5747; x_wconf 68' lang='lat' dir='ltr'><strong>Feiicissima:</strong></span> <span class='ocrx_word' id='word_1_732' title='bbox 1396 5691 1731 5748; x_wconf 79' lang='lat' dir='ltr'><strong>nimirumsi</strong></span> 
     </span>
    </p>
   </div>
   <div class='ocr_carea' id='block_1_104' title="bbox 149 5781 1729 5858">
    <p class='ocr_par' dir='ltr' id='par_1_104' title="bbox 149 5781 1729 5858">
     <span class='ocr_line' id='line_1_104' title="bbox 149 5781 1729 5858; baseline 0 -17"><span class='ocrx_word' id='word_1_733' title='bbox 149 5781 725 5858; x_wconf 64' lang='lat' dir='ltr'><strong>dignitatemwestram</strong></span> <span class='ocrx_word' id='word_1_734' title='bbox 750 5786 885 5857; x_wconf 83' lang='lat' dir='ltr'><strong>ipsae</strong></span> <span class='ocrx_word' id='word_1_735' title='bbox 911 5784 1243 5855; x_wconf 75' lang='lat' dir='ltr'><strong>cognoscitis</strong></span> <span class='ocrx_word' id='word_1_736' title='bbox 1270 5800 1287 5841; x_wconf 83' lang='lat'><strong>:</strong></span> <span class='ocrx_word' id='word_1_737' title='bbox 1332 5798 1455 5855; x_wconf 77' lang='lat' dir='ltr'><strong>quae</strong></span> <span class='ocrx_word' id='word_1_738' title='bbox 1483 5782 1729 5841; x_wconf 72' lang='lat' dir='ltr'><strong>euntium</strong></span> 
     </span>
    </p>
   </div>
   <div class='ocr_carea' id='block_1_105' title="bbox 1841 4667 3434 4740">
    <p class='ocr_par' dir='ltr' id='par_1_105' title="bbox 1841 4667 3434 4740">
     <span class='ocr_line' id='line_1_105' title="bbox 1841 4667 3434 4740; baseline -0.001 -14"><span class='ocrx_word' id='word_1_739' title='bbox 1841 4678 1923 4726; x_wconf 87' lang='lat' dir='ltr'><strong>est</strong></span> <span class='ocrx_word' id='word_1_740' title='bbox 1946 4670 2165 4727; x_wconf 83' lang='lat' dir='ltr'><strong>&#39;homini</strong></span> <span class='ocrx_word' id='word_1_741' title='bbox 2195 4714 2209 4737; x_wconf 89' lang='lat'><strong>,</strong></span> <span class='ocrx_word' id='word_1_742' title='bbox 2258 4672 2304 4727; x_wconf 90' lang='lat' dir='ltr'><strong>si</strong></span> <span class='ocrx_word' id='word_1_743' title='bbox 2352 4686 2505 4727; x_wconf 85' lang='lat' dir='ltr'><strong>mens</strong></span> <span class='ocrx_word' id='word_1_744' title='bbox 2544 4671 2664 4740; x_wconf 85' lang='lat' dir='ltr'><strong>ipsa</strong></span> <span class='ocrx_word' id='word_1_745' title='bbox 2708 4670 2909 4726; x_wconf 87' lang='lat' dir='ltr'><strong>misera</strong></span> <span class='ocrx_word' id='word_1_746' title='bbox 2950 4682 3072 4739; x_wconf 65' lang='lat' dir='ltr'><strong>quae</strong></span> <span class='ocrx_word' id='word_1_747' title='bbox 3123 4670 3177 4723; x_wconf 93' lang='lat' dir='ltr'><strong>in</strong></span> <span class='ocrx_word' id='word_1_748' title='bbox 3228 4667 3434 4724; x_wconf 77' lang='lat' dir='ltr'><strong>mundo</strong></span> 
     </span>
    </p>
   </div>
   <div class='ocr_carea' id='block_1_106' title="bbox 1838 4754 3433 4832">
    <p class='ocr_par' dir='ltr' id='par_1_106' title="bbox 1838 4754 3433 4832">
     <span class='ocr_line' id='line_1_106' title="bbox 1838 4754 3433 4832; baseline 0 -15"><span class='ocrx_word' id='word_1_749' title='bbox 1838 4761 2133 4830; x_wconf 79' lang='lat' dir='ltr'><strong>habentur,</strong></span> <span class='ocrx_word' id='word_1_750' title='bbox 2166 4762 2447 4819; x_wconf 79' lang='lat' dir='ltr'><strong>affectibus</strong></span> <span class='ocrx_word' id='word_1_751' title='bbox 2477 4770 2666 4832; x_wconf 85' lang='lat' dir='ltr'><strong>optet:</strong></span> <span class='ocrx_word' id='word_1_752' title='bbox 2695 4770 2748 4818; x_wconf 87' lang='lat' dir='ltr'><strong>et</strong></span> <span class='ocrx_word' id='word_1_753' title='bbox 2779 4775 2898 4830; x_wconf 85' lang='lat' dir='ltr'><strong>quae</strong></span> <span class='ocrx_word' id='word_1_754' title='bbox 2924 4760 3248 4831; x_wconf 75' lang='lat' dir='ltr'><strong>reiiqnerat,</strong></span> <span class='ocrx_word' id='word_1_755' title='bbox 3284 4754 3433 4817; x_wconf 76' lang='lat' dir='ltr'><strong>desi-</strong></span> 
     </span>
    </p>
   </div>
   <div class='ocr_carea' id='block_1_107' title="bbox 1840 4850 3437 4927">
    <p class='ocr_par' dir='ltr' id='par_1_107' title="bbox 1840 4850 3437 4927">
     <span class='ocr_line' id='line_1_107' title="bbox 1840 4850 3437 4927; baseline -0.002 -15"><span class='ocrx_word' id='word_1_756' title='bbox 1840 4855 2008 4913; x_wconf 86' lang='lat' dir='ltr'><strong>deriis</strong></span> <span class='ocrx_word' id='word_1_757' title='bbox 2056 4866 2285 4927; x_wconf 88' lang='lat' dir='ltr'><strong>repetat.</strong></span> <span class='ocrx_word' id='word_1_758' title='bbox 2318 4854 2554 4910; x_wconf 81' lang='lat' dir='ltr'><strong>Exeunti</strong></span> <span class='ocrx_word' id='word_1_759' title='bbox 2600 4856 2803 4910; x_wconf 88' lang='lat' dir='ltr'><strong>etenim</strong></span> <span class='ocrx_word' id='word_1_760' title='bbox 2849 4853 2952 4909; x_wconf 88' lang='lat' dir='ltr'><strong>Lot</strong></span> <span class='ocrx_word' id='word_1_761' title='bbox 2988 4858 3109 4908; x_wconf 77' lang='lat' dir='ltr'><strong>cum</strong></span> <span class='ocrx_word' id='word_1_762' title='bbox 3134 4850 3351 4908; x_wconf 74' lang='lat' dir='ltr'><strong>ﬁtiabus</strong></span> <span class='ocrx_word' id='word_1_763' title='bbox 3380 4862 3437 4909; x_wconf 89' lang='lat' dir='ltr'><strong>et</strong></span> 
     </span>
    </p>
   </div>
   <div class='ocr_carea' id='block_1_108' title="bbox 1841 4940 3439 5016">
    <p class='ocr_par' dir='ltr' id='par_1_108' title="bbox 1841 4940 3439 5016">
     <span class='ocr_line' id='line_1_108' title="bbox 1841 4940 3439 5016; baseline -0.001 -13"><span class='ocrx_word' id='word_1_764' title='bbox 1841 4962 2014 5003; x_wconf 81' lang='lat' dir='ltr'><strong>uxore</strong></span> <span class='ocrx_word' id='word_1_765' title='bbox 2032 4946 2107 5002; x_wconf 82' lang='lat' dir='ltr'><strong>de</strong></span> <span class='ocrx_word' id='word_1_766' title='bbox 2142 4940 2395 5002; x_wconf 86' lang='lat' dir='ltr'><strong>Sodomis</strong></span> <span class='ocrx_word' id='word_1_767' title='bbox 2422 4946 2712 5001; x_wconf 86' lang='lat' dir='ltr'><strong>mandatur</strong></span> <span class='ocrx_word' id='word_1_768' title='bbox 2741 4947 2808 4999; x_wconf 88' lang='lat' dir='ltr'><strong>ab</strong></span> <span class='ocrx_word' id='word_1_769' title='bbox 2837 4944 3044 5013; x_wconf 85' lang='lat' dir='ltr'><strong>angelis</strong></span> <span class='ocrx_word' id='word_1_770' title='bbox 3077 4960 3143 5001; x_wconf 90' lang='lat' dir='ltr'><strong>ne</strong></span> <span class='ocrx_word' id='word_1_771' title='bbox 3175 4942 3439 5016; x_wconf 55' lang='lat' dir='ltr'><strong>retrosp&#39;i-</strong></span> 
     </span>
    </p>
   </div>
   <div class='ocr_carea' id='block_1_109' title="bbox 1836 5032 3432 5116">
    <p class='ocr_par' dir='ltr' id='par_1_109' title="bbox 1836 5032 3432 5116">
     <span class='ocr_line' id='line_1_109' title="bbox 1836 5032 3432 5116; baseline 0.003 -20"><span class='ocrx_word' id='word_1_772' title='bbox 1836 5032 1981 5096; x_wconf 88' lang='lat' dir='ltr'><strong>ciant</strong></span> <span class='ocrx_word' id='word_1_773' title='bbox 2032 5054 2153 5110; x_wconf 69' lang='lat' dir='ltr'><strong>qua:</strong></span> <span class='ocrx_word' id='word_1_774' title='bbox 2207 5040 2317 5107; x_wconf 88' lang='lat' dir='ltr'><strong>jam</strong></span> <span class='ocrx_word' id='word_1_775' title='bbox 2370 5039 2807 5108; x_wconf 82' lang='lat' dir='ltr'><strong>perambulando</strong></span> <span class='ocrx_word' id='word_1_776' title='bbox 2860 5039 3209 5110; x_wconf 85' lang='lat' dir='ltr'><strong>reliquerant.</strong></span> <span class='ocrx_word' id='word_1_777' title='bbox 3262 5041 3432 5116; x_wconf 83' lang='lat' dir='ltr'><strong>Cujus</strong></span> 
     </span>
    </p>
   </div>
   <div class='ocr_carea' id='block_1_110' title="bbox 1835 5131 3437 5201">
    <p class='ocr_par' dir='ltr' id='par_1_110' title="bbox 1835 5131 3437 5201">
     <span class='ocr_line' id='line_1_110' title="bbox 1835 5131 3437 5201; baseline -0.001 -11"><span class='ocrx_word' id='word_1_778' title='bbox 1835 5149 1979 5190; x_wconf 80' lang='lat' dir='ltr'><strong>uxor</strong></span> <span class='ocrx_word' id='word_1_779' title='bbox 2009 5148 2162 5187; x_wconf 90' lang='lat' dir='ltr'><strong>more</strong></span> <span class='ocrx_word' id='word_1_780' title='bbox 2192 5131 2518 5186; x_wconf 89' lang='lat' dir='ltr'><strong>feminarum</strong></span> <span class='ocrx_word' id='word_1_781' title='bbox 2544 5172 2557 5195; x_wconf 95' lang='lat'><strong>,</strong></span> <span class='ocrx_word' id='word_1_782' title='bbox 2591 5145 2711 5200; x_wconf 77' lang='lat' dir='ltr'><strong>qua:</strong></span> <span class='ocrx_word' id='word_1_783' title='bbox 2745 5146 2961 5201; x_wconf 90' lang='lat' dir='ltr'><strong>semper</strong></span> <span class='ocrx_word' id='word_1_784' title='bbox 2991 5141 3188 5201; x_wconf 88' lang='lat' dir='ltr'><strong>petunt</strong></span> <span class='ocrx_word' id='word_1_785' title='bbox 3215 5144 3437 5189; x_wconf 82' lang='lat' dir='ltr'><strong>contra-</strong></span> 
     </span>
    </p>
   </div>
   <div class='ocr_carea' id='block_1_111' title="bbox 1834 5222 3435 5293">
    <p class='ocr_par' dir='ltr' id='par_1_111' title="bbox 1834 5222 3435 5293">
     <span class='ocr_line' id='line_1_111' title="bbox 1834 5222 3435 5293; baseline -0.001 -11"><span class='ocrx_word' id='word_1_786' title='bbox 1834 5228 1917 5283; x_wconf 85' lang='lat' dir='ltr'><strong>ria</strong></span> <span class='ocrx_word' id='word_1_787' title='bbox 1941 5272 1953 5293; x_wconf 90' lang='lat'><strong>,</strong></span> <span class='ocrx_word' id='word_1_788' title='bbox 2003 5225 2231 5279; x_wconf 68' lang='lat' dir='ltr'><strong>obvians</strong></span> <span class='ocrx_word' id='word_1_789' title='bbox 2263 5222 2548 5287; x_wconf 89' lang='lat' dir='ltr'><strong>mandato,</strong></span> <span class='ocrx_word' id='word_1_790' title='bbox 2581 5224 2767 5279; x_wconf 84' lang='lat' dir='ltr'><strong>statim</strong></span> <span class='ocrx_word' id='word_1_791' title='bbox 2798 5234 2882 5281; x_wconf 91' lang='lat' dir='ltr'><strong>est</strong></span> <span class='ocrx_word' id='word_1_792' title='bbox 2926 5239 3190 5281; x_wconf 84' lang='lat' dir='ltr'><strong>conversa</strong></span> <span class='ocrx_word' id='word_1_793' title='bbox 3223 5227 3275 5281; x_wconf 90' lang='lat' dir='ltr'><strong>in</strong></span> <span class='ocrx_word' id='word_1_794' title='bbox 3314 5228 3435 5281; x_wconf 78' lang='lat' dir='ltr'><strong>&#39;st‘a-</strong></span> 
     </span>
    </p>
   </div>
   <div class='ocr_carea' id='block_1_112' title="bbox 1839 5319 2162 5375">
    <p class='ocr_par' dir='ltr' id='par_1_112' title="bbox 1839 5319 2162 5375">
     <span class='ocr_line' id='line_1_112' title="bbox 1839 5319 2162 5375; baseline -0.012 0"><span class='ocrx_word' id='word_1_795' title='bbox 1839 5328 1984 5375; x_wconf 90' lang='lat' dir='ltr'><strong>tuam</strong></span> <span class='ocrx_word' id='word_1_796' title='bbox 2014 5319 2162 5373; x_wconf 88' lang='lat' dir='ltr'><strong>salis.</strong></span> 
     </span>
    </p>
   </div>
   <div class='ocr_carea' id='block_1_113' title="bbox 1910 5408 3432 5481">
    <p class='ocr_par' dir='ltr' id='par_1_113' title="bbox 1910 5408 3432 5481">
     <span class='ocr_line' id='line_1_113' title="bbox 1910 5408 3432 5481; baseline -0.003 -14"><span class='ocrx_word' id='word_1_797' title='bbox 1910 5413 2033 5467; x_wconf 66' lang='lat' dir='ltr'><strong>Htec</strong></span> <span class='ocrx_word' id='word_1_798' title='bbox 2067 5412 2247 5481; x_wconf 85' lang='lat' dir='ltr'><strong>itaque</strong></span> <span class='ocrx_word' id='word_1_799' title='bbox 2273 5424 2371 5465; x_wconf 94' lang='lat' dir='ltr'><strong>vos</strong></span> <span class='ocrx_word' id='word_1_800' title='bbox 2400 5409 2613 5475; x_wconf 89' lang='lat' dir='ltr'><strong>doceat,</strong></span> <span class='ocrx_word' id='word_1_801' title='bbox 2641 5422 2745 5479; x_wconf 88' lang='lat' dir='ltr'><strong>qua</strong></span> <span class='ocrx_word' id='word_1_802' title='bbox 2770 5425 2929 5480; x_wconf 62' lang='lat' dir='ltr'><strong>pinna</strong></span> <span class='ocrx_word' id='word_1_803' title='bbox 2960 5419 3087 5464; x_wconf 90' lang='lat' dir='ltr'><strong>sunt</strong></span> <span class='ocrx_word' id='word_1_804' title='bbox 3115 5408 3399 5481; x_wconf 70' lang='lat' dir='ltr'><strong>punienda:</strong></span> <span class='ocrx_word' id='word_1_805' title='bbox 3417 5450 3432 5476; x_wconf 92' lang='lat'><strong>,</strong></span> 
     </span>
    </p>
   </div>
   <div class='ocr_carea' id='block_1_114' title="bbox 1830 5501 3432 5575">
    <p class='ocr_par' dir='ltr' id='par_1_114' title="bbox 1830 5501 3432 5575">
     <span class='ocr_line' id='line_1_114' title="bbox 1830 5501 3432 5575; baseline -0.001 -16"><span class='ocrx_word' id='word_1_806' title='bbox 1830 5521 1956 5575; x_wconf 75' lang='lat' dir='ltr'><strong>qua:</strong></span> <span class='ocrx_word' id='word_1_807' title='bbox 1985 5505 2172 5558; x_wconf 85' lang='lat' dir='ltr'><strong>mundi</strong></span> <span class='ocrx_word' id='word_1_808' title='bbox 2200 5503 2465 5558; x_wconf 83' lang='lat' dir='ltr'><strong>vanitates</strong></span> <span class='ocrx_word' id='word_1_809' title='bbox 2502 5501 2755 5559; x_wconf 74' lang='lat' dir='ltr'><strong>aﬂ‘ectant</strong></span> <span class='ocrx_word' id='word_1_810' title='bbox 2791 5505 2845 5558; x_wconf 92' lang='lat' dir='ltr'><strong>in</strong></span> <span class='ocrx_word' id='word_1_811' title='bbox 2875 5503 3249 5558; x_wconf 84' lang='lat' dir='ltr'><strong>monasteriis.</strong></span> <span class='ocrx_word' id='word_1_812' title='bbox 3296 5501 3432 5557; x_wconf 80' lang='lat' dir='ltr'><strong>Nam</strong></span> 
     </span>
    </p>
   </div>
   <div class='ocr_carea' id='block_1_115' title="bbox 1828 5595 3435 5665">
    <p class='ocr_par' dir='ltr' id='par_1_115' title="bbox 1828 5595 3435 5665">
     <span class='ocr_line' id='line_1_115' title="bbox 1828 5595 3435 5665; baseline 0 -13"><span class='ocrx_word' id='word_1_813' title='bbox 1828 5596 2146 5653; x_wconf 83' lang='lat' dir='ltr'><strong>efficiuntur</strong></span> <span class='ocrx_word' id='word_1_814' title='bbox 2175 5596 2519 5652; x_wconf 88' lang='lat' dir='ltr'><strong>insensibiles</strong></span> <span class='ocrx_word' id='word_1_815' title='bbox 2544 5604 2737 5651; x_wconf 71' lang='lat' dir='ltr'><strong>statuae</strong></span> <span class='ocrx_word' id='word_1_816' title='bbox 2769 5598 2896 5652; x_wconf 90' lang='lat' dir='ltr'><strong>salis</strong></span> <span class='ocrx_word' id='word_1_817' title='bbox 2920 5639 2934 5662; x_wconf 92' lang='lat'><strong>,</strong></span> <span class='ocrx_word' id='word_1_818' title='bbox 2982 5605 3039 5651; x_wconf 91' lang='lat' dir='ltr'><strong>ut</strong></span> <span class='ocrx_word' id='word_1_819' title='bbox 3062 5596 3174 5665; x_wconf 83' lang='lat' dir='ltr'><strong>jam</strong></span> <span class='ocrx_word' id='word_1_820' title='bbox 3202 5595 3338 5650; x_wconf 91' lang='lat' dir='ltr'><strong>nihil</strong></span> <span class='ocrx_word' id='word_1_821' title='bbox 3366 5596 3435 5652; x_wconf 91' lang='lat' dir='ltr'><strong>de</strong></span> 
     </span>
    </p>
   </div>
   <div class='ocr_carea' id='block_1_116' title="bbox 1832 5688 3429 5759">
    <p class='ocr_par' dir='ltr' id='par_1_116' title="bbox 1832 5688 3429 5759">
     <span class='ocr_line' id='line_1_116' title="bbox 1832 5688 3429 5759; baseline 0.001 -15"><span class='ocrx_word' id='word_1_822' title='bbox 1832 5690 2087 5759; x_wconf 72' lang='lat' dir='ltr'><strong>superum</strong></span> <span class='ocrx_word' id='word_1_823' title='bbox 2116 5688 2596 5757; x_wconf 85' lang='lat' dir='ltr'><strong>contemplationis</strong></span> <span class='ocrx_word' id='word_1_824' title='bbox 2620 5689 2913 5747; x_wconf 88' lang='lat' dir='ltr'><strong>dulcedine</strong></span> <span class='ocrx_word' id='word_1_825' title='bbox 2940 5690 3392 5747; x_wconf 63' lang='lat' dir='ltr'><strong>sentire’vaieant</strong></span> <span class='ocrx_word' id='word_1_826' title='bbox 3416 5708 3429 5745; x_wconf 92' lang='lat'><strong>:</strong></span> 
     </span>
    </p>
   </div>
   <div class='ocr_carea' id='block_1_117' title="bbox 1826 5781 3431 5859">
    <p class='ocr_par' dir='ltr' id='par_1_117' title="bbox 1826 5781 3431 5859">
     <span class='ocr_line' id='line_1_117' title="bbox 1826 5781 3431 5859; baseline -0.001 -15"><span class='ocrx_word' id='word_1_827' title='bbox 1826 5783 1938 5844; x_wconf 58' lang='lat' dir='ltr'><strong>sed</strong></span> <span class='ocrx_word' id='word_1_828' title='bbox 1966 5792 2219 5841; x_wconf 82' lang='lat' dir='ltr'><strong>maneant</strong></span> <span class='ocrx_word' id='word_1_829' title='bbox 2248 5781 2304 5841; x_wconf 87' lang='lat' dir='ltr'><strong>in</strong></span> <span class='ocrx_word' id='word_1_830' title='bbox 2332 5781 2699 5843; x_wconf 75' lang='lat' dir='ltr'><strong>amaritudine</strong></span> <span class='ocrx_word' id='word_1_831' title='bbox 2728 5783 2941 5857; x_wconf 65' lang='lat' dir='ltr'><strong>saeculi,</strong></span> <span class='ocrx_word' id='word_1_832' title='bbox 2971 5798 3093 5859; x_wconf 75' lang='lat' dir='ltr'><strong>qua:</strong></span> <span class='ocrx_word' id='word_1_833' title='bbox 3122 5782 3323 5847; x_wconf 67' lang='lat' dir='ltr'><strong>seculo</strong></span> <span class='ocrx_word' id='word_1_834' title='bbox 3349 5786 3431 5843; x_wconf 80' lang='lat' dir='ltr'><strong>vi-</strong></span> 
     </span>
    </p>
   </div>
  </div>
