4050 6198
577 247 686 308 ηε

1610 243 1670 302 S.
1711 241 2095 303 BIERONYMI
2131 241 2418 303 OPERUM
2456 239 2822 303 MANTISSA.

3758 245 3869 310 416

582 377 740 427 vunt.
784 371 1098 445 Propterea,
1128 362 1481 432 charissimte,
1511 362 1907 420 monasterium
1935 370 2174 418 vestrum
2202 363 2256 424 Α
2280 360 2380 416 sibi
2407 368 2598 418 natura
2628 361 2889 418 tradidit:
2936 373 3155 435 semper
3197 368 3376 422 tamen
3407 361 3754 436 cognosceris
3779 365 3867 424 ci-

587 466 746 522 vobis
792 469 1100 540 sepulcrum
1151 463 1376 535 eligite:
1413 461 1500 518 ubi
1530 470 1761 516 mortua:
1800 475 1923 517 cum
1955 460 2176 516 Christo

594 558 797 620 ibidem
828 558 1084 614 maneatis
1110 555 1362 624 sepultae,
1386 569 1665 626 quousque
1687 562 2034 623 resurgentes
2053 568 2174 610 cum

592 662 660 704 eo
689 645 1019 718 apparebitis
1039 645 1092 700 in
1121 643 1295 715 gloria
1324 642 1464 714 ejus.
1518 641 1744 696 Demum
1777 639 2071 696 timendum
2095 649 2177 696 est

589 739 882 809 plurimum
903 780 919 805 ,
960 753 1029 794 ne
1073 738 1198 810 quis
1242 737 1575 809 ingrediatur
1602 745 1763 791 nocte
1788 735 1856 790 ad
1890 734 2175 790 furandum

589 831 892 904 pretiosum
938 831 1296 896 thesaurum,
1347 830 1438 900 qui
1485 829 1620 886 latet
1660 829 1713 884 in
1755 829 1982 884 tumulo.
2041 829 2179 884 ilinc

585 923 716 980 inde
736 923 887 979 fures
915 923 1150 988 fodiunt,
1168 931 1226 978 ut
1252 921 1497 977 furentur
1521 921 1745 976 infinitis
1760 921 2001 985 astutiis,
2033 921 2178 992 quod

586 1016 732 1075 intus
761 1016 1016 1074 habetur.
1058 1013 1412 1072 Custodiatur
1447 1029 1577 1088 ergo
1604 1014 1912 1086 sepulcrum
1939 1029 2036 1085 per
2061 1014 2178 1085 epi-

585 1125 846 1182 sc0pum:
877 1126 1038 1182 quem
1068 1110 1213 1166 Deus
1237 1109 1290 1164 in
1323 1109 1482 1164 vinea
1512 1124 1607 1164 sua
1642 1109 1876 1173 primum
1897 1108 2177 1164 custodem

586 1204 907 1277 praeposuit.
961 1201 1312 1260 Custodiatur
1358 1209 1414 1258 et
1440 1217 1537 1274 per
1567 1200 1916 1272 praepositum
1959 1201 2183 1273 presby-

587 1308 787 1369 terum,
811 1299 903 1372 qui
931 1299 1107 1355 vicem
1135 1299 1256 1370 ejus
1285 1307 1434 1354 tenet
1460 1299 1514 1354 in
1539 1298 1661 1354 loco
1687 1315 1700 1353 :
1735 1313 1800 1354 ne
1825 1298 1947 1370 quis
1969 1298 2181 1357 incaute

589 1395 829 1454 introeat
853 1411 866 1447 :
899 1408 967 1450 ne
996 1394 1118 1466 quis
1141 1392 1209 1448 ad
1242 1393 1591 1448 minuendum
1618 1400 1824 1464 pergat.

660 1489 940 1546 Murorum
981 1486 1372 1544 munitionibus
1411 1485 1489 1541 sic
1528 1485 1765 1557 undique
1791 1484 2184 1556 circumcinga-

594 1592 682 1639 tur
711 1582 961 1649 locellus,
993 1580 1139 1652 quod
1169 1581 1262 1635 vix
1293 1579 1484 1635 avibus
1512 1579 1816 1648 praebeatur
1848 1577 2048 1634 aditus.
2093 1578 2182 1634 Sic

592 1675 887 1732 tendantur
927 1675 1065 1730 muri
1118 1673 1176 1729 in
1206 1673 1370 1728 altum
1397 1717 1410 1742 ,
1458 1671 1600 1742 quod
1634 1686 1740 1727 non
1768 1671 1944 1726 solum
1973 1685 2080 1725 non
2110 1669 2179 1725 li-

2275 454 2387 520 nis,
2420 446 2624 525 fenum,
2655 465 2710 512 et
2736 467 2946 514 stercus
2974 459 3310 517 immundum
3341 475 3410 517 ex
3439 460 3718 518 immundo
3741 477 3868 532 pro-

2274 546 2494 602 ductum
2520 549 2762 605 semine?
2785 550 2830 606 0
2861 552 2907 608 si
2937 561 2990 610 te
3015 553 3188 609 velles
3217 553 3440 621 intueri,
3462 552 3725 610 vilissima
3745 570 3865 610 ωηο

2274 638 2506 694 lierum:
2556 656 2717 712 quam
2774 644 3226 703 verecundareris
3287 646 3358 702 de
3415 660 3680 718 corpore,
3727 648 3866 719 quod

2278 739 2430 786 tanto
2456 732 2602 788 cultu
2633 735 2882 791 excolis?
2931 736 3053 808 Ipsa
3090 737 3292 794 etenim
3321 738 3568 808 jumento
3599 749 3654 796 et
3680 739 3867 797 bestiis

2279 841 2440 890 terrae
2464 879 2479 903 ,
2530 843 2622 890 aut
2666 850 2727 892 es
2764 837 2989 907 aequalis
3021 846 3113 893 aut
3140 837 3416 895 deterior:
3445 839 3591 895 intus
3619 847 3704 895 est
3726 839 3867 894 unde

2277 925 2527 996 glorieris
2547 968 2561 991 ,
2593 941 2700 982 non
2731 938 2904 983 extra.
2958 928 3014 984 ln
3047 945 3181 986 vase
3203 930 3308 985 isto
3335 938 3443 985 tam
3474 931 3617 1002 turpi
3649 931 3865 987 thesau-

2280 1035 2398 1074 rum
2422 1029 2596 1085 tenes,
2623 1037 2786 1094 quem
2813 1037 3026 1080 summa
3047 1039 3176 1080 cum
3203 1024 3484 1097 diligentia
3507 1025 3688 1082 colere
3706 1023 3867 1080 debes

2281 1126 2336 1172 et
2375 1131 2594 1173 servare
2643 1134 2854 1174 summa
2892 1119 3162 1176 custodia.
3207 1119 3354 1177 Nihil
3382 1119 3447 1176 ad
3480 1129 3532 1176 te
3560 1120 3629 1177 de
3653 1135 3782 1176 vase
3805 1119 3867 1176 fi-

2279 1211 2394 1267 ctili
2421 1254 2437 1280 ,
2485 1213 2531 1268 si
2561 1215 2735 1284 turpis
2765 1213 2937 1271 forma
2969 1215 3040 1270 sit
3063 1221 3220 1270 extra
3248 1233 3262 1270 :
3294 1213 3588 1271 dummodo
3617 1213 3765 1272 intus
3802 1213 3871 1270 sit

2281 1308 2483 1377 nobile,
2515 1309 2660 1365 intus
2689 1310 2760 1366 sit
2787 1311 3079 1382 pulchrum
3100 1311 3247 1384 quod
3278 1312 3428 1382 latet,
3455 1311 3604 1370 intus
3629 1312 3706 1372 sit
3733 1311 3871 1369 inte-

2281 1418 2437 1477 grum
2466 1403 2611 1473 quod
2637 1411 2906 1461 servatur.

2843 1497 3071 1558 CAPUT
3125 1500 3320 1558 XXIX.

2615 1591 2694 1650 De
2717 1595 2945 1666 periculo
2969 1594 3268 1651 ambitionis
3301 1593 3531 1650 uestium.

2354 1683 2655 1756 Propterea
2694 1702 2814 1754 vos,
2859 1686 3198 1744 charissima:
3219 1729 3234 1755 ,
3268 1703 3387 1760 qua:
3423 1687 3553 1743 estis
3580 1700 3796 1758 sponsa:
3825 1695 3878 1743 et

591 1778 714 1825 ceat
754 1769 1017 1840 pedibus;
1066 1767 1164 1824 sed
1191 1781 1292 1823 nec
1317 1766 1490 1822 oculis
1518 1807 1533 1832 ,
1576 1781 1695 1836 qua:
1743 1766 1886 1821 intus
1918 1772 2184 1836 geruntur

2298 1775 2414 1832 lilia:
2446 1779 2593 1849 regis
2635 1779 2862 1834 mtcrni:
2893 1779 3048 1850 cujus
3079 1795 3302 1852 regnum
3337 1795 3448 1836 non
3476 1789 3871 1852 corrumpetur,

591 1878 910 1934 agnoscere.
950 1862 1104 1918 Ostia
1141 1870 1391 1919 serentur
1419 1859 1630 1916 fortiter
1668 1860 1934 1916 clavibus.
1989 1859 2183 1916 Claves

600 1974 728 2016 vero
756 1958 1012 2029 disponat
1037 1957 1364 2029 episc0pus:
1392 1971 1460 2010 ne
1489 1956 1609 2025 quis
1639 1956 1740 2010 nisi
1767 1953 1975 2011 habens
2002 1964 2184 2010 vestes

595 2051 868 2122 nuptiales
893 2051 1134 2107 introeat
1158 2050 1243 2106 vel
1277 2057 1436 2105 exeat
1469 2049 1588 2103 sine
1611 2047 1730 2118 ejus
1756 2061 2045 2102 consensu.
2078 2046 2186 2105 ;Sit

593 2158 775 2204 autem
821 2160 927 2201 una
970 2145 1058 2200 vel
1104 2145 1291 2216 plures
1330 2141 1642 2199 fenestrula:
1673 2139 1828 2211 juxta
1874 2139 2187 2210 diSpositio-

596 2255 721 2296 nem
743 2238 1029 2311 episcopi:
1057 2238 1135 2294 sic
1167 2236 1363 2292 ferreis
1389 2235 1558 2306 virgis
1587 2241 1813 2289 arctatze
1838 2232 2106 2304 undique,
2131 2240 2188 2288 ut

595 2331 688 2386 vix
713 2329 883 2402 digito
915 2338 1100 2400 pateat
1140 2327 1342 2383 aditus.
1399 2328 1502 2382 Per
1533 2327 1629 2382 has
1657 2325 1805 2381 horis
1834 2325 2065 2392 debitis,
2093 2333 2189 2382 aut

595 2423 955 2490 necessitatis,
974 2433 1064 2477 aut
1086 2419 1482 2486 mdilicationis,
1507 2419 1621 2474 sive
1635 2418 2185 2485 recreationiscausa,

597 2518 802 2575 sanctis
829 2516 1171 2573 sermonibus
1197 2529 1321 2568 cum
1337 2512 1543 2568 sanatis
1559 2511 1760 2577 viduis,
1777 2520 1834 2566 et
1859 2511 1980 2565 aliis
1998 2511 2190 2566 mulie-

596 2609 766 2675 ribus,
786 2622 921 2681 quas
935 2609 1165 2664 vestium
1195 2605 1410 2660 habitus
1431 2613 1486 2659 et
1503 2603 1669 2658 facies
1694 2612 1883 2658 tenues
1908 2613 1962 2658 et
1981 2604 2188 2674 pudicae

601 2703 838 2760 reddunt
867 2699 1243 2764 venerabiles,
1287 2696 1570 2753 sororibus
1619 2697 1780 2750 liceat
1826 2697 1987 2751 simul
2018 2695 2186 2766 loqui.

598 2795 895 2853 Prohibitis
928 2803 981 2849 et
1023 2792 1290 2862 suspectis
1315 2791 1465 2845 horis
1495 2789 1803 2846 lenestrulae
1832 2791 2031 2846 clausae
2071 2805 2189 2845 ma-

603 2898 788 2946 neant.
811 2888 878 2944 Et
890 2887 1068 2942 claves
1087 2885 1357 2940 abbatissa
1379 2883 1683 2951 domus,vel
1700 2891 1889 2940 sancta
1907 2882 2014 2937 alia
2036 2898 2192 2938 soror

600 2981 870 3040 custodiat
899 2998 914 3036 :
943 2996 1013 3036 ne
1055 2993 1255 3035 corvus
1304 2978 1609 3049 egrediatur
1647 2994 1743 3050 per
1784 2978 2080 3034 fenestram
2123 2993 2191 3034 ex

2287 1885 2389 1928 nec
2435 1871 2713 1928 auferetur
2755 1875 2825 1929 ab
2864 1889 2972 1930 eo:
3019 1874 3089 1930 sit
3123 1875 3192 1929 ab
3218 1875 3370 1930 intus
3398 1875 3574 1932 omnis
3596 1874 3766 1946 gloria
3788 1888 3878 1930 ve-

2287 1972 2420 2019 stra.
2469 1963 2669 2022 Sedete
2703 1965 2771 2020 ad
2800 1965 3088 2022 dexteram
3116 1966 3304 2036 sponsi
3344 1967 3398 2022 in
3430 1969 3625 2023 vestitu
3653 1981 3759 2021 nou
3786 1980 3876 2021 ex-

2289 2057 2508 2125 teriori,
2566 2057 2663 2113 sed
2713 2058 3003 2116 interiori:
3047 2058 3310 2115 deaurato
3354 2075 3489 2115 auro
3519 2057 3799 2116 charitatis
3826 2058 3876 2114 in

2289 2150 2517 2206 fimbriis
2549 2151 2761 2220 aureis,
2789 2152 2844 2209 id
2869 2161 2994 2221 est,
3028 2152 3308 2212 cbaritatis
3335 2155 3620 2226 praeceptis
3649 2171 3662 2208 :
3695 2154 3766 2209 sit
3790 2169 3880 2207 un-

2290 2245 2452 2317 dique
2498 2247 2670 2303 vestis
2714 2247 3050 2305 circumdata
3093 2250 3480 2307 varietatibus:
3520 2259 3581 2304 ut
3612 2247 3725 2318 jam
3751 2247 3879 2304 nihil

2292 2339 2346 2394 in
2367 2341 2704 2396 ornamentis
2723 2341 2794 2398 de
2819 2343 3111 2398 virtutibus
3141 2343 3303 2400 desit.
3332 2343 3452 2400 Sint
3480 2343 3714 2414 myrrha,
3744 2351 3881 2414 gutta

2290 2441 2341 2486 et
2367 2432 2507 2486 casia
2527 2447 2559 2486 a
2579 2433 2890 2488 vestimentis
2909 2451 2928 2490 :
2955 2444 3015 2490 ut
3040 2436 3094 2490 in
3121 2435 3347 2492 odorem
3373 2435 3629 2490 virtutum
3656 2442 3715 2489 et
3740 2433 3880 2502 vitae,

2292 2532 2504 2580 cteterre
2552 2524 2621 2579 ad
2669 2527 3016 2584 sanctitatem
3046 2538 3281 2584 vestram
3313 2527 3736 2584 adolescentulre
3764 2542 3882 2582 cur-

2292 2627 2416 2674 rant
2460 2617 2530 2673 de
2571 2620 2796 2676 saaculo.
2827 2620 2883 2675 In
2928 2620 3032 2677 hoc
3063 2622 3269 2678 honore
3302 2631 3485 2678 vestro
3512 2620 3880 2682 delectemiui.

2294 2711 2423 2768 filiae
2443 2712 2589 2780 regis
2615 2713 2828 2770 aeterni.
2872 2714 3028 2770 llunc
3065 2725 3312 2772 vestrum
3351 2715 3607 2771 decorem
3631 2713 3884 2784 concupi-

2293 2813 2411 2858 scet
2439 2818 2534 2859 rex
2559 2813 2742 2860 vester
2772 2813 2827 2860 et
2853 2820 3112 2876 sponsus.
3171 2807 3264 2864 Sic
3297 2821 3479 2862 secum
3514 2805 3807 2862 manebitis
3833 2804 3880 2858 in

2295 2895 2532 2952 thalamo
2576 2896 2632 2952 in
2677 2896 2866 2953 laetitia
2895 2907 2954 2954 et
2981 2899 3368 2954 exsultatione.
3417 2897 3570 2954 Tunc
3595 2903 3885 2953 nascentur

2295 3004 2363 3045 ex
2391 2989 2549 3046 vobis
2576 2990 2670 3044 lilii
2693 3035 2707 3058 ,
2763 2991 2851 3061 qui
2884 3005 2992 3046 non
3022 2991 3132 3060 jam
3161 2999 3366 3048 terram
3388 3035 3403 3061 ,
3443 2989 3541 3047 sed
3571 2991 3773 3047 caelum
3802 3005 3884 3045 re-

605 3092 753 3133 arca.
787 3073 1036 3141 Credite,
1090 3071 1178 3126 hic
1219 3069 1518 3127 timendum
1549 3080 1631 3126 est
1665 3071 1924 3128 thesauro
1953 3088 1986 3125 a
2009 3073 2193 3127 timore
2237 3155 2266 3158 _
2296 3083 2562 3153 plebum;
2593 3099 2736 3156 quos
2771 3084 2934 3142 pater
2957 3086 3253 3143 οοηειίιηει
3282 3085 3558 3157 principes
3583 3100 3752 3158 super
3776 3098 3883 3140 om.

606 3179 879 3225 nocturno.
952 3164 998 3220 Α
1031 3166 1219 3237 sagitta
1256 3163 1462 3219 volante
1482 3166 1535 3218 in
1559 3164 1665 3229 die,
1693 3182 1724 3218 a
1753 3167 1954 3236 negotio
1985 3183 2193 3238 peram-
2222 3155 2268 3222 C
2297 3191 2422 3234 nem
2454 3155 2678 3233 terram,

606 3259 818 3315 bulante
836 3259 890 3311 in
921 3256 1139 3311 tenebris
1166 3271 1185 3310 :
1215 3257 1278 3310 ab
1299 3257 1508 3310 incursu
1530 3263 1578 3309 et
1604 3256 1855 3310 damanio
1887 3258 2191 3312 meridiano.

607 3353 837 3426 Semper
861 3350 1010 3410 hora:
1036 3350 1121 3408 hae
1148 3360 1416 3422 suspectae
1438 3350 1546 3406 sint
1566 3349 1837 3406 mentibus
1869 3351 2051 3407 castis.

1152 3487 1382 3547 CAPUT
1419 3488 1658 3545 XXVIII.

873 3609 953 3665 De
977 3607 1314 3665 detestatione
1341 3607 1683 3676 pretiosarum
1707 3605 1939 3661 vestium.

683 3723 1039 3795 Propheticus
1076 3723 1172 3778 ille
1211 3727 1394 3778 sermo
1423 3736 1765 3793 nequaquam
1796 3721 2099 3792 proferatur
2132 3721 2202 3778 de

612 3819 767 3875 vobis
792 3836 807 3874 :
843 3819 891 3874 F
895 3819 999 3876 ilia:
1023 3835 1201 3875 eorum
1224 3819 1538 3890 compositae,
1563 3819 1954 3872 circumornata:
1983 3826 2038 3872 ut
2062 3818 2203 3871 simi-

614 3913 786 3970 litudo
812 3914 1033 3987 templi:
1075 3926 1130 3970 et
1158 3913 1422 3970 dealbatte
1457 3913 1526 3967 ab
1551 3922 1704 3970 extra
1734 3922 1792 3967 ut
1831 3921 2203 3981 monumenta,

617 4025 739 4080 quae
767 4019 922 4063 extra
947 4023 1082 4064 auro
1107 4009 1352 4064 relucent
1387 4025 1399 4061 :
1432 4006 1576 4062 intus
1599 4014 1781 4062 autem
1813 4015 1936 4060 sunt
1958 4005 2207 4076 turpissi-

617 4117 702 4155 ma
734 4109 790 4155 et
815 4101 1112 4166 immunda,
1137 4102 1294 4171 plena
1320 4099 1679 4156 cadaveribus
1703 4108 2040 4156 mortuorum
2068 4116 2081 4154 :
2111 4098 2207 4153 hu-

614 4191 853 4262 jusmodi
887 4208 990 4248 non
1026 4192 1151 4248 lilia:
1177 4192 1319 4263 regis
1342 4190 1575 4261 Christi,
1607 4191 1703 4247 sed
1735 4191 1886 4261 Tyri.
1938 4191 2034 4247 lia:
2059 4207 2207 4248 sem-

618 4303 720 4358 per
747 4287 802 4343 in
828 4286 1146 4343 muneribus
1166 4327 1182 4354 ,
1221 4286 1305 4342 ha:
1328 4286 1506 4342 vultus
1533 4285 1865 4356 impudicitia
1889 4299 1985 4355 per
2013 4284 2208 4342 divites

621 4381 798 4450 plebis
837 4383 1124 4451 capiuntur
1165 4391 1218 4436 et
1248 4381 1488 4451 capiunt.
1548 4377 2060 4451 Imperfectissimus
2087 4396 2208 4436 mu-

613 4471 808 4528 lierum
867 4473 1111 4529 affectus.
1181 4472 1407 4542 Semper
1456 4473 1512 4528 in
1558 4472 1842 4540 vestibus,
1896 4487 2112 4543 semper
2153 4473 2206 4528 in

616 4581 748 4620 auro
773 4607 788 4630 ,
837 4565 1106 4636 lapidibus
1134 4567 1389 4638 pretiosis
1419 4573 1474 4621 et
1498 4567 1832 4622 ornamentis
1858 4567 2202 4634 extrinsecis,
2231 4547 2284 4608 Ῑ)

615 4659 842 4730 gloriam
893 4669 1125 4730 ponunt.
1180 4661 1296 4716 Non
1339 4659 1540 4715 sufficit
1586 4659 1667 4716 eis
1703 4659 1866 4714 libido
1898 4660 2079 4715 innata
2110 4677 2208 4716 na-

623 4761 795 4808 turae:
845 4752 941 4808 sed
987 4752 1304 4808 occasiones
1347 4761 1595 4824 quaerunt
1635 4749 1921 4820 explendae
1945 4750 2202 4808 libidinis.

622 4843 893 4901 Afi'ectant
919 4843 1277 4914 proculdubio
1295 4887 1310 4910 ,
1344 4852 1401 4898 ut
1429 4843 1568 4898 oculi
1593 4844 1834 4900 virorum
1865 4859 2055 4899 aurum
2077 4859 2210 4900 con-

625 4936 950 5006 templantes
992 4946 1048 4993 et
1083 4951 1360 5007 gemmas,
1394 4936 1606 4992 tandem
1638 4937 1865 5010 figantur
1893 4938 1946 4993 in
1974 4938 2206 5000 faciem;

628 5037 688 5082 ut
718 5029 998 5083 oculorum
1031 5043 1252 5083 suorum
1300 5029 1518 5083 nutibus
1551 5028 1756 5084 facilius
1799 5028 2022 5085 incitent
2045 5031 2112 5084 ad
2148 5030 2214 5086 li-

627 5118 934 5174 bidinosum
957 5119 1464 5188 incendium.Quid,
1480 5121 1740 5176 meretrix
1758 5121 2086 5187 communis,
2101 5121 2215 5192 glo-

627 5208 790 5268 riaris
835 5211 888 5266 in
938 5212 1242 5283 margaritis
1287 5221 1342 5268 et
1371 5212 1634 5282 gemmis?
1686 5213 1823 5282 Quid
1849 5214 1916 5268 ad
1947 5224 1998 5269 te
2025 5215 2218 5271 attinet

629 5315 910 5378 argentum
939 5315 994 5362 et
1018 5320 1209 5362 aurum
1233 5306 1257 5361 ?
1285 5307 1423 5375 Quid
1447 5308 1699 5364 exaltaris
1731 5308 1785 5363 in
1817 5309 2219 5379 pulchritudine

626 5401 834 5472 panni?
884 5400 1076 5457 Nonne
1109 5410 1194 5458 est
1220 5400 1399 5458 omnis
1425 5416 1550 5457 caro
1580 5403 1717 5460 cinis
1746 5413 1801 5459 et
1829 5403 2041 5472 fenum,
2078 5413 2133 5461 et
2160 5413 2219 5461 ut

629 5497 814 5554 verius
861 5496 1077 5567 dicam,
1129 5511 1308 5554 massa
1357 5497 1700 5569 putredinis,
1748 5499 1902 5556 cibus
1951 5503 2216 5558 vermium

629 5599 684 5643 et
710 5588 1097 5644 fetidissimum
1127 5591 1370 5646 stercus?
1402 5588 1538 5656 Quid
1566 5590 1618 5644 in
1647 5599 1698 5645 te
1727 5591 2030 5648 mirandum
2049 5639 2063 5661 ,
2090 5593 2218 5664 quid

633 5682 961 5738 laudandum
993 5697 1287 5753 puerorum
1313 5683 1726 5754 spectaculum?
1751 5683 1939 5740 Nonne
1965 5694 2021 5740 et
2039 5689 2084 5741 si
2105 5688 2220 5742 lau-

639 5771 797 5830 detur
837 5788 1169 5844 gemmarutu
1212 5784 1271 5834 et
1315 5773 1652 5832 metallorum
1685 5776 1992 5846 pretiositas
2018 5818 2036 5848 ,
2060 5794 2221 5852 quam

2367 3269 2522 3337 Quod
2553 3271 2598 3325 si
2630 3285 2729 3327 vos
2755 3273 3081 3328 exteriorum
3114 3271 3346 3328 vestium
3384 3271 3692 3329 delectaret
3718 3270 3883 3326 ambi-

2299 3363 2374 3417 tio
2395 3407 2410 3432 ,
2441 3363 2486 3418 si
2528 3378 2762 3434 egressa:
2799 3363 2867 3420 de
2895 3365 3080 3420 saeculi
3107 3380 3303 3436 pompa
3329 3406 3346 3433 ,
3374 3365 3443 3422 de
3478 3365 3647 3420 domo
3669 3363 3882 3427 diaboli,

2301 3465 2354 3510 et
2386 3455 2452 3510 de
2482 3457 2905 3526 congregatione
2939 3457 3206 3512 malorum
3231 3500 3247 3524 ,
3301 3457 3484 3528 populi
3514 3459 3690 3513 vestri
3719 3465 3772 3512 et
3797 3455 3890 3510 do-

2301 3564 2421 3604 mus
2468 3549 2636 3618 patris
2687 3563 2796 3605 non
2837 3551 3032 3606 essetis
3061 3550 3246 3606 oblita:
3281 3551 3536 3616 totaliter,
3567 3550 3890 3606 extollentes

2301 3655 2399 3696 vos
2423 3651 2516 3696 aut
2539 3642 2607 3698 de
2629 3651 2912 3712 parentum
2944 3642 3316 3713 dignitatibus,
3352 3653 3447 3699 aut
3469 3643 3536 3699 de
3560 3642 3747 3699 carnis
3771 3656 3888 3714 pro-

2304 3735 2452 3805 sapia
2474 3778 2493 3800 ,
2535 3733 2653 3790 sive
2686 3735 2754 3791 de
2784 3734 3099 3806 hujusmodi
3139 3736 3472 3792 vanitatibus
3497 3733 3889 3800 caducissiniis,

2305 3835 2468 3882 terra:
2492 3826 2819 3896 vaporibus,
2849 3827 2926 3882 uti
2956 3827 3179 3884 solitum
3205 3835 3292 3884 est
3323 3827 3513 3883 incolis
3544 3836 3742 3883 terra:
3776 3840 3894 3896 pro-

2305 3917 2451 3973 tinus
2498 3933 2790 3989 assurgens
2843 3934 2939 3975 rex
2991 3920 3400 3990 potentissimus
3429 3919 3710 3976 accinctus
3739 3931 3894 3988 super

2307 4009 2481 4066 femur
2513 4025 2666 4066 suum
2694 4010 2873 4082 gladio
2899 4011 2985 4066 bis
3015 4023 3175 4067 acuto
3200 4053 3215 4079 ,
3262 4011 3499 4081 expellet
3539 4027 3641 4068 vos
3665 4011 3896 4080 undique

2307 4103 2626 4158 vulneratas
2670 4104 2892 4160 dextera
2935 4118 3031 4158 sua
3079 4104 3150 4161 de
3200 4104 3549 4160 tabernaculo
3575 4119 3699 4160 suo.
3748 4102 3897 4157 Tunc

2308 4196 2643 4254 acutissimas
2689 4196 2809 4266 ejus
2853 4196 3065 4268 sagittae
3117 4196 3480 4266 perforabunt
3520 4197 3690 4253 corda
3721 4203 3895 4250 vestra

2309 4287 2365 4343 in
2394 4286 2758 4343 amaritudine
2787 4305 2800 4341 :
2834 4286 3094 4358 quoniam
3123 4288 3272 4358 virga
3299 4287 3618 4344 directionis
3644 4287 3786 4357 virga
3815 4300 3898 4342 re—

2309 4379 2404 4450 gni
2447 4378 2554 4434 sui.
2605 4379 2674 4434 Et
2713 4379 3060 4449 postmodum
3108 4380 3345 4450 abjectas
3397 4379 3467 4436 de
3500 4379 3662 4436 domo
3684 4378 3898 4434 Domini

2310 4473 2506 4542 vestri,
2541 4489 2730 4529 omnes
2767 4473 3092 4531 deridebunt
3116 4490 3251 4534 vos:
3293 4485 3349 4531 et
3373 4473 3557 4534 dicent
3583 4474 3651 4531 de
3675 4474 3901 4545 singulis

2309 4576 2545 4623 vestrum
2573 4585 2587 4623 :
2639 4566 2782 4622 Filia
2821 4567 3108 4640 Babylonis
3143 4569 3330 4624 misera
3351 4584 3371 4621 :
3406 4585 3522 4642 quia
3559 4586 3664 4624 non
3685 4567 3902 4640 posuisti

2311 4659 2475 4714 Deum
2520 4659 2814 4730 adjutorent
2862 4661 2994 4726 tibi,
3037 4661 3126 4715 sed
3162 4662 3380 4732 sperasti
3415 4662 3472 4716 in
3512 4663 3738 4717 vanitate
3778 4671 3899 4715 tua:

2309 4753 2439 4809 sede
2476 4752 2586 4823 jam
2630 4767 2794 4822 super
2838 4751 3060 4809 ﬂumina
3090 4753 3422 4826 Babylonis:
3468 4753 3665 4824 plange
3695 4763 3752 4810 et
3780 4767 3903 4808 sus-

2311 4845 2485 4916 pende
2529 4846 2581 4900 in
2630 4845 2891 4902 salicibus
2939 4862 3141 4918 organa
3170 4889 3185 4914 ,
3236 4847 3362 4902 dum
3405 4847 3714 4904 recordaris
3764 4844 3904 4901 unde

2312 4939 2537 5010 expulsa
2563 4953 2643 4995 es.
2693 4937 2833 4995 Nam
2862 4954 2982 5009 quae
3005 4939 3220 4996 solebas
3245 4949 3465 4997 cantare
3490 4940 3760 4995 canticum
3795 4938 3907 4994 lau-

2318 5035 2402 5089 dis
2443 5046 2498 5092 et
2537 5035 2777 5091 laetitite:
2811 5036 2973 5092 modo
3003 5035 3186 5107 ploras
3212 5036 3280 5093 ad
3312 5046 3512 5092 terram
3545 5035 3781 5091 alienam
3813 5033 3908 5090 de-

2319 5128 2497 5185 ducta.

2889 5199 3115 5257 CAPUT
3167 5200 3334 5257 XXX.

2553 5293 2631 5351 De
2659 5294 3071 5350 consideratione
3096 5295 3311 5350 extremi
3335 5293 3437 5349 diei
3456 5290 3666 5366 iudicii.

2391 5410 2608 5481 Itaque,
2640 5411 2975 5468 charissima:
3005 5410 3266 5477 dominae,
3311 5423 3433 5465 cum
3463 5407 3732 5482 Apostolo
3760 5405 3907 5463 arbi-

2322 5505 2537 5561 tremini
2567 5521 2664 5562 vos
2710 5506 2765 5561 in
2809 5505 2915 5562 hoc
2963 5505 3165 5562 sarculo
3195 5513 3457 5571 stercora,
3488 5512 3544 5559 et
3572 5501 3759 5558 mundi
3787 5516 3910 5572 pur-

2322 5608 2572 5669 gamenta
2603 5617 2616 5654 :
2650 5607 2708 5654 ut
2751 5613 2954 5670 sponso
2995 5605 3178 5655 vestro
3224 5597 3442 5668 placere
3477 5594 3723 5668 possitis.
3768 5591 3910 5650 Nihil

2324 5691 2392 5747 ad
2432 5707 2530 5748 vos
2557 5693 2625 5749 de
2654 5693 2866 5764 pompis
2893 5691 3076 5748 saculi
3100 5691 3297 5747 attinet
3322 5707 3334 5742 :
3365 5704 3487 5760 quae
3508 5685 3914 5744 abrenuntiavi-

2326 5786 2425 5844 stis
2468 5786 2523 5844 in
2551 5786 2880 5859 baptismate
2909 5784 3112 5850 mundo
3135 5825 3151 5852 ,
3200 5782 3451 5850 diabolo,
3499 5791 3556 5840 et
3576 5780 3800 5854 pompis
3823 5792 3916 5836 eo-
