4050 6198
183 253 284 319 417

1415 247 1702 315 REGULA
1738 242 2248 312 MONACHARUM.

3349 248 3458 319 418

186 395 344 437 rum:
387 378 538 454 quod
575 389 631 438 et
655 377 1016 453 'postmodum
1046 378 1415 439 confirmastis
1440 379 1542 436 sub
1567 375 1778 449 pollici-
1800 376 1856 437 Α
1879 373 2067 444 grandi
2097 373 2320 431 minime
2345 382 2572 445 possunt
2604 373 2814 433 haberi.
2845 372 3212 435 Histrionibus
3231 387 3287 437 et
3313 378 3460 437 luso-

189 474 389 531 latione
435 475 769 546 juramenti,
821 475 876 531 in
926 483 1120 531 vestra:
1168 472 1454 546 religionis
1499 473 1768 542 ingressu.

188 564 380 624 Nullus
403 583 656 640 umquam
687 567 832 625 inter
859 583 959 624 vos
985 583 1168 625 sermo
1197 568 1457 625 habeatur
1481 565 1550 620 de
1578 565 1775 621 nobili-

188 659 388 718 tatibus
415 661 636 733 generis
658 703 674 730 ,
725 661 796 719 de
836 661 1088 734 prosapia
1117 663 1318 719 carnis.
1363 661 1446 718 Sit
1469 660 1693 732 aequalis
1719 660 1774 716 in

188 752 283 810 Dei
311 755 576 829 obsequio
599 802 614 827 ,
645 755 756 812 ﬁlia
785 759 930 830 regis
950 798 966 826 ,
993 757 1110 814 sive
1131 757 1341 814 rustici.
1382 756 1585 811 Omnes
1614 753 1774 810 simul

188 847 558 919 nobilitatem,
592 859 647 907 et
682 850 1000 922 dignitatem
1026 865 1188 906 unam
1222 849 1434 905 habetis
1463 864 1527 905 ex
1549 861 1770 918 sponso.

187 939 409 998 Exeatis
438 943 699 1000 continue
727 952 884 1000 extra
910 952 1096 1000 castra
1123 959 1245 999 cum
1271 942 1489 999 Christo
1513 960 1526 994 :
1559 951 1620 996 ut
1648 955 1772 995 cum

187 1032 407 1092 Christo
452 1035 845 1109 cruciﬁgamini
892 1035 1094 1092 mundo
1153 1045 1210 1092 et
1253 1035 1442 1102 vitiis,
1493 1041 1773 1103 portantes

183 1141 303 1183 cum
335 1128 457 1200 ipso
489 1130 858 1202 improperia:
890 1137 946 1186 et
972 1143 1159 1185 amore
1177 1128 1316 1198 ejus,
1349 1127 1648 1183 ofﬁciorum
1674 1126 1772 1181 do-

181 1235 305 1277 mus
335 1221 491 1278 labor
516 1222 693 1279 dulcis
722 1230 996 1294 appareat.

251 1311 376 1368 Non
424 1313 729 1384 disputetur
772 1313 840 1368 de
870 1313 1181 1384 majoritate
1205 1311 1508 1369 officiorum
1527 1353 1544 1378 ,
1576 1310 1673 1368 sed
1701 1310 1769 1367 de

183 1406 477 1462 devotione
538 1415 594 1462 et
652 1407 848 1462 affectu
905 1407 1391 1477 implorandorum.
1465 1405 1768 1477 Numquam

184 1516 448 1569 murmur,
493 1515 787 1572 numquam
835 1500 1128 1557 verborum
1161 1499 1397 1570 turpium
1425 1543 1440 1569 ,
1473 1513 1769 1570 numquam

183 1595 354 1650 litium
377 1594 612 1665 sonitus,
637 1593 780 1651 inter
809 1605 1052 1652 mortuas
1079 1595 1264 1650 seculi
1294 1603 1510 1651 sonent.
1549 1593 1769 1665 Sepulta

182 1690 448 1745 cadavera
487 1703 782 1760 numquam
831 1688 978 1744 inter
1027 1687 1280 1759 sejurgia
1310 1696 1573 1758 peragunt
1602 1688 1654 1742 in
1682 1702 1770 1742 se-

1873 466 2029 523 ribus
2061 483 2248 540 regum
2279 477 2334 524 et
2381 469 2687 542 principum
2722 471 2905 526 szeculi
2929 513 2946 538 ,
2986 472 3165 528 mollia
3212 483 3337 528 sunt
3374 489 3462 530 re-

1874 561 2188 631 linquenda.
2245 561 2469 619 Joannis
2493 564 2562 620 de
2592 565 2717 637 pilis
2744 565 3074 621 camelorum
3109 565 3331 623 interest
3363 583 3458 624 ve-

1874 655 2016 710 stiri.
2061 655 2264 711 Pudeat
2317 655 2483 727 igitur
2530 657 2814 728 religionis
2841 674 3042 715 nomen
3072 657 3291 726 habere,
3321 669 3376 715 et
3398 674 3459 717 se

1875 749 2025 804 cultu
2054 750 2284 806 vestium
2312 750 2636 807 histrionem
2664 752 2972 809 ostendere.
3007 751 3243 823 Ideoque
3265 792 3284 822 ,
3331 752 3462 808 cha-

1875 841 2140 909 rissimae,
2186 842 2311 898 volo
2357 858 2455 900 vos
2503 852 2746 900 mortuas
2797 844 3032 912 saeculo,
3073 860 3192 915 quae
3228 843 3463 900 totaliter

1875 935 2138 990 mundum
2166 935 2415 992 calcastis
2433 977 2450 1003 ,
2481 937 2786 1008 procedere
2812 937 2893 994 sic
2914 936 3145 994 deformi
3175 945 3229 992 et
3253 935 3464 992 incom-

1873 1028 2052 1098 posita
2082 1039 2266 1085 veste:
2292 1028 2435 1100 quod
2465 1030 2512 1084 si
2546 1030 2832 1101 impudicis
2851 1029 3024 1086 oculis
3053 1029 3239 1086 liceret
3267 1027 3464 1084 intueri

1871 1135 1990 1188 vos,
2021 1123 2160 1178 risus
2189 1125 2369 1193 potius
2399 1137 2793 1195 provocaretur
2822 1142 2982 1197 quam
3011 1126 3268 1197 cogitatio
3297 1123 3460 1180 mala.

1876 1213 2078 1271 Fateor
2117 1217 2333 1286 quidem
2366 1219 2487 1273 illos
2510 1221 2729 1275 mentiri
2755 1266 2769 1288 ,
2815 1221 2905 1292 qui
2932 1221 3239 1291 gloriantur
3265 1235 3326 1275 se
3354 1234 3465 1276 ser-

1874 1322 2005 1364 vare
2034 1310 2335 1365 castitatem
2363 1328 2376 1365 :
2411 1321 2464 1366 et
2492 1312 2547 1367 in
2575 1311 2818 1368 vestibus
2849 1313 3214 1371 lubrieitatem
3251 1322 3466 1370 sectan-

1871 1410 1980 1458 tur.
2031 1402 2247 1460 Pannus
2295 1405 2479 1476 itaque
2523 1418 2729 1476 vester,
2770 1416 2824 1463 et
2852 1407 2897 1462 si
2927 1407 3080 1463 albus
3101 1417 3156 1465 et
3181 1406 3462 1474 candidus,

1873 1506 2054 1553 tamen
2083 1514 2306 1569 grossus
2329 1509 2383 1554 et
2412 1498 2538 1555 vilis
2574 1501 2645 1555 sit
2670 1518 2683 1555 :
2713 1509 2849 1556 utet
2877 1501 3027 1556 color
3057 1501 3350 1556 candorem
3378 1514 3467 1556 ca-

1873 1589 2074 1646 stitatis
2105 1591 2460 1649 intrinsecum
2482 1635 2496 1661 ,
2530 1603 2585 1648 et
2620 1594 2798 1648 unitas
2824 1601 3195 1665 contemptum
3221 1601 3467 1649 terreno-

1874 1699 1996 1739 rum
2021 1684 2332 1742 exhibeant.
2388 1687 2518 1743 Haec
2548 1687 2718 1758 gloria
2747 1687 3137 1744 monacharum
3166 1706 3180 1744 :
3213 1685 3318 1742 hoc
3346 1695 3464 1742 stu-

185 1781 411 1852 pulcris,
445 1797 742 1852 numquam
773 1779 1185 1852 blasphemant,
1218 1795 1510 1850 numquam
1541 1789 1770 1836 eonten—
1799 1775 1848 1839 B
1874 1777 2021 1834 dium
2063 1781 2438 1851 religiosarum
2472 1783 2734 1838 mentium
2762 1803 2773 1837 :
2817 1783 2922 1838 hoc
2955 1781 3210 1838 indicium
3236 1796 3463 1854 Sponsa-

185 1875 354 1931 dunt:
390 1875 474 1931 sic
501 1885 555 1931 et
584 1891 683 1931 vos
703 1917 718 1940 ,
749 1875 1088 1930 cbarissimae
1106 1917 1121 1942 ,
1149 1874 1340 1945 sopitae
1361 1890 1554 1930 somno
1575 1875 1772 1946 quietis

182 1976 233 2022 et
262 1967 416 2037 pacis
465 1966 797 2038 exspectetis
830 1981 1093 2038 sponsum
1143 1977 1198 2023 et
1221 1966 1459 2037 iudicem
1499 1977 1772 2023 vestrum:

182 2061 515 2131 exspectetis
579 2076 834 2132 magnum
890 2069 945 2117 et
1002 2060 1302 2116 terribilem
1357 2060 1498 2117 diem
1541 2060 1771 2131 judicii,

182 2156 323 2212 diem
350 2154 606 2211 videlicet
635 2156 754 2219 ira},
788 2155 930 2211 diem
958 2154 1283 2210 calamitatis
1307 2171 1321 2208 :
1353 2153 1445 2209 ubi
1474 2153 1671 2210 caelum
1698 2154 1774 2209 si-

184 2249 293 2304 mul
323 2262 450 2304 cum
481 2256 626 2304 terra
650 2248 900 2318 pavebit,
953 2249 1217 2304 caelorum
1264 2262 1452 2330 omnes
1477 2249 1776 2304 movebun-

185 2352 270 2399 tur
298 2343 560 2410 virtutes,
593 2350 890 2400 trementes
911 2353 1074 2400 erunt
1099 2345 1278 2414 angeli
1305 2341 1466 2399 simul
1495 2359 1619 2399 cum
1646 2358 1773 2399 san-

183 2435 286 2489 ctis
337 2435 642 2492 omnibus:
696 2443 822 2491 tunc
862 2435 1198 2506 singulorum
1248 2436 1374 2491 vitae
1417 2437 1776 2493 discutientur

183 2527 522 2596 discrimina,
553 2535 609 2584 et
637 2527 829 2584 merita
857 2530 1214 2598 apparebunt.
1275 2530 1504 2603 Semper
1531 2532 1656 2587 tuba
1686 2533 1774 2586 illa

184 2624 440 2680 terribilis
472 2623 669 2680 vestris
690 2631 998 2694 perstrepat
1016 2624 1274 2680 auribus:
1304 2625 1536 2698 Surgite,
1564 2627 1771 2695 mortui,

184 2716 352 2770 venite
374 2715 440 2769 ad
462 2716 744 2788 judicium.
790 2716 934 2774 Ecce
956 2733 1052 2773 rex
1080 2717 1136 2774 in
1166 2735 1328 2775 manu
1358 2722 1560 2790 potenti
1589 2722 1771 2777 venit:

184 2824 214 2863 a
245 2811 456 2867 cunctis
482 2811 596 2867 vult
627 2813 846 2883 exigere
877 2815 1143 2869 rationem
1165 2857 1181 2883 ,
1227 2823 1377 2872 certe
1399 2818 1467 2873 de
1491 2819 1775 2890 cogitatio-

187 2903 347 2960 nibus
370 2904 632 2971 minimis,
659 2914 809 2962 certe
835 2897 901 2962 de
929 2906 1141 2964 levibus
1167 2919 1224 2965 et
1255 2908 1447 2966 otiosis
1473 2912 1674 2967 verbis.
1717 2912 1777 2968 Si

185 2996 417 3054 reddere
445 2998 515 3054 de
534 2997 767 3070 singulis
796 2999 1062 3056 rationem
1096 3012 1300 3070 parata:
1323 3018 1428 3058 non
1453 3005 1628 3072 eritis,
1661 3021 1778 3074 pro-

182 3085 448 3156 jiciemini
477 3090 530 3144 in
563 3105 835 3146 carcerem
870 3094 1226 3148 exteriorem:
1260 3095 1536 3150 audietisa
1556 3097 1774 3165 judice:

1874 1888 1995 1928 rum
2027 1872 2126 1928 Dei
2157 1874 2348 1930 aeterni
2375 1892 2388 1927 :
2425 1874 2530 1930 hoc
2563 1875 2776 1946 signum
2803 1885 3140 1933 mortuarum
3169 1875 3371 1932 saeculo
3407 1881 3466 1932 et

1875 1967 2207 2039 sepultarum
2238 1983 2358 2025 cum
2388 1967 2628 2026 Christo.

2425 2145 2652 2206 CAPUT
2691 2145 2911 2205 XXXI].

2127 2283 2204 2339 De
2240 2285 2539 2341 austeritate
2574 2285 2895 2359 exquirenda
2928 2285 2984 2340 in
3009 2293 3200 2341 strata.

1948 2442 2265 2515 Conjugatae
2296 2453 2351 2500 et
2379 2443 2552 2499 viduae
2575 2460 2694 2514 quae
2717 2453 2938 2500 manent
2982 2444 3036 2499 in
3067 2441 3289 2510 saeculo,
3319 2440 3464 2498 circa

1877 2536 2134 2608 plurima,
2169 2537 2312 2591 circa
2340 2536 2611 2592 laboriosa
2643 2536 2886 2594 sollicita:
2915 2535 3024 2592 sint
3053 2554 3067 2592 :
3096 2536 3335 2606 quotidie
3359 2535 3466 2591 cir-

1877 2645 1940 2686 ca
1970 2629 2230 2699 frequens
2260 2629 2617 2685 ministerium
2646 2639 2923 2700 occupatae
2950 2645 3072 2685 cum
3099 2628 3306 2685 Martha
3351 2626 3460 2685 sal-

1877 2731 2072 2776 ventur
2106 2735 2206 2791 per
2233 2735 2398 2790 opera
2431 2721 2670 2791 pietatis,
2697 2720 2825 2776 Jesu
2855 2720 3230 2776 ministrantes
3258 2721 3310 2775 in
3333 2735 3466 2792 pana

1879 2830 2030 2885 pere,
2086 2814 2339 2885 frangant
2389 2814 2756 2870 esurientibus
2809 2830 3003 2886 panem
3035 2829 3189 2870 suum
3219 2833 3234 2868 :
3265 2829 3463 2885 egenos

1877 2917 1934 2964 et.
1961 2923 2124 2979 vagos
2156 2909 2374 2964 domum
2422 2909 2682 2964 inducant
2709 2926 2723 2963 :
2755 2909 3072 2979 cooperiant
3104 2907 3299 2976 nudos,
3333 2907 3467 2964 insi-

1876 3011 2026 3058 Stant
2062 3001 2554 3059 misericordiarum
2615 3003 2869 3074 operibus
2904 3021 2918 3057 :
2950 3002 3306 3073 proculdubio
3352 3013 3463 3058 tam

1879 3094 2172 3152 fructuosis
2193 3105 2247 3151 et
2273 3096 2448 3162 bonis,
2489 3095 2633 3166 quod
2656 3094 2991 3167 impossibile
3020 3104 3102 3150 est
3129 3094 3270 3165 quod
3298 3093 3466 3149 Deum

183 3177 289 3247 Ite,
315 3181 609 3236 maledicta:
632 3223 647 3250 ,
676 3183 731 3237 in
758 3183 931 3254 ignem
964 3194 1213 3240 retentum
1233 3198 1474 3258 paratum
1503 3189 1708 3246 diabolo
1731 3199 1777 3247 et
1807 3177 1852 3241 C
1885 3207 1993 3248 non
2032 3191 2247 3263 placent
2290 3193 2504 3248 iratum.
2538 3193 2924 3263 Colligationes
2957 3191 3250 3264 impietatis
3271 3191 3469 3246 dissol-

181 3275 384 3346 angelis
415 3277 549 3346 ejus.
762 3344 986 3406 CAPUT
1021 3346 1195 3406 XXXI

439 3436 521 3498 De
552 3437 840 3516 abjeczione
866 3446 1184 3515 exquirenda
1213 3447 1265 3502 in
1294 3448 1528 3505 vestibus.

252 3551 374 3613 Heu
401 3570 500 3612 cor
547 3555 976 3616 infelicissimum
1004 3601 1020 3628 ,
1072 3577 1226 3619 mens
1269 3563 1778 3638 infortunatissima,

183 3664 306 3723 qua:
331 3647 479 3709 diem
501 3649 695 3722 judicii
723 3661 830 3708 tam
863 3653 1188 3713 horrendam
1214 3675 1321 3715 non
1345 3661 1635 3718 meditatur
1658 3680 1784 3736 quo-

184 3747 354 3802 tidie:
388 3755 445 3803 et
470 3745 516 3802 si
549 3746 861 3816 meditatur,
889 3750 1284 3822 fatuissimum,
1319 3757 1362 3810 si
1392 3759 1598 3828 appetit
1627 3760 1784 3830 quid-

185 3854 349 3911 quam
378 3840 449 3898 de
475 3842 681 3899 saeculo
705 3852 759 3899 et
789 3844 999 3917 pompis
1024 3846 1160 3916 ejus.
1192 3848 1354 3905 Nullo
1380 3866 1474 3906 vos
1499 3852 1606 3921 die,
1638 3853 1782 3910 nulla

184 3946 286 3988 vos
326 3933 459 3989 hora
507 3943 786 3991 transeant
829 3935 946 3993 hare
980 3943 1185 3994 omnia.
1218 3941 1454 4009 Quilibet
1480 3945 1659 4016 paries
1685 3946 1784 4002 do-

185 4041 330 4097 mus,
361 4027 586 4099 quilibet
614 4031 843 4101 angulus
865 4073 880 4098 ,
913 4034 1108 4089 vestris
1138 4034 1547 4094 demonstretur
1572 4040 1626 4094 in
1656 4056 1784 4096 ocu-

183 4117 290 4185 lis,
351 4119 458 4174 ista
498 4120 587 4177 die
623 4121 893 4193 depictus.
947 4123 1005 4181 Si
1057 4126 1172 4182 haec
1205 4144 1310 4183 non
1342 4133 1785 4200 praetermittatur

183 4212 354 4268 lectio
378 4231 388 4264 :
420 4224 547 4269 tunc
573 4216 808 4287 abjeetio
841 4220 1097 4288 vestium,
1121 4221 1277 4291 cujus
1306 4223 1468 4279 taedet
1493 4226 1784 4282 muliercu-

183 4303 266 4360 las
298 4305 484 4361 fatuas
507 4346 523 4374 ,
556 4321 653 4363 vos
684 4308 995 4365 delectabit.
1044 4311 1194 4367 Tunc
1219 4315 1520 4371 rusticanus
1549 4328 1604 4372 et
1629 4319 1781 4388 abje-

182 4409 308 4452 ctus
341 4415 590 4469 pannus,
638 4418 1270 4476 purpurzeprmponctur
1297 4421 1351 4466 et
1392 4410 1572 4484 bysso.
1636 4413 1784 4472 Tunc

179 4503 367 4544 crassa
412 4500 470 4547 et
491 4492 659 4549 Trudis
705 4495 973 4552 velamina
1029 4500 1224 4569 capitis
1274 4504 1687 4563 aestimabuntur
1716 4525 1782 4564 ex

1883 3296 2050 3343 vant:
2084 3296 2138 3343 et
2168 3287 2455 3344 fasciculos
2505 3287 2888 3358 dissolvenles,
2921 3297 2976 3343 et
3006 3303 3166 3344 omne
3218 3302 3355 3343 onus
3384 3285 3467 3342 di-

1883 3392 2160 3454 rumpant.

1955 3477 2064 3533 Vos
2092 3485 2293 3547 autem,
2342 3477 2700 3546 charissima,
2731 3492 2853 3548 qua:
2905 3475 3187 3534 meliorem
3226 3485 3458 3549 partem,

1881 3569 2048 3626 immo
2067 3572 2325 3642 optimam
2355 3569 2595 3642 elegistis
2618 3585 2737 3627 cum
2768 3571 2956 3635 Maria,
3000 3571 3186 3629 sedete
3212 3573 3470 3630 continue

1884 3676 2042 3719 secus
2065 3662 2229 3734 pedes
2256 3662 2407 3729 Jesu,
2460 3678 2738 3718 sacrarum
2769 3663 3169 3734 Scripturarum
3195 3666 3469 3723 volumina

1883 3758 2055 3814 sacris
2077 3756 2404 3813 revolvendo
2429 3756 2778 3814 lectionibus.
2807 3757 3011 3815 Lavate
3044 3757 3159 3829 ejus
3186 3760 3352 3831 pedes
3379 3775 3471 3816 as-

1885 3849 2056 3906 siduis
2095 3849 2527 3920 compunctionis
2556 3858 2611 3905 et
2655 3850 2857 3920 gaudii,
2908 3851 3191 3907 charitatis
3212 3867 3275 3908 ac
3299 3852 3472 3908 devo-

1887 3943 2049 3997 tionis
2069 3942 2347 4013 lacrymis,
2396 3942 2877 4012 contemplationis
2909 3943 3127 3999 intenta:
3165 3943 3471 4002 dulcedini.

1886 4032 2108 4104 Capillis
2159 4032 2472 4105 extergatis,
2523 4044 2862 4090 terrenorum
2912 4037 3154 4092 omnium
3187 4037 3473 4108 superﬂui-

1885 4128 2194 4197 tatem'per
2224 4141 2341 4182 eam
2396 4127 2736 4197 expellentes
2782 4127 2851 4184 de
2879 4128 3064 4184 corde.
3115 4129 3362 4184 Audiatis
3401 4131 3470 4186 de

1886 4235 1981 4277 ore
2008 4219 2136 4274 Jesu
2161 4219 2384 4275 verbum
2407 4220 2556 4288 quasi
2579 4221 2812 4290 gladium
2845 4237 3042 4292 anceps
3097 4219 3470 4293 pertransiens

1886 4312 2048 4369 corda
2080 4330 2092 4366 :
2119 4312 2374 4368 scindens
2420 4327 2733 4386 compagem
2786 4318 3154 4371 membrorum
3209 4330 3378 4385 usque
3406 4316 3474 4372 ad

1886 4406 2211 4462 divisionem
2245 4407 2489 4477 spiritus.
2524 4409 2637 4463 Hoc
2663 4408 2885 4464 verbum
2917 4409 3074 4466 dulce
3102 4409 3204 4464 erit
3231 4409 3478 4465 faucibus

1886 4500 2084 4555 vestris
2110 4516 2271 4571 super
2302 4502 2404 4557 mel
2430 4511 2482 4556 et
2532 4501 2736 4558 favum.
2790 4503 2904 4559 Iloe
2932 4504 3155 4559 verbum
3201 4518 3297 4573 per
3336 4503 3478 4574 quod

180 4580 402 4639 sericis.
433 4582 598 4642 Certe
627 4593 780 4644 tanta
807 4590 911 4646 erit
939 4567 1254 4649 deformitas
1286 4596 1336 4650 in
1368 4598 1603 4666 melotis,
1635 4609 1782 4657 tanta
1809 4567 1863 4630 D
1892 4593 2030 4648 facta
2055 4606 2181 4649 sunt
2208 4595 2388 4650 omnia
2424 4613 2435 4648 :
2466 4594 2570 4650 hoc
2597 4597 2819 4652 verbum
2850 4599 2992 4667 quod
3016 4593 3353 4652 centurionis
3382 4611 3478 4665 po-

182 4677 480 4746 grossities
502 4677 556 4733 in
587 4680 840 4750 cucullis,
874 4683 1089 4753 caputia
1112 4695 1216 4739 tam
1247 4687 1364 4743 rudi
1395 4690 1622 4746 artificio
1646 4709 1783 4762 prac-

187 4780 403 4840 parata,
443 4769 593 4844 quod
640 4776 686 4830 si
718 4774 806 4831 hic
842 4775 1032 4846 forent,
1063 4777 1417 4854 saecularium;
1444 4781 1781 4853 indumenta,

179 4865 462 4920 artificum
512 4867 678 4937 panni
740 4868 889 4926 brevi
940 4879 1185 4941 tempore
1230 4873 1434 4941 periret
1480 4876 1657 4933 omnis
1699 4879 1783 4934 in-

181 4953 422 5013 dustria.

251 5049 362 5107 Ista
390 5093 405 5118 ,
434 5051 775 5111 charissima:
796 5099 811 5124 ,
846 5053 1041 5114 decent
1076 5058 1370 5115 monaclias
1402 5079 1412 5116 :
1445 5077 1550 5118 non
1584 5063 1786 5121 strictis

183 5145 423 5200 manicis
445 5186 464 5212 ,
499 5146 753 5216 pretiosis
775 5158 829 5203 et
858 5149 1177 5220 compositis
1210 5152 1401 5222 pannis
1422 5196 1436 5219 ,
1471 5154 1652 5210 subtili
1692 5171 1785 5212 ve-

187 5236 402 5296 lamine
423 5239 624 5297 velatis
652 5243 957 5314 superciliis
979 5287 993 5313 ,
1026 5259 1120 5301 eor
1167 5247 1513 5303 meretricum
1541 5265 1645 5305 non
1678 5257 1785 5306 tam

177 5333 539 5406 praetendere
560 5352 722 5409 quam
755 5336 978 5394 habere.
1003 5336 1120 5393 Non
1146 5340 1284 5395 tales
1313 5340 1561 5397 exiStimo
1593 5358 1785 5398 mona-

177 5425 315 5484 chas
345 5471 364 5496 ,
411 5427 511 5486 sed
553 5431 821 5500 pessimas
861 5431 1207 5499 meretrices,
1237 5445 1292 5489 et
1317 5442 1555 5489 scortum
1587 5431 1788 5490 vilissi-

179 5537 365 5576 mum.
415 5520 536 5577 Non
581 5531 666 5578 est
707 5522 852 5579 enim
903 5538 1038 5594 opus
1068 5523 1417 5582 cadaveribus
1448 5536 1789 5583 mortuorum

179 5616 450 5688 pretiosis
478 5625 534 5672 et
558 5618 872 5688 compositis
902 5619 1236 5675 ornamentis
1274 5620 1328 5675 in
1354 5621 1645 5691 sepulcris.
1679 5620 1789 5678 Mo-

178 5718 456 5766 numenta
498 5725 607 5766 non
657 5709 896 5780 indigent
926 5711 1182 5784 ‘talibus,
1233 5717 1550 5772 monasterii
1588 5715 1791 5787 lapides

178 5817 297 5863 non
351 5810 617 5875 appetunt
659 5799 896 5876 gloriam
936 5803 1165 5863 vestium
1193 5847 1208 5876 ,
1265 5823 1383 5879 quae
1425 5804 1546 5869 sine
1574 5817 1792 5880 peccato

1892 4689 2076 4744 scebat
2101 4689 2340 4755 devotio,
2372 4699 2429 4743 ut
2455 4698 2739 4744 sanarctur
2767 4705 2897 4759 puer
2925 4690 3061 4758 ejus.
3113 4687 3286 4758 Hujus
3329 4687 3481 4744 verbi

1891 4778 2228 4837 dulcedinem
2257 4782 2432 4836 solum
2464 4793 2685 4846 norunt,
2734 4782 2826 4852 qui
2857 4782 3099 4837 audiunt.
3125 4781 3237 4836 Hoc
3259 4781 3478 4838 verbum

1892 4873 2081 4928 audire
2109 4888 2216 4926 non
2245 4883 2471 4942 possunt
2495 4873 2822 4928 somnolenti
2847 4883 2900 4929 et
2926 4874 3151 4944 ignaviae
3173 4873 3364 4930 dediti.

1966 4966 2326 5035 Quapropter,
2357 4965 2714 5033 charissimm,
2745 4968 2866 5021 volo
2896 4983 2996 5022 vos
3022 4968 3249 5039 singulis
3300 4972 3476 5030 nocti-

1893 5059 1995 5115 bus
2034 5058 2181 5113 brevi
2210 5067 2263 5112 ct
2291 5059 2427 5113 duro
2481 5068 2654 5113 stratu
2682 5059 2866 5128 jacere
2895 5062 2946 5114 in
2996 5060 3205 5118 cellulis
3235 5065 3431 5121 vestris
3458 5084 3473 5123 :

1893 5168 1999 5208 non
2034 5152 2082 5206 in
2107 5150 2303 5221 plumis
2326 5161 2381 5205 et
2403 5151 2672 5220 mollibus,
2698 5152 2791 5207 sed
2823 5165 2912 5208 aut
2939 5153 2991 5209 in
3015 5155 3187 5226 paleis
3211 5169 3304 5215 aut
3331 5169 3472 5215 stra-

1893 5244 2149 5312 minibus,
2186 5243 2297 5298 sive
2323 5245 2376 5298 in
2402 5243 2595 5314 ligneis
2627 5246 2804 5315 potius
2826 5249 3004 5320 capsis
3034 5266 3192 5320 quam
3223 5251 3437 5307 lectulis
3463 5266 3479 5306 :

1894 5346 1954 5394 ut
1999 5347 2050 5393 et
2110 5335 2350 5392 membra
2401 5336 2661 5406 domata,
2717 5339 2894 5407 potius
2937 5349 3167 5396 stratum
3225 5341 3483 5397 horreant

1895 5446 2055 5502 quam
2085 5429 2341 5486 affectent
2372 5448 2382 5483 :
2420 5427 2599 5499 potius
2631 5431 2807 5486 somni
2864 5432 3193 5490 imminentis
3244 5433 3482 5504 quietem

1892 5526 2063 5596 magis
2098 5522 2396 5593 compellat
2450 5525 2752 5580 necessitas
2791 5541 2952 5595 quam
2999 5525 3269 5582 voluntas.
3303 5525 3393 5583 Sic
3412 5527 3483 5585 ob

1893 5619 2146 5676 duritiem
2177 5618 2355 5674 brevis
2387 5626 2443 5673 et
2471 5618 2607 5673 levis
2638 5629 2866 5689 occupet
2886 5635 3070 5691 sapor,
3100 5621 3246 5693 quod
3275 5637 3385 5677 non
3409 5621 3481 5678 sit

1892 5712 1975 5770 fas
2027 5713 2198 5772 solitis
2242 5712 2583 5773 illusionibus
2636 5713 2898 5787 noctium,
2957 5725 3194 5777 mentem
3248 5715 3478 5790 SOpitam

1894 5807 2154 5880 torqueri.
2253 5863 2265 5884 λ
