4050 6198
587 194 691 258 419

1131 294 1357 369 CAPUT
1396 292 1636 351 XXXIII.

626 470 631 475 ,
705 406 786 471 De
807 396 1054 461 matutino
1084 388 1293 447 etmodo
1325 384 1534 441 dicendi
1565 382 1796 437 divinum
1818 381 2068 454 ofﬁcium.

663 499 751 557 Ad
790 492 1079 553 matutinas
1108 480 1363 539 excubias
1419 476 1593 533 media
1619 490 1727 529 nox
1753 488 1848 530 vos
1887 479 2177 545 praeparet.

596 591 815 649 Nullam
866 600 933 641 ex
974 576 1128 647 vobis
1158 564 1523 629 dormientem
1577 568 1817 650 reperiat
1858 563 2181 635 campanilis

591 650 824 741 sonitus.
855 675 970 731 Non
1017 660 1304 740 ignoretur
1334 679 1407 718 an
1439 662 1604 716 fuerit
1652 662 1723 715 ob
1753 675 2007 741 soporem
2040 676 2054 713 :
2082 657 2179 711 sed

591 746 771 849 potius
800 770 869 831 ob
899 758 1393 833 contemplationis
1429 756 1686 813 extasim.
1720 756 1795 810 De
1825 751 2033 809 cellulis
2056 766 2183 808 ora-

591 845 742 935 tione
765 858 1071 939 praemissa,
1098 852 1294 931 medim
1325 850 1499 939 noctis
1538 864 1751 916 summa
1785 850 1967 920 quiete
1994 845 2061 902 ad
2094 860 2183 923 ec-

593 934 818 1029 clesiam
861 953 1091 1026 singulae
1134 962 1355 1004 sorores
1404 934 1785 1018 advenientes,
1811 956 2068 1013 Sponsum
2100 937 2181 995 di-

593 1054 791 1125 lectum
821 1045 1102 1117 matutinis
1154 1042 1393 1099 excitent
1427 1036 1699 1105 laudibus,
1748 1040 1805 1107 ut
1835 1036 2091 1106 exsurgat
2126 1033 2180 1088 in

592 1161 777 1215 earum
805 1141 1083 1215 auxilium.
1116 1137 1208 1195 Sic
1230 1134 1487 1192 distincte
1523 1129 1829 1187 alternatim
1856 1129 2047 1200 psalmi
2075 1126 2184 1195 lec-

593 1214 874 1309 liouesque
923 1249 1091 1305 sacra:
1130 1222 1491 1301 proferantur,
1542 1233 1597 1277 ut
1649 1224 1720 1279 ob
1765 1220 2079 1279 collisiones
2128 1228 2184 1276 et

594 1330 771 1385 hiatus
798 1343 859 1383 ac
894 1321 1292 1387 barbarismos,
1351 1319 1419 1374 ad
1468 1316 1636 1372 risum
1669 1330 1775 1370 non
1823 1314 2186 1385 provocentur

595 1420 824 1499 angelici
879 1412 1127 1489 spiritus.
1162 1412 1253 1470 Sic
1307 1426 1527 1485 semper
1556 1408 1887 1475 moderatus,
1918 1408 2179 1473 attentus,

593 1502 832 1589 quietus,
864 1520 921 1569 et
948 1511 1133 1565 suavis
1155 1522 1321 1563 sonus
1350 1506 1405 1560 in
1432 1504 1676 1583 vocibus,
1701 1510 1762 1557 ut
1791 1501 1933 1556 nulla
1963 1506 2179 1571 pompa,

596 1610 863 1680 nullaque
884 1603 1124 1663 carnalis
1149 1600 1446 1659 deleCtatio
1470 1598 1666 1655 habeat
1697 1598 1873 1653 locum
1903 1597 1957 1652 in
1984 1596 2182 1651 divinis

576 1699 883 1789 ‘prmconiis
913 1717 927 1755 :
955 1711 1166 1753 summa
1209 1695 1446 1763 devotio,

580 1809 811 1869 ,crymas
836 1790 1047 1849 fundat.
1528 1870 1529 1873 η

618 1874 621 1879 λ
668 1886 760 1944 Sic
808 1884 1118 1951 morositas,
1174 1876 1252 1938 sic
1308 1880 1565 1937 chOcitas
1594 1884 1846 1936 teneatur
1897 1877 1950 1931 in
1983 1873 2180 1943 modo:

594 1982 737 2054 quod
760 1995 858 2034 nec
880 1977 1180 2046 fastidium,
1197 1990 1299 2031 nec
1321 1968 1601 2045 impeditio
1621 1970 1817 2042 lingua:
1837 1970 2007 2041 possit
2028 1966 2181 2023 oriri.

593 2075 748 2130 Nulla
763 2087 1017 2143 umquam
1044 2069 1221 2139 verba
1233 2075 1739 2139 quantumcumque
1762 2062 2043 2119 utilissima
2061 2077 2184 2131 pro-

592 2169 837 2225 ferantur
860 2168 1003 2223 inter
1026 2162 1323 2236 psallentes
1359 2179 1373 2215 :
1406 2160 1503 2217 sed
1534 2159 1666 2214 illud
1706 2161 1762 2213 in
1792 2156 1993 2213 mentis
2028 2169 2184 2209 arca-

590 2277 683 2332 no,
717 2272 929 2318 summa
968 2273 1093 2313 cum
1147 2255 1433 2327 diligentia
1474 2257 1782 2309 ruminetur
1833 2250 2179 2313 intrinsecus,

591 2355 735 2428 quod
782 2362 1150 2426 pertractatur
1197 2348 1559 2407 extrinsecus.
1611 2346 1823 2402 Nullius
1863 2354 1948 2399 est
2006 2342 2183 2397 meriti

591 2450 755 2505 orare‘
813 2446 995 2500 divina
1054 2444 1233 2499 ofﬁcia
1288 2440 1738 2497 verbositatetet
1775 2437 1969 2492 misera
2000 2445 2184 2490 mente

590 2555 710 2612 qua:
741 2540 1083 2607 extrinsecus
1112 2536 1422 2601 imminent,
1460 2532 1707 2604 vagando
1735 2530 2050 2587 circumire.
2075 2528 2184 2584 Ex-

588 2634 753 2709 pletis
782 2646 914 2689 vero
944 2631 1196 2686 laudibus
1221 2627 1656 2691 matutinalibus,
1682 2632 1782 2681 nec
1812 2632 1939 2679 tunc
1959 2636 2182 2678 somnus

590 2724 817 2799 arripiat
867 2745 879 2780 :
931 2740 999 2781 ne
1054 2723 1337 2779 differatur
1387 2720 1514 2793 quid
1554 2734 1783 2791 sponsus
1834 2716 2182 2790 petitiOnibus

590 2836 915 2895 sponsarum
956 2817 1308 2890 respondeat.
1366 2817 1425 2871 In
1455 2800 1707 2888 capitulo
1727 2814 1851 2869 inox
1879 2814 2101 2868 attentis
2129 2817 2185 2865 et

587 2915 799 2975 devotis
828 2913 1129 2984 sororibus,
1163 2920 1473 2967 sanctorum
1520 2910 1784 2977 librorum
1818 2908 2020 2964 dev0ta
2067 2898 2180 2962 lec-

590 3012 666 3066 tio
692 3011 760 3079 de
789 3008 1068 3063 voluntate
1100 3005 1310 3063 Domini
1340 3006 1419 3059 sui
1451 3004 1651 3074 pandat
1704 3000 1967 3083 quidquid
2016 2998 2182 3072 agen-

582 3075 728 3175 dum
763 3094 859 3159 sit.
913 3100 979 3154 Et
1028 3100 1106 3154 sic
1153 3099 1349 3155 cedant
1408 3097 1724 3175 illusioucs:
1758 3088 1817 3150 et
1862 3080 2169 3149 daemOnum
2206 3091 2251 3153 C
2287 3075 2457 3132 dium-

592 3180 996 3275 pltantasmata,
1034 3208 1156 3271 qua:
1187 3192 1520 3249 dormientes
1546 3188 1858 3245 illuderent.
1884 3180 2037 3271 Illico
2067 3188 2179 3243 lec-

589 3293 724 3350 tioni
748 3292 849 3346 alia
866 3289 1119 3343 succedat
1148 3283 1472 3341 brevissima
1527 3283 1715 3347 lectio,
1754 3281 1821 3337 de
1850 3280 1934 3334 his
1962 3295 2080 3350 quae
2112 3280 2176 3333 ad

587 3386 908 3459 apostolicae
940 3384 1063 3447 vita:
1088 3381 1505 3437 instructionem
1560 3378 1849 3449 pertinent,
1881 3362 2177 3445 qualicum-

587 3495 693 3552 que
718 3478 861 3551 stylo
889 3479 1141 3548 prmsenti
1173 3471 1436 3551 opusculo
1468 3479 1797 3544 pertractate
1828 3486 1842 3523 :
1878 3478 1937 3525 ut
1963 3468 2044 3523 sic
2066 3467 2178 3523 sin-

584 3556 726 3646 gulis
776 3570 968 3626 diebus
994 3569 1146 3640 quasi
1199 3567 1431 3636 quodam
1462 3565 1589 3621 bolo
1631 3565 1715 3635 pia
1772 3574 1926 3619 mens
1976 3564 2173 3633 depas-

584 3670 660 3729 ta.
695 3662 1033 3719 dulcedinem
1090 3670 1308 3732 appetat
1368 3678 1378 3712 :
1427 3673 1527 3714 nec
1586 3654 1889 3713 retardetur
1933 3655 2173 3721 faStidio,

588 3763 645 3812 et
699 3754 767 3810 dc
820 3753 1049 3809 modicis
1095 3755 1297 3807 eximia
1352 3753 1571 3822 cogitet.
1616 3750 1921 3822 Sequantur
1979 3750 2173 3806 lectio-

583 3846 734 3915 nes,
794 3847 1160 3904 confessiones
1219 3848 1503 3902 criminum
1558 3845 1612 3901 in
1668 3846 2010 3917 regularibus
2066 3846 2175 3901 dis-

583 3930 800 4015 ‘ciplinis
853 3946 1038 3998 Coram
1090 3938 1366 3996 abbatissa
1413 3939 1606 3995 domus
1662 3947 1717 3994 et
1764 3941 1977 3995 cancris
2020 3953 2175 3995 soro-

579 4037 751 4095 ribus.
880 4022 881 4027 η

654 4128 964 4187 Prodantur
1004 4126 1058 4184 in
1109 4126 1383 4200 publicum
1434 4138 1790 4199 quaecumque
1838 4136 2005 4205 gesta,
2043 4134 2173 4181 sunt

555 4226 767 4287 contra
815 4221 1092 4293 regulares
1142 4221 1526 4277 observantias
1578 4228 1633 4276 et
1692 4219 2058 4286 obedientias,
2113 4230 2174 4274 ut

555 4302 686 4388 'jam
734 4315 1046 4397 nullatenus
1088 4315 1376 4386 quidquam
1410 4314 1815 4370 iuemendatum
1867 4325 1921 4370 et
1953 4316 2170 4384 impune

576 4419 940 4482 pertranseat,
987 4427 1086 4467 nec
1118 4411 1280 4467 lateat
1308 4420 1534 4468 matrem
1567 4419 1622 4466 et
1653 4425 1872 4466 sorores
1902 4411 2165 4464 uniuscu-

1608 178 1663 235 s.
1708 171 2099 257 HIEBONYm
2143 162 2432 255 ornauit
2471 160 2839 231 MANTISSA.

2199 292 2246 365 Α
2280 268 2516 346 modum,
2562 291 2655 337 aut
2699 279 2917 347 orandi,
2960 287 3055 334 aut
3101 276 3315 350 legendi
3360 290 3519 357 sacra
3570 272 3879 351 volumina,

2204 366 2207 375 ’
2285 375 2403 430 siVe
2427 372 2586 429 aliter
2609 370 2879 443 operandi
2925 374 3053 442 quae
3076 374 3262 426 saneta
3286 379 3435 426 sunt.
3468 366 3675 426 Deinde
3702 368 3883 428 docte

3770 161 3878 237 μεθ

2284 464 2542 537 puellmas
2572 465 2805 520 novitias
2834 462 2901 519 de
2934 460 3250 534 evangelica
3278 460 3413 529 vita,
3440 460 3511 517 de
3536 460 3743 517 sanctis
3762 474 3879 519 mo-

2281 558 2455 621 ribus,
2490 558 2557 613 de
2586 556 2779 613 ofﬁciis
2826 557 3042 623 domus,
3089 556 3156 612 de
3188 554 3543 627 regularibus
3566 554 3877 627 disciplinis

2282 660 2456 720 usque
2478 650 2547 705 ad
2572 649 2888 706 refectioni's
2912 649 3103 705 horam
3157 651 3451 704 instruant.
3488 648 3878 721 rimarentur

2282 748 2339 798 et
2365 739 2587 797 interim
2617 740 2747 809 cibi,
2781 741 2975 821 quibus
3002 748 3233 814 corpora
3266 726 3645 799 refecillentur
3671 744 3740 799 ad
3764 758 3877 817 p03-

2281 834 2526 890 n‘itentire
2548 832 2761 906 iugum.
3596 850 3599 855 ·
3674 834 3677 835 ⁷

2360 924 2523 982 Nullo
2549 938 2802 999 umquam
2830 926 2989 985 detur
3016 926 3129 983 otio
3157 926 3391 995 animus,
3440 929 3760 1000 nequando
3785 943 3874 986 co-

2283 1018 2574 1091 gitationes
2602 1028 2658 1075 et
2678 1024 2883 1087 motus,‘
2911 1019 3184 1075 mentibus
3214 1018 3440 1076 titillent
3470 1021 3703 1077 illicita:
3736 1024 3874 1093 quod

2284 1114 2329 1167 si
2359 1114 2672 1184 aiiqualiter
2701 1114 2987 1184 insurgere
3018 1114 3343 1184 inceperim,
3384 1115 3570 1170 statim
3602 1115 3778 1173 elidat
3797 1127 3878 1172 tur

2283 1203 2339 1259 in
2372 1207 2600 1273 semine,
2632 1222 2700 1261 ne
2723 1218 2974 1261 crescant
2999 1208 3208 1261 zizania
3248 1222 3373 1262 cum
3410 1207 3596 1265 tritico
3629 1224 3646 1262 :
3681 1219 3778 1265 aut
3798 1210 3876 1264 la-

2276 1296 2509 1353 rboribus
2538 1313 2632 1353 aut
2658 1301 2917 1370 operibus
2946 1312 3203 1356 manuum
3229 1301 3489 1374 quidquid
3520 1306 3668 1361 male
3686 1306 3877 1360 conci-

2286 1392 2448 1462 pitur,
2498 1404 2803 1451 evanescat.
2858 1395 3317 1452 Adeatsa‘nctam
3365 1404 3604 1455 sororem
3636 1400 3871 1455 utiocu-

2288 1484 2522 1542 tionibus
2564 1486 2735 1543 sacris
2759 1484 3079 1559 projiciatur
3124 1486 3484 1545 immundum.
3512 1490 3875 1550 Tutissimum

2285 1578 2442 1633 valde
2495 1588 2580 1634 est
2608 1579 2826 1636 ﬁdelem
2874 1590 2927 1635 et
2968 1581 3175 1651 justum
3214 1581 3431 1639 habere
3463 1584 3703 1638 amicum
3741 1602 3755 1639 :
3788 1584 3877 1640 cui

1495 1694 1690 1748 crebra
1737 1690 1967 1763 suspiria
2021 1688 2257 1757 “13-3
2285 1670 2543 1763 quidquid
2575 1686 2778 1763 arcano
2814 1672 2996 1729 cordis
3046 1675 3172 1730 sum
3200 1674 3354 1743 latet,
3380 1675 3628 1746 protinus
3665 1691 3879 1733 resere-

2287 1771 2395 1816 tur.
2436 1762 2554 1817 Non
2584 1762 2730 1818 enim
2761 1765 2816 1819 in
2866 1766 2981 1821 suis
3028 1778 3179 1837 saepe
3230 1774 3410 1837 potest
3451 1767 3615 1823 homo
3642 1770 3878 1839 negotik

2284 1860 2493 1908 rectum
2526 1854 2726 1910 habere
2748 1855 3035 1925 judieimn.
3170 1878 3177 1881 α
3532 1874 3535 1881 ’

2360 1946 2699 2002 Adveniente
2727 1963 2873 2004 vero
2916 1949 3230 2006 refectiauis
3275 1950 3427 2019 liora,
3478 1958 3584 2023 qua
3637 1952 3874 2009 reddere

2286 2042 2501 2110 corpori
2526 2041 2768 2097 debitum
2801 2052 2993 2098 natura
3023 2045 3302 2113 cotnpellit
3333 2045 3571 2102 :diebus
3623 2059 3875 2103 comnm-

2286 2139 2450 2195 nibus
2472 2140 2657 2196 laudes
2683 2141 2883 2196 Tertiae
2901 2152 2955 2196 et
2977 2147 3159 2197 Sextus
3188 2143 3449 2198 horarum
3480 2146 3631 2213 prius
3651 2144 3767 2200 Deo
3788 2144 3881 2199 de-

2286 2242 2413 2288 vote
2434 2234 2734 2288 solvantur.
2764 2234 3115 2289 Postmodum
3144 2246 3270 2291 eum
3294 2238 3441 2291 omni
3464 2238 3764 2305 mouest'ra,
3787 2236 3881 2293 be-

2287 2328 2596 2383 nedictione
2641 2330 2713 2382 ab
2740 2328 3039 2384 abbatissa
3066 2330 3370 2399 praemissa,
3414 2330 3598 2386 cibum
3634 2339 3879 2399 sumant,

2285 2436 2522 2493 parsque
2548 2423 2841 2478 ministret.
2876 2422 3171 2493 Postquam
3202 2438 3337 2480 vero
3362 2430 3577 2481 caetera!
3611 2424 3881 2481 comede-

2286 2513 2419 2582 rint,
2454 2518 2509 2569 et
2537 2515 2670 2583 ipsa;
2691 2530 2811 2585 quae
2845 2516 3313 2584 miuistraverant,
3337 2517 3646 2585 comedunt,
3673 2524 3734 2573 et
3762 2518 3873 2574 sibi

2288 2610 2628 2664 ministretur
2657 2609 2725 2663 ab
2748 2610 2891 2664 aliis.
2932 2609 3069 2665 Cum
3093 2624 3227 2667 vero
3243 2600 3439 2682 ieiunii
3460 2617 3678 2681 tempus
3707 2611 3885 2667 refec-

2289 2705 2499 2760 tionem
2533 2705 2824 2760 tardiorem
2854 2703 3116 2774 elecerit,
3168 2720 3323 2760 sacra
3368 2707 3630 2777 mysteria
3678 2704 3883 2774 Missae,

2266 2794 2469 2853 Tertia
2497 2806 2554 2852 et
2583 2796 2747 2853 Sexta
2780 2809 2835 2853 et
2855 2799 3009 2853 Nooa
3037 2798 3441 2869 praeveniantur
3469 2815 3483 2852 :
3514 2799 3735 2854 cznteris
3766 2799 3885 2855 die-

2286 2887 2390 2946 bus
2441 2897 2561 2961 post
2612 2890 2965 2947 refectionem
2994 2890 3147 2946 Nona
3203 2892 3417 2946 dicatur
3464 2891 3601 2946 born
3651 2898 3882 2959 Statuta,

2283 2996 2414 3039 eum
2458 2982 2571 3054 jam
2623 2985 2706 3041 sol
2755 2986 2815 3040 in
2866 2984 3049 3041 medio
3094 2994 3232 3056 gyro
3279 2983 3424 3040 diem
3479 2983 3706 3041 exhibet
3766 2997 3885 3040 me-

2818 3167 2903 3226 GA
2914 3168 3065 3227 PU?
3108 3170 3329 3227 XXXV.

2640 3270 2719 3326 De
2738 3271 2862 3331 cibis
2898 3281 2946 3327 et
2988 3271 3171 3339 ordine
3196 3272 3518 3330 comedendi.
3612 3280 3615 3285 ‘
3661 3272 3667 3279 '

2355 3385 2581 3455 Quando
2600 3387 2746 3449 enim
2778 3401 2877 3447 vos
2903 3386 2971 3445 ad
3000 3386 3357 3449 refectionem
3395 3386 3529 3441 hora
3559 3383 3745 3451 debita
3777 3384 3883 3440 ad-

2286 3481 2559 3545 unaverit,
2592 3480 2643 3534 in
2674 3478 2814 3535 cibis
2839 3479 3035 3535 vestris
3066 3478 3295 3534 minime
3326 3478 3593 3551 refulgent
3615 3492 3884 3537 cocorum

2283 3571 2566 3629 industria.
2602 3570 2721 3628 Non
2747 3572 2994 3628 ciborum
3024 3566 3281 3628 nobilitas
3305 3556 3598 3643 appetitum
3630 3580 3882 3638 moveat,

2280 3664 2381 3721 sed
2430 3663 2649 3720 fames:
2682 3679 2788 3719 non
2849 3674 3191 3736 apponantur
3232 3665 3515 3720 incitativa
3560 3661 3883 3729 libidinum.

2280 3760 2378 3829 sed
2408 3777 2526 3832 quae
2571 3761 2782 3831 possint
2808 3759 3004 3817 famem
3036 3750 3429 3832 exstinguere:
3461 3767 3553 3813 aut
3578 3758 3882 3829 legumina,

2254 3858 2375 3910 'aut
2395 3855 2540 3910 olera
2575 3852 2905 3910 condiantur
2924 3855 2978 3909 in
3010 3853 3154 3911 oleo.
3180 3852 3390 3911 Caroes
3410 3865 3541 3907 vero
3569 3850 3744 3907 solum
3766 3844 3885 3907 siut

2278 3962 2346 4003 ex
2370 3945 2587 4003 licentia
2611 3946 2900 4001 abbatissae
2926 3944 3150 4000 indultae
3180 3940 3456 4000 debilibus
3499 3951 3555 3999 et
3605 3941 3879 3998 infirmis:

2278 4039 2518 4111 alioquin
2550 4039 2707 4110 cujus
2739 4039 2847 4095 sint
2876 4041 3088 4109 saporis
3108 4082 3123 4107 ,
3154 4028 3733 4110 ignoret‘cmnobium.
3760 4036 3878 4092 Ova

2277 4142 2332 4191 et
2360 4134 2615 4190 lactentia
2648 4143 2766 4205 post
2788 4132 2992 4205 jejunia
3025 4131 3325 4188 debilitatis
3348 4130 3626 4188 sororibus
3651 4142 3702 4187 et
3734 4140 3881 4202 prte-

2277 4221 2453 4298 cipuis
2478 4227 2866 4282 festivitatibus
2896 4229 3287 4297 permittuntur
3315 4242 3382 4282 ex
3429 4227 3622 4298 gratia.

2351 4323 2491 4379 Raro
2516 4324 2760 4378 sciantur
2789 4339 2911 4392 qua:
2936 4324 2989 4377 in
3015 4321 3173 4391 aquis
3198 4323 3447 4377 oriantur
3467 4327 3519 4377 et
3544 4319 3743 4383 vivant,
3762 4318 3874 4374 nisi

2277 4416 2433 4487 parvi
2467 4416 2731 4486 pisciculi.
2760 4413 2914 4471 Culte
2939 4414 3221 4469 horridum
3272 4414 3472 4481 scelus,
3519 4409 3755 4483 genitrix
3781 4411 3873 4465 lu-

569 4498 769 4577 iusqub
792 4498 1032 4561 Conditio
1067 4519 1081 4560 :
1115 4515 1385 4576 quatenus
1411 4514 1466 4561 et
1494 4505 1818 4563 verecundia
1849 4513 1903 4559 et
1925 4503 2167 4573 discipli-
2190 4484 2246 4547 Ῑ)
2276 4484 2554 4577 auria—et
2573 4509 2840 4565 castitatis
2857 4509 3122 4572 carnifex,
3146 4526 3267 4565 cum
3292 4506 3392 4564 Dei
3424 4505 3636 4563 ancillis
3664 4506 3876 4563 nullam

571 4612 643 4655 na
670 4615 829 4670 quam
874 4606 1046 4655 mater
1076 4598 1306 4670 imponit
1342 4600 1489 4655 circa
1523 4598 1759 4653 futurum
1790 4607 2004 4668 tempus
2034 4614 2166 4653 una-

570 4706 798 4764 quaeque
825 4692 1083 4748 reddatur
1113 4700 1310 4746 astuta.
1365 4692 1531 4747 Extra
1562 4708 1692 4746 vero
1738 4692 2033 4762 capitulum
2064 4692 2165 4749 ali-

567 4784 695 4858 quid
715 4786 782 4842 de
824 4786 910 4841 bis
938 4803 1188 4857 umquam
1239 4787 1629 4858 qualicumque
1674 4786 1839 4842 verbo
1894 4788 1979 4843 vel
2024 4798 2160 4843 nutu

566 4880 837 4952 proferre,
870 4879 941 4935 sit
970 4881 1278 4937 anathema.
1323 4880 1437 4957 Hoc
1465 4882 1645 4953 itaque
1673 4878 1780 4937 fine
1822 4898 1925 4938 nox
1970 4892 2158 4940 sancta

567 4970 757 5027 clausa
780 4970 1050 5028 discedat.

1100 5056 1331 5123 CAPUT
1368 5060 1611 5124 XXXIV.

546 5236 549 5237 ν
618 5150 621 5155 Δ
671 5158 750 5216 De
783 5156 962 5216 ordine
982 5161 1316 5229 dicendarum
1356 5163 1600 5217 horarum
1627 5164 1826 5235 primm,
1858 5165 2043 5237 tertia,

1142 5245 1274 5291 επιω
1322 5244 1367 5289 et
1427 5251 1594 5290 name.

628 5348 764 5407 Cum
795 5349 1044 5408 laudibus
1069 5348 1268 5407 Primae
1302 5351 1418 5409 dies
1458 5352 1712 5407 salutaris
1746 5350 1970 5423 incipiat
2000 5368 2012 5405 :
2042 5350 2159 5424 qui-

555 5442 659 5503 bus
690 5448 946 5518 expletis,
977 5460 1150 5501 sacra:
1184 5432 1372 5501 Missa}.
1409 5445 1663 5517 mysteria
1690 5446 1759 5500 ob
1792 5445 1977 5517 sponsi
2011 5462 2151 5517 pra:-

555 5542 811 5608 sentiam,
836 5553 1155 5611 sponsarum
1181 5538 1345 5594 corda
1378 5536 1678 5603 imtificent,
1708 5536 1996 5593 cbaritatis
2034 5538 2149 5593 inc-

552 5626 735 5692 brient
766 5633 993 5704 populo,
1014 5632 1345 5703 [devotionis
1393 5640 1448 5687 et
1482 5630 1607 5687 ﬁdei
1640 5632 1838 5688 satient
1866 5631 2063 5702 pabulo
2092 5633 2141 5685 in

562 5728 814 5786 convivio
850 5716 1110 5783 salutari.
1156 5728 1240 5786 Sit
1286 5728 1627 5802 postmodum
1680 5730 1965 5802 unicuique
1994 5720 2141 5789 com—

2278 4604 2475 4661 habeat
2503 4614 2727 4660 sortem.
2755 4603 2989 4674 Ideoque
3021 4602 3175 4658 tanta
3193 4603 3267 4661 sit
3294 4603 3347 4658 iu
3370 4600 3635 4658 sumendo
3662 4599 3875 4656 sobrie-

2275 4706 2383 4764 tas,
2432 4704 2581 4752 tanta
2625 4697 2858 4769 talisque
2891 4698 3126 4768 parcitas
3160 4714 3171 4749 :
3203 4702 3259 4750 ut
3304 4704 3499 4750 venter
3531 4695 3711 4766 potius
3742 4709 3874 4750 con-

2276 4803 2538 4867 queratur
2560 4809 2723 4863 quam
2747 4791 3000 4865 gaudeat.
3030 4790 3148 4846 Non
3175 4797 3331 4861 egeat
3357 4788 3411 4844 in
3439 4784 3736 4861 digerendo
3756 4797 3875 4843 sto-

2277 4887 2507 4942 machus
2530 4885 2821 4942 medicinis
2854 4902 2868 4940 ;
2895 4896 3082 4940 ructus
3108 4885 3290 4955 potius
3318 4883 3565 4938 vacuatio
3590 4897 3753 4952 quam
3784 4881 3875 4937 ni-

2267 4981 2381 5039 mia
2410 4982 2639 5053 repletio
2691 4980 2932 5039 inducat.
2985 4979 3097 5035 Nec
3143 4977 3347 5049 cinguli
3397 4976 3751 5050 ampliatione
3802 4979 3876 5030 sit

2268 5091 2408 5149 opus
2442 5094 2455 5129 :
2497 5082 2629 5131 utet
2664 5076 2743 5131 sic
2775 5092 2932 5129 mens
2956 5090 2983 5127 a
3010 5072 3104 5128 Dei
3148 5072 3592 5128 meditationibus
3636 5068 3874 5125 minime

2266 5169 2579 5228 retardetur
2599 5185 2691 5239 per
2720 5167 3021 5238 crapulam,
3048 5178 3102 5221 et
3135 5180 3336 5235 corpus
3366 5179 3469 5220 non
3498 5170 3656 5233 egeat
3686 5161 3872 5221 medi-

2265 5265 2427 5320 cinis.
2468 5260 2551 5317 Sit
2574 5277 2792 5333 semper
2830 5254 3078 5317 ordinata
3103 5267 3159 5315 et
3184 5242 3486 5337 composita
3529 5256 3585 5311 in
3612 5269 3715 5311 suo
3747 5272 3869 5312 mo-

2267 5355 2340 5413 do
2364 5355 2647 5412 comestio.
2677 5353 2792 5408 Non
2843 5354 2913 5407 sit
2942 5352 2993 5408 in
3026 5350 3292 5407 sumendo
3330 5348 3533 5407 ferculo
3554 5347 3681 5404 talis
3710 5348 3864 5405 velo-

2267 5451 2408 5505 citas
2441 5444 2703 5510 faucium,
2762 5454 2817 5501 ct
2848 5454 2952 5500 tam
2996 5446 3153 5500 velox
3202 5440 3505 5498 masticatio
3551 5440 3685 5507 boli,
3714 5440 3864 5513 quod

2268 5542 2467 5601 merito
2493 5538 2559 5592 de
2590 5536 2829 5607 ingluvie
2857 5536 3034 5608 aliqua
3075 5534 3255 5607 possit
3276 5534 3406 5590 oriri
3446 5533 3711 5602 suspicio.
3742 5532 3861 5587 Non

2263 5643 2373 5690 tam
2427 5633 2478 5685 in
2536 5632 2870 5684 comestione
2901 5629 3074 5695 cibus,
3130 5642 3291 5698 quam
3326 5624 3499 5694 turpis
3531 5625 3730 5681 modus
3764 5641 3852 5679 re-

2259 5721 2695 5804 prehendendus
2725 5730 2829 5781 est.
2856 5721 3011 5794 Stcpe
3042 5719 3249 5793 etenim
3279 5720 3333 5775 in
3368 5718 3505 5773 fabis
3537 5727 3587 5775 et
3621 5718 3860 5791 panibus
