4050 6198
238 166 336 242 at

1450 195 1732 259 neeum
1770 186 2268 264 MONACHARUM.

238 296 562 360 hordeaceis
593 304 757 362 nimia
789 307 1019 365 aviditas
1062 310 1266 383 grande
1294 326 1574 385 peccatum
1605 324 1806 375 mutat.
1836 329 1885 383 Α
1917 320 2117 379 habere
2143 324 2378 392 virtutis,
2411 328 2551 399 quod
2582 329 2895 389 indiscretio
2917 334 3064 405 facit,
3104 338 3257 411 quod
3288 339 3498 412 unpro-

236 391 589 467 Nequaquam
613 401 760 457 avidi
778 410 834 459 et
857 404 1157 475 vagabundi
1189 408 1330 464 oeuli
1359 424 1456 478 per
1470 411 1813 470 discumben-

236 493 318 543 tes
349 488 460 545 huc
490 492 726 563 illucque
757 496 1024 566 vagando,
1058 498 1321 557 hanc‘vel
1352 502 1498 558 illam
1530 509 1701 577 magis
1730 507 1817 563 vel

236 578 411 636 minus
442 584 700 641 denotent
730 588 1131 646 comedentem.
1168 592 1281 647 Non
1316 596 1701 661 prandentium
1723 614 1818 655 nu—

235 683 414 731 merus
436 677 681 734 animum
707 690 939 751 occupet
962 682 1417 757 uniuscujusque.

754 814 987 874 CAPUT
1050 808 1294 875 XXXVI.

662 906 741 962 De
774 909 1050 966 sobrietate
1082 923 1131 969 et
1151 914 1383 985 jejunio.

297 1038 493 1097 Vinum
523 1048 760 1115 quoque,
786 1046 838 1100 in
868 1061 977 1117 quo
1005 1054 1089 1103 est
1110 1046 1342 1113 luxuria,
1368 1051 1583 1119 sponsis
1610 1049 1813 1110 Christi

232 1136 508 1202 tamquam
537 1146 806 1191 venenum
846 1150 1155 1206 suspectum
1190 1140 1281 1194 sit.
1313 1139 1506 1195 Potius
1543 1145 1811 1199 stomachi

227 1222 478 1295 languor,
511 1235 567 1281 et
588 1227 798 1281 afﬂictat
828 1236 1034 1283 natura:
1067 1229 1317 1286 debilitas
1346 1231 1617 1294 consttlat.
1648 1248 1809 1304 quam

224 1315 521 1373 delectatio
542 1328 635 1373 aut
664 1319 950 1390 ingluvies.
974 1322 1130 1389 Quod
1161 1324 1206 1377 si
1235 1337 1457 1380 sumere
1493 1326 1638 1396 cogit
1672 1341 1809 1397 pene

226 1409 341 1480 ipsa
370 1412 663 1466 necessitas
693 1430 707 1465 :
740 1420 866 1468 tunc
910 1424 1008 1469 aut
1034 1416 1116 1471 sic
1132 1415 1316 1473 debile
1359 1418 1567 1488 vinum,
1598 1430 1693 1475 aut
1728 1420 1809 1475 sic

223 1514 357 1571 aqua
386 1503 717 1573 perminuas
739 1506 1047 1575 przebeatur
1093 1509 1145 1563 in
1186 1518 1393 1580 potum,
1421 1511 1570 1582 quod
1601 1526 1804 1583 nequa-

224 1608 389 1664 quam
415 1611 483 1650 ex
514 1598 917 1654 fumositatibus
945 1600 1217 1669 repletum
1263 1613 1449 1673 caput,
1506 1604 1807 1665 ridiculosa

1916 413 2095 472 tientia
2123 416 2348 488 injiciat,
2377 430 2430 476 et
2455 421 2772 494 improvisio
2797 425 3008 484 doceat.

2439 556 2667 639 CAPUT
2707 557 2975 615 XXXVII.
3062 524 3065 527 ’

2325 642 2398 700 De
2429 648 2732 705 lectionibus
2759 655 2826 707 ad
2852 670 3099 710 mensam.

1995 755 2087 814 Sic
2112 757 2286 816 dulcia
2318 777 2451 819 sano
2481 765 2670 835 palato
2695 767 2915 838 eloquia
2935 769 3146 827 Domini
3169 779 3297 828 sunt
3316 812 3337 840 ,

1920 861 2215 917 numquam
2247 850 2533 923 degustata
2558 857 2855 916 fastidiunt.
2894 860 3119 931 Semper
3147 879 3319 921 novos
3345 880 3507 936 geno-

1918 951 2042 996 rant
2073 958 2183 1010 prae
2209 946 2470 1002 suavitate
2498 959 2553 1004 et
2581 952 2866 1008 dulcedine
2906 957 3193 1025 appetitus.
3228 958 3336 1014 Vos
3366 976 3506 1018 sem—

1916 1046 2015 1122 per
2041 1048 2102 1088 ea
2133 1034 2420 1106 degustare
2448 1041 2625 1097 decet.
2652 1043 2817 1100 Nullo
2846 1062 3096 1118 umquam
3137 1060 3387 1122 tempore
3416 1070 3507 1119 vo-

1913 1120 1999 1177 bis
2038 1135 2121 1179 est
2172 1128 2240 1181 ab
2276 1133 2529 1188 oratione
2564 1138 2915 1195 cessandum.
2958 1141 3184 1213 Semper
3222 1120 3319 1200 vos
3347 1161 3505 1204 orare

1913 1216 2206 1284 Apostolus
2226 1219 2464 1289 instruit,
2498 1241 2623 1294 qua
2650 1244 2757 1282 non
2790 1245 2893 1300 pro
2923 1234 3103 1289 carnis
3127 1236 3393 1295 illecebris
3414 1255 3505 1295 va-

1912 1321 2038 1366 care
2064 1311 2131 1364 ad
2158 1320 2370 1383 tempus
2402 1315 2716 1388 obligamini
2746 1322 2892 1379 velut
2917 1324 3238 1396 conjugatae.
3272 1328 3505 1401 Ideoque

1911 1412 2127 1472 semper
2163 1417 2263 1474 pro
2301 1421 2459 1476 posse
2488 1410 2659 1467 oretis
2693 1422 2792 1477 :ut
2832 1415 2963 1471 dum
3005 1432 3205 1490 corpus
3229 1423 3507 1493 saginatur

1910 1493 2034 1549 cibo
2061 1539 2077 1564 ,
2130 1505 2405 1556 saturetur
2452 1506 2632 1561 anima
2671 1507 2926 1566 lectione.
2970 1509 3091 1577 Non
3118 1521 3204 1571 εει
3230 1513 3315 1571 fas
3340 1517 3501 1571 etiam

1911 1589 2266 1651 saecularibus
2300 1596 2461 1654 simul
2507 1599 2688 1659 cibum
2748 1612 2971 1674 terere,
3009 1616 3065 1663 et
3119 1606 3305 1669 inania
3340 1610 3502 1671 verba

223 1697 313 1742 aut
342 1688 573 1755 puerilia
602 1690 764 1746 verba
787 1691 1094 1762 depromit.
1129 1694 1484 1765 Sacrilegium
1527 1704 1805 1767 reputatur
1835 1708 1884 1770 Β
1912 1695 2150 1742 "mme-

222 1781 482 1847 ebrietae,
526 1783 578 1837 in
629 1781 831 1839 femina
858 1784 1176 1856 praecipue,
1214 1788 1309 1842 sed
1348 1788 1563 1844 inﬁnito
1608 1790 1725 1860 plus
1750 1791 1802 1846 in

222 1871 443 1928 Domini
471 1886 692 1945 sponsa.
726 1875 840 1932 Noe
865 1876 1160 1935 denudatio
1188 1878 1574 1946 verendorum,
1622 1890 1682 1938 et
1701 1882 1805 1939 Lot

216 1963 464 2023 incestus
522 1968 593 2024 ob
636 1970 980 2036 ebrietatem,
1008 1988 1108 2028 vos
1140 1984 1327 2028 cautas
1378 1974 1645 2046 instituat,
1707 1993 1804 2032 vos

220 2068 443 2128 semper
469 2059 664 2117 reddat
693 2061 908 2119 timidas
938 2079 1262 2136 semperque
1290 2078 1596 2138 suspectas.
1660 2068 1802 2133 Vere

218 2150 463 2208 credatis
488 2154 633 2222 quod
675 2155 855 2225 ignem
886 2167 1066 2227 portat
1098 2162 1153 2215 in
1197 2158 1427 2231 gremio,
1469 2162 1558 2232 qui
1581 2161 1806 2221 assiduo

220 2246 388 2301 utitur
418 2246 569 2303 vino.

285 2342 657 2417 Nequaquam,
709 2363 921 2418 quaso,
952 2348 1093 2409 inter
1139 2362 1382 2409 mortuas
1409 2353 1648 2424 corpori,
1681 2370 1803 2425 qua:

218 2437 469 2493 omnibus
512 2438 882 2508 voluptatibus
902 2455 962 2498 se
989 2441 1315 2501 abdicarunt
1341 2459 1441 2513 pro
1465 2442 1703 2513 Christo,
1734 2447 1803 2500 de

221 2529 360 2598 gula:
410 2530 681 2588 horrendo
734 2532 997 2602 facinore,
1044 2545 1100 2592 et
1132 2536 1415 2592 ebrietatis
1459 2539 1796 2594 itnmunditia

218 2634 400 2674 sermo
430 2622 591 2677 etiam
624 2624 879 2680 minimus
902 2628 1182 2683 habeatur.
1215 2628 1434 2685 Ventris
1454 2629 1719 2701 ingluvies
1744 2643 1798 2689 et

212 2711 472 2782 ebrietas,
508 2722 616 2771 tam
668 2716 864 2772 animat
903 2718 1273 2786 inﬁrmitatis,
1321 2736 1480 2791 quam
1531 2723 1797 2792 corporis,

211 2822 430 2865 oausam
465 2818 521 2867 et
566 2812 851 2869 materiam
899 2814 1163 2875 tribuunt.
1193 2814 1427 2886 Ideoque
1479 2815 1802 2871 medicinale

209 2900 478 2969 jejunium
521 2918 739 2959 omnem
771 2903 982 2960 auferat
1031 2905 1390 2977 languorem,
1442 2923 1659 2962 omnem
1702 2906 1803 2962 tri-

214 2990 337 3046 buat
362 2994 622 3048 virtutem
656 3003 711 3049 et
746 2998 997 3064 gratiam.
1059 2997 1170 3052 Hoc
1198 3014 1294 3052 vos
1336 2998 1618 3070 legislator
1660 3000 1794 3056 edo-

1981 1778 2200 1837 Sacram
2232 1782 2301 1839 de
2324 1784 2491 1841 veteri
2516 1784 2892 1856 Testamento,
2922 1800 2976 1848 et
3004 1792 3075 1855 de,
3092 1810 3260 1860 novo,
3283 1806 3501 1855 sancto-

1909 1886 2028 1926 rum
2056 1875 2224 1943 gestis
2245 1884 2300 1930 et
2328 1875 2510 1945 dictis,
2534 1878 2761 1949 singulis
2789 1882 3218 1949 hebdomadibus
3244 1889 3499 1961 deputata

1909 1978 2067 2020 soror
2093 1967 2505 2027 comedentibus
2532 1970 2820 2031 lectionem
2851 1976 3015 2047 legat.
3063 1978 3213 2035 Tunc
3243 1981 3500 2039 uniuscu-

1904 2055 2103 2128 jusque
2125 2074 2279 2117 meus
2302 2061 2485 2119 sobria
2512 2065 2725 2122 intenta
2747 2069 2821 2124 sit
2847 2069 3128 2127 dulcedini
3166 2074 3320 2129 verbi
3360 2076 3456 2131 Dei
3481 2119 3497 2143 ,

1906 2153 2147 2223 suspiret
2170 2156 2330 2211 anxia
2353 2199 2369 2224 ,
2411 2171 2536 2213 cum
2571 2161 2921 2231 propheticus
2946 2172 3040 2225 aut
3066 2164 3360 2229 historicus
3386 2184 3502 2224 ser-

1907 2260 1997 2305 mo
2025 2246 2120 2301 Dei
2140 2247 2401 2303 saavitiam
2427 2261 2692 2308 monstrat
2719 2254 2773 2311 in
2800 2270 3013 2326 pravos.
3044 2256 3256 2315 Gaudio
3287 2262 3499 2331 replea-

1907 2343 1996 2393 tur
2035 2337 2339 2409 immenso,
2372 2355 2492 2397 cum
2546 2343 2853 2417 benignitas
2896 2348 2993 2407 Dei
3037 2352 3393 2409 annuutiatur
3444 2356 3498 2411 in

1904 2431 2099 2493 bonos.
2132 2432 2388 2505 Respiret
2415 2452 2570 2507 spes,
2610 2454 2735 2495 cum
2785 2457 2914 2512 erga
2951 2445 3275 2513 pceniteutes
3321 2434 3499 2505 indul-

1900 2524 2141 2594 gentiam
2196 2542 2358 2597 posse
2407 2531 2655 2589 exhiberi
2707 2544 3046 2596 monstratur
3095 2543 3367 2615 promisso
3412 2546 3495 2600 vel

1903 2614 2069 2671 facto.
2108 2618 2357 2690 Erigatur
2388 2623 2555 2692 ﬁdes,
2598 2639 2719 2681 cum
2758 2628 2809 2683 in
2839 2633 3122 2699 promissis
3154 2634 3293 2697 Deus
3321 2634 3498 2701 ﬁdelis

1909 2710 2235 2773 ostenditur.
2264 2713 2515 2772 Charitas
2541 2719 2905 2789 accendatur,
2934 2737 3060 2780 cum
3091 2734 3168 2783 tot
3201 2728 3497 2801 privilegiis

1902 2810 1961 2858 et
1988 2806 2303 2863 muneribus
2331 2823 2395 2863 ex
2427 2806 2629 2865 Christi
2658 2814 2971 2883 nativitate,
3022 2825 3078 2873 et
3123 2818 3244 2890 ejus
3294 2822 3403 2877 vita
3444 2833 3499 2881 et

1903 2898 2158 2968 passione
2192 2916 2256 2956 ac
2298 2906 2695 2962 resurrectione
2720 2948 2736 2974 ,
2785 2920 2970 2965 nostra
3010 2911 3227 2971 dotatur
3250 2914 3499 2973 humani-

1904 3001 2019 3057 tas,
2058 3003 2224 3065 atque
2264 3008 2448 3055 nostra
2480 2998 2661 3057 vilitas
2702 3001 3049 3062 sublimatur.
3087 3006 3205 3073 Non
3236 3022 3496 3081 resonent

209 3091 327 3138 ceat
356 3103 373 3139 :
418 3087 505 3141 cui
538 3086 625 3141 lex
676 3102 782 3143 non
814 3087 976 3142 datur
1027 3090 1340 3158 priusquam
1368 3088 1633 3160 jejunium
1664 3108 1794 3162 qua-

1905 3085 2068 3141 verha
2092 3129 2107 3153 ,
2129 3090 2223 3145 sed
2255 3092 2491 3160 gemitus
2526 3112 2539 3147 z
2573 3110 2681 3150 non
2731 3097 2876 3154 risus
2914 3108 2970 3155 et
3003 3100 3300 3159 cachinnus
3328 3144 3344 3170 ,
3398 3105 3494 3161 sed

206 3174 570 3248 daagesimale
595 3179 887 3247 perﬁcitur.
924 3180 1069 3235 Elias
1094 3182 1148 3235 in
1196 3181 1506 3239 fortitudine
1546 3184 1796 3241 subcinc-

204 3267 321 3323 ricii
355 3271 543 3339 panis,
567 3270 787 3353 jejunus
815 3288 911 3343 per
936 3272 1290 3346 quadraginta
1317 3275 1433 3331 dies
1464 3279 1701 3346 perrexit
1726 3279 1792 3333 ad

202 3367 457 3415 montem
488 3360 584 3417 Dei
608 3362 771 3419 Oreb.
802 3365 940 3433 Quid
982 3381 1109 3422 vero
1156 3369 1372 3425 virtutis
1394 3370 1682 3427 contineat
1712 3388 1798 3427 sa.

200 3467 354 3509 crum
410 3438 806 3525 jejunium,ia
857 3470 1042 3518 vestro
1088 3454 1484 3539 investigemini
1534 3482 1736 3537 sponso
1778 3484 1794 3523 :

200 3548 285 3615 qui
308 3548 755 3620 quadragenario
776 3564 1001 3622 peracto
1023 3554 1251 3625 jejunio,
1286 3560 1638 3615 tentationem
1682 3560 1797 3615 dia-

208 3634 314 3698 boli
350 3643 507 3700 vicit.
564 3632 677 3701 Viri
709 3646 963 3703 Ninivittc
1005 3665 1114 3707 non
1168 3652 1379 3721 sileant,
1429 3655 1520 3725 qui
1564 3656 1787 3727 jejuniis

210 3748 507 3791 commune
533 3750 827 3796 evaserunt
862 3743 1113 3811 exitium,
1160 3754 1215 3801 et
1258 3746 1671 3805 irrevocabilem
1704 3748 1797 3805 Dei

216 3838 566 3887 mutaverunt
595 3836 938 3892 sententiam.
977 3836 1105 3895 Haec
1130 3853 1249 3905 vos,
1284 3838 1642 3909 charissimte,
1675 3842 1800 3898 imi-

208 3925 433 3979 tamini:
468 3926 564 3982 sed
612 3930 983 3998 assequamini
1039 3934 1338 4003 sapienter,
1397 3950 1465 3990 ne
1512 3933 1723 3991 dicatur
1766 3951 1795 3990 a

216 4015 447 4073 Domino
480 4036 492 4071 :
520 4018 643 4074 Non
664 4031 739 4079 est
768 4020 868 4078 hoc
881 4024 1141 4096 jejunium
1183 4025 1320 4094 quod
1358 4026 1507 4097 elegi.

260 4109 547 4182 Castigate
576 4114 817 4170 membra
858 4125 1035 4173 vestra
1076 4159 1093 4185 ,
1132 4114 1225 4175 sed
1256 4118 1425 4181 nolite
1457 4119 1793 4177 interﬁcere.

194 4188 309 4259 Non
363 4218 560 4262 causct
601 4208 870 4278 jejunium
912 4212 1299 4269 verecundiam
1333 4256 1348 4281 ,
1389 4223 1445 4268 ut
1484 4213 1794 4287 scandalum

197 4294 259 4347 sit
287 4299 517 4353 caeteris
550 4316 565 4353 :
618 4316 721 4356 non
749 4298 939 4359 dolore
968 4304 1158 4376 capitis
1206 4315 1259 4361 ct
1294 4298 1573 4362 debilitate
1600 4321 1793 4378 corpo-

197 4387 267 4441 ris
294 4404 471 4445 sacra:
500 4391 820 4448 omittantur
858 4396 1118 4452 lectiones
1145 4439 1160 4463 ,
1206 4413 1308 4454 nec
1349 4400 1627 4455 orationes
1653 4395 1792 4455 deﬁ-

1899 3183 2173 3258 lacryntte.
2213 3186 2333 3244 Non
2375 3203 2711 3264 occupentur
2754 3210 2955 3251 manus
2986 3196 3343 3255 incisionibus
3373 3199 3494 3257 inu-

1901 3276 2084 3343 tilibus
2117 3297 2132 3335 :
2164 3280 2259 3337 sed
2303 3296 2373 3338 ex
2420 3284 2803 3342 recordatione
2851 3287 3145 3347 criminum
3200 3284 3495 3349 tundantur

1897 3386 2138 3444 pectora.
2185 3374 2283 3431 His
2320 3375 2467 3435 enim
2510 3378 2683 3433 frenis
2719 3382 2920 3452 agitata
2947 3398 3091 3439 saeva
3121 3384 3261 3455 gula:
3288 3389 3494 3461 rapaci-

1899 3473 1981 3522 tas
2031 3467 2348 3524 sobrietatis
2390 3486 2496 3525 non
2524 3471 2739 3527 excedit
2780 3472 3017 3533 limites:
3060 3474 3265 3537 foribus
3295 3479 3495 3543 ventris

1898 3575 2002 3615 non
2030 3560 2204 3617 aderit
2229 3562 2455 3632 crapula
2488 3582 2501 3619 :
2531 3563 2751 3621 demum
2782 3574 3019 3626 aestuans
3061 3567 3229 3628 libido
3261 3588 3369 3631 non
3399 3588 3495 3631 no-

1899 3654 2045 3711 cebit
2073 3654 2390 3726 qumquam.
2410 3724 2639 3785 CAPUT
2679 3728 2949 3789 XXXVIII

2148 3816 2229 3876 De
2250 3822 2487 3894 operibus
2515 3842 2751 3881 sororum
2778 3837 2894 3900 post
2921 3830 3221 3900 prandium.

1968 3935 2197 4009 Sumpto
2225 3938 2461 4010 denique
2488 3941 2644 4012 cibo,
2677 3958 2776 4000 nec
2807 3952 2932 4001 tunc
2962 3946 3270 4013 adetmdum
3298 3959 3381 4007 cst
3412 3938 3491 4008 fa-

1895 4025 2086 4096 bulas,
2117 4030 2211 4087 sed
2237 4030 2434 4097 Christi
2467 4037 2719 4105 exemplo
2754 4078 2768 4103 ,
2811 4053 2933 4094 cum
2979 4040 3075 4105 Dei
3130 4041 3376 4099 laudibus
3422 4044 3489 4098 ad

1894 4123 2194 4201 gratiarum
2222 4125 2461 4183 actiones
2487 4140 2861 4201 consurgant,
2916 4132 3137 4205 Deoque
3170 4136 3221 4190 in
3254 4136 3488 4213 ecclesia

1895 4215 2125 4288 hymnos
2170 4219 2502 4289 persolvant.
2551 4222 2754 4280 Deinde
2782 4240 2905 4281 cum
2934 4228 3081 4282 omni
3112 4226 3340 4293 silentio
3365 4270 3383 4303 ,η
3430 4239 3491 4285 ιιι

1894 4322 2049 4364 sacra
2092 4311 2259 4367 lectio
2308 4314 2445 4368 lecta
2487 4316 2764 4385 proﬁciat,
2806 4327 2865 4374 ut
2905 4320 3072 4376 menti
3113 4320 3485 4381 inscribantur

1896 4412 2109 4459 narrata
2140 4421 2155 4460 :
2185 4422 2522 4479 unaququ
2548 4410 2825 4480 sigillatim
2851 4413 3057 4485 relegat
3083 4424 3138 4471 et
3165 4418 3480 4480 confirmet,

195 4482 373 4553 ciant,
432 4501 504 4539 ne
556 4500 779 4542 necesse
838 4489 909 4543 sit
962 4491 1453 4561 contemplationes
1509 4490 1788 4549 deserere.
1818 4490 1869 4551 D
1896 4504 1989 4551 aut
2019 4497 2070 4553 in
2103 4499 2328 4556 ecclesia
2356 4500 2533 4557 dehis
2558 4519 2678 4572 qutr
2702 4504 2886 4561 didicit
2916 4482 3208 4564 meditetur
3243 4528 3255 4562 :
3289 4523 3483 4580 quous-

192 4564 548 4648 Unaquteque
577 4592 688 4633 suac
737 4578 928 4636 salutis
960 4597 1056 4652 per
1091 4583 1359 4653 jejunium
1387 4585 1487 4640 sibi
1519 4586 1791 4647 medelam

194 4664 468 4725 adhibeat.
509 4668 814 4741 Frangatur
843 4688 1042 4745 corpus
1081 4674 1307 4745 jejuniis
1340 4693 1354 4733 :
1387 4677 1687 4750 castigatur
1738 4678 1791 4734 in

198 4758 327 4815 cella
356 4760 717 4820 verberibus.
752 4762 810 4821 Si
832 4763 1125 4837 quidquam
1154 4769 1491 4835 concupiscit
1522 4770 1791 4836 illicitum,

201 4855 636 4927 multiplicemur
666 4854 1039 4932 abstinentizn,
1070 4862 1430 4919 adhibeantur
1462 4864 1794 4935 gravissimae

199 4949 497 5024 disciplinae
528 4970 545 5010 :
580 4953 753 5010 donec
808 4953 885 5011 sic
930 4952 1164 5026 humile,
1196 4955 1275 5012 sic
1323 4954 1616 5029 benignum
1662 4956 1787 5029 ﬁat,

198 5044 325 5108 quod
372 5046 517 5100 nihil
561 5045 664 5101 sibi
697 5038 952 5105 vendicet
979 5049 1201 5104 noxium
1229 5092 1243 5118 ,
1274 5048 1406 5103 nihil
1440 5053 1617 5122 exigat
1643 5054 1786 5124 quod

195 5138 293 5194 nun
322 5144 516 5198 vultis.
544 5142 795 5215 Erigatur
812 5145 1050 5211 domina,
1078 5144 1412 5219 principetur
1432 5148 1485 5202 in
1508 5144 1785 5204 omnibus:

196 5232 555 5302 subjiciatur,
605 5236 978 5309 suppeditetur
1042 5248 1098 5294 et
1164 5238 1514 5295 conculcetur
1567 5239 1785 5305 ancilla.

194 5322 337 5390 Quod
376 5327 422 5381 si
470 5328 671 5382 iterum
716 5339 877 5399 atque
905 5329 1096 5385 iterum
1125 5330 1366 5399 erigitrse
1391 5344 1576 5388 contra
1606 5332 1788 5389 domi-

197 5432 332 5486 nam,
375 5421 630 5491 ejiciatur
656 5422 876 5491 ancilla,
907 5420 1228 5499 denudetur,
1259 5422 1510 5497 fatigetur
1536 5436 1588 5480 et
1613 5423 1788 5479 humi-

194 5500 349 5565 lietur
379 5515 447 5568 ad
480 5521 693 5569 votum.
726 5512 781 5571 Si
806 5500 939 5572 vero
968 5517 1205 5588 quietum
1235 5533 1430 5590 corpus
1456 5519 1598 5574 ultra
1622 5517 1783 5586 vires,

194 5602 323 5659 ultra
365 5603 783 5660 condeccntiam
815 5608 994 5663 Velitis
1047 5623 1408 5679 exasperare,
1452 5608 1783 5683 indignatum

193 5708 281 5754 vos
311 5695 365 5756 in
394 5696 613 5757 foVeam
644 5698 858 5772 dejiciet
883 5700 1222 5760 indiscretos.
1266 5700 1349 5759 Nil
1384 5702 1581 5776 quippe
1611 5711 1785 5779 potest

1899 4606 2004 4657 quc
2033 4590 2192 4649 simul
2218 4592 2407 4649 diebus
2430 4597 2830 4666 communibus,
2866 4608 2986 4667 post
3014 4600 3298 4671 prandium
3334 4600 3485 4659 horae

1898 4679 2084 4749 Nonae,
2118 4683 2171 4737 in
2203 4683 2445 4740 Ecclesia
2474 4685 2873 4747 celebraverint
2905 4687 3097 4759 dignas
3125 4688 3311 4747 laudes
3344 4710 3357 4746 :
3390 4702 3486 4749 aut

1895 4777 1941 4832 si
1983 4777 2121 4833 forte
2168 4779 2448 4848 prandium
2486 4782 2809 4851 prtevenerit
2836 4780 2970 4839 hora
2999 4784 3151 4839 Nona
3190 4786 3380 4844 diebus
3397 4788 3481 4862 je—

1890 4869 2170 4942 juniorum
2192 4912 2206 4936 ,
2236 4887 2513 4942 quousque
2535 4874 2869 4945 campanella
2900 4875 2953 4930 in
2976 4875 3215 4935 claustro
3248 4880 3485 4951 pulsabi-

1898 4972 1985 5019 tur
2016 4980 2029 5020 :
2064 4963 2279 5020 interim
2317 4965 2363 5020 si
2395 4964 2635 5022 brevitas
2666 4968 2900 5023 noctium
2933 4980 2987 5025 et
3016 4980 3319 5045 temporum
3344 4993 3477 5045 con-

1892 5055 2026 5113 ditio
2074 5066 2128 5111 et
2182 5064 2387 5111 naturae
2433 5057 2726 5115 necessitas
2778 5062 3058 5132 exegerit:
3095 5076 3215 5137 post
3244 5069 3475 5141 aliquam

1896 5147 2143 5203 ltornlam
2175 5147 2226 5202 in
2256 5164 2359 5218 qua
2400 5148 2685 5218 legendum
2743 5162 2826 5215 est
2871 5166 2993 5227 post
3026 5154 3362 5230 prandium,
3395 5164 3481 5218 vel

1894 5239 2161 5298 orandum
2188 5284 2203 5309 ,
2243 5240 2405 5296 liceat
2447 5242 2723 5315 paulisper
2757 5246 3065 5306 volentibus
3098 5255 3278 5325 quiete
3299 5256 3478 5326 potius

1892 5348 2055 5403 quam
2083 5346 2274 5389 somno
2300 5347 2496 5405 corpus
2520 5333 2827 5401 refocillare
2851 5381 2867 5408 ,
2899 5350 2958 5398 ut
2987 5343 3183 5402 fortius
3213 5344 3473 5404 reddatur

1893 5427 2191 5484 laboribus.
3370 5430 3371 5435 “

1963 5519 2093 5574 Post
2118 5517 2348 5587 quietem
2370 5519 2592 5595 quidem
2624 5520 2756 5579 hora
2780 5523 2930 5580 Nona
2963 5525 3191 5593 decursa
3222 5531 3308 5587 vel
3356 5534 3476 5605 pul-

1892 5618 2005 5665 sata
2048 5610 2416 5679 campanella,
2452 5626 2552 5669 nec
2581 5611 2872 5683 quidquam
2905 5618 3141 5676 otiosum
3171 5626 3342 5693 possit
3363 5626 3474 5683 dia-

1891 5704 2047 5765 bolus
2100 5703 2389 5765 invenire:
2432 5720 2501 5766 ne
2546 5704 2699 5764 vanis
2737 5705 3024 5771 desideriis
3075 5728 3255 5787 pateat
3290 5721 3469 5780 cordis
