4050 6198
551 210 663 273 625

1596 209 1656 268 S.
1697 203 2077 267 HIERONYMI
2115 201 2399 265 OPERUM
2439 198 2804 260 MANTlSSA.

3735 193 3841 257 434

557 331 753 390 aditus
788 353 803 394 :
833 336 1000 394 altera
1027 341 1272 387 sororum
1302 324 1473 383 libros
1510 324 1750 392 scribat,
1794 335 1852 379 ut
1881 336 1934 380 et
1959 339 2149 379 manus
2176 327 2229 388 Α
2251 332 2339 394 get
2370 322 2620 391 protinus
2644 320 2698 374 in
2729 317 2989 374 auxilium
3011 329 3227 388 sponsae
3252 328 3386 373 suae.
3415 310 3582 371 Scuto
3611 311 3844 369 circum-

557 423 780 491 labore,
809 439 864 484 et
887 440 1037 482 mens
1065 418 1246 475 divino
1273 419 1545 488 repleatur
1575 416 1791 487 pabulo.
1827 418 1959 472 Suat
1978 416 2147 470 altera

562 519 808 574 cucullas
856 528 1097 572 sororum
1124 551 1139 575 ,
1180 518 1235 565 et
1283 509 1492 565 tunicas
1536 519 1591 564 et
1637 508 1885 563 melotas.
1931 508 2148 562 Plantas

565 610 775 665 olerum
802 610 1004 678 plantet
1025 605 1195 660 altera
1225 603 1279 657 in
1310 603 1544 672 hortulo,
1575 609 1637 656 ut
1656 609 1965 658 crescentes
1995 601 2149 656 vobis

562 703 849 774 praebeant
896 715 1067 756 escas.
1119 697 1303 753 Altera
1353 696 1559 753 semina
1610 697 1796 766 jactet.
1853 696 2147 767 lrrigentur

558 795 756 848 areola:
784 833 800 860 ,
849 803 906 848 ut
931 790 1228 847 seminibus
1272 798 1414 860 aptae
1447 790 1596 844 fiant.
1626 789 1940 845 Inserantur
1958 789 2149 844 fructi-

557 886 690 942 fera:
719 887 944 942 arbores
967 883 1318 940 infructuosis
1347 900 1362 941 :
1396 892 1453 939 ut
1487 899 1575 939 ars
1605 887 1711 939 vim
1742 884 1966 953 repellat
1991 894 2145 938 natu-

559 992 658 1034 rae.
687 979 766 1034 Ex
798 977 883 1033 his
913 987 1161 1049 resurgat
1197 993 1354 1033 mens
1393 987 1616 1049 propter
1637 977 1928 1033 visibilium
1954 977 2144 1032 horum

557 1072 947 1144 lnspectionem
992 1073 1059 1127 ad
1099 1072 1467 1128 meditandum
1493 1072 1562 1129 de
1593 1073 1954 1129 invisibilibus
1982 1072 2078 1128 Dei
2113 1089 2126 1126 :

557 1167 766 1222 oriatur
807 1165 1094 1222 admiratio
1118 1166 1317 1222 divinae
1351 1169 1607 1237 potentiae
1638 1169 1690 1223 in
1719 1167 1926 1223 semine
1949 1209 1963 1234 ,
1998 1167 2145 1238 quod

557 1271 627 1314 ex
655 1257 733 1312 sic
765 1271 961 1328 parvo,
991 1258 1070 1312 sic
1099 1256 1284 1325 arido,
1317 1266 1483 1312 tantae
1520 1259 1907 1328 magnitudinis
1939 1268 1994 1314 et
2017 1258 2145 1313 viri-

556 1351 741 1408 ditatis
765 1396 778 1420 ,
810 1362 865 1408 et
891 1352 1311 1423 pulchritudinis
1351 1364 1599 1409 creatura
1631 1355 1916 1410 formetur.
1947 1354 2022 1409 Ex
2053 1353 2150 1408 ad-

557 1446 850 1503 miratione
897 1455 1106 1503 crescat
1153 1447 1412 1516 devOtio,
1462 1463 1527 1504 ex
1577 1448 1867 1504 devotione
1915 1448 2145 1504 elevatio

561 1541 765 1598 mentis
799 1558 814 1598 :
840 1541 914 1596 ita
939 1549 998 1596 ut
1029 1541 1137 1612 jam
1164 1541 1278 1610 ipse
1308 1542 1561 1597 hortulus
1592 1541 1686 1597 fiat
1715 1542 2012 1598 oratorium
2043 1583 2057 1607 ,
2091 1552 2146 1597 et

557 1645 821 1692 creaturae
868 1634 1210 1691 insensibiles
1247 1636 1510 1691 creatoris
1555 1635 1977 1706 magnitudinem
2007 1651 2145 1706 prae-

2251 416 2398 473 dabit
2427 431 2545 471 eam
2573 456 2587 480 .
2637 431 2703 472 ne
2746 416 2857 486 jam
2906 415 3096 470 timeat
3137 429 3167 468 a
3209 413 3405 466 timore
3448 416 3741 465 nocturno.
3773 407 3843 463 Et

2247 509 2444 566 cadent
2471 511 2657 565 statim
2688 526 2719 564 a
2749 509 2918 564 latere
2944 507 3062 578 ejus
3091 505 3240 561 mille
3266 545 3281 570 ,
3325 513 3382 559 et
3427 502 3620 558 decem
3673 500 3842 556 millia

2249 620 2278 660 a
2306 604 2516 660 dextris
2545 604 2664 674 ejus
2701 621 2715 658 :
2751 611 2873 672 nec;
2893 597 3405 674 appropinquabant
3446 597 3515 652 ad
3540 611 3683 652 eam.
3714 595 3843 650 Pos-

2248 709 2424 756 tremo
2455 699 2663 771 angelis
2689 699 2804 754 suis
2840 697 3116 755 mandabit
3139 739 3154 763 ,
3201 703 3258 749 ut
3286 692 3605 749 custodiant
3634 707 3753 747 eam
3787 690 3841 745 in

2250 794 2507 850 omnibus
2535 794 2639 850 viis
2667 792 2785 864 ejus
2812 835 2828 863 ,
2869 808 2937 848 ne
2963 792 3104 848 forte
3128 787 3368 846 offendat
3389 785 3456 843 ad
3482 785 3718 857 lapidem
3750 799 3842 857 pe-

2251 886 2375 943 dem
2421 903 2599 944 suum.

2851 955 3082 1015 CAPUT
3121 955 3234 1012 XL.

2391 1053 2470 1108 De
2496 1053 2746 1108 charitate
2769 1052 3025 1108 servanda
3044 1067 3166 1124 erga
3196 1049 3432 1120 inﬁrmas
3457 1064 3683 1106 sorores.

2323 1170 2650 1226 Balnearum
2675 1168 2957 1224 mollitiem
2984 1209 3000 1234 ,
3053 1181 3182 1221 caro
3216 1181 3431 1236 sponsa:
3458 1164 3554 1219 Dei
3586 1180 3698 1220 non
3722 1176 3841 1219 sus-

2250 1264 2436 1336 cipiat.
2469 1263 2672 1318 llarum
2708 1277 2840 1319 usus
2879 1260 3048 1318 castis
3072 1259 3390 1330 corporibus
3415 1274 3522 1314 non
3551 1259 3838 1329 competit.

2251 1357 2399 1415 Satis
2429 1373 2530 1414 nos
2552 1358 2654 1427 ipsi
2682 1357 2892 1428 experti
2925 1353 3170 1426 quotidie
3210 1359 3441 1424 quantus
3471 1351 3524 1406 in
3563 1350 3838 1406 membris

2249 1453 2450 1508 nostris
2497 1451 2737 1506 libidinis
2784 1449 2924 1521 ignis
2971 1456 3203 1514 exurat,
3245 1446 3544 1510 sentimus,
3593 1443 3762 1499 etiam
3795 1440 3846 1498 si

2250 1548 2388 1619 ignis
2421 1551 2658 1603 fomenta
2688 1545 3008 1600 auferantur
3055 1558 3154 1612 pro
3201 1556 3384 1613 posse.
3424 1538 3595 1595 Nimis
3625 1549 3711 1594 est
3748 1537 3849 1593 de-

2249 1659 2402 1699 mens
2429 1653 2483 1700 et
2509 1645 2688 1697 fatuus
2716 1683 2730 1709 ,
2779 1639 2870 1710 qui
2909 1639 3191 1695 materiam
3245 1651 3560 1708 praeparans
3606 1633 3722 1706 igni
3769 1632 3840 1688 ad

561 1730 768 1786 dicent.
795 1729 904 1786 Sed
930 1730 1225 1785 cavendum
1259 1739 1340 1786 est
1360 1732 1664 1801 potissime,
1699 1748 1768 1787 ne
1806 1747 1996 1786 manus
2026 1746 2146 1786 ves-
2175 1735 2223 1795 B
2250 1737 2559 1794 incendium
2587 1778 2601 1804 ,
2633 1750 2741 1791 non
2768 1733 2885 1788 vult
2910 1742 2969 1788 ut
2994 1731 3203 1788 ardeat.
3237 1731 3342 1786 lsta
3370 1730 3566 1786 decent
3594 1727 3842 1784 miserri-

559 1835 660 1879 trae
680 1823 968 1894 quidquam
990 1824 1304 1894 contingere
1324 1824 1579 1892 audeant,
1609 1825 1752 1897 quod
1774 1826 1928 1882 vanis
1960 1825 2148 1881 usibus

557 1919 732 1990 possit
760 1917 956 1990 aptari.

769 2004 795 2070 ι
1089 1997 1319 2054 CAPUT
1358 1996 1606 2054 xxmx.

807 2089 885 2146 De
912 2090 1051 2145 horis
1087 2090 1388 2162 vespertinis
1407 2133 1422 2159 ,
1455 2100 1502 2145 et
1533 2088 1897 2162 Comptetort'o.

631 2204 871 2277 Serpens
894 2219 1106 2261 morum
1135 2247 1151 2271 ,
1200 2204 1377 2261 omnis
1406 2205 1615 2261 otiosus
1642 2219 1823 2261 sermo
1846 2205 2147 2277 expellatur

554 2300 623 2358 de
672 2299 852 2357 medio
895 2299 1081 2356 veStri.
1127 2297 1431 2370 Numquam
1475 2301 1619 2354 risus
1653 2345 1667 2369 ,
1722 2314 2012 2369 numquam
2057 2314 2146 2355 ca-

554 2396 788 2453 chinnus
810 2409 906 2451 cor
941 2409 1140 2450 vanum
1167 2395 1500 2466 pronuntiet.
1536 2393 1625 2450 Sic
1646 2395 1840 2462 sancti,
1869 2395 1946 2450 sic
1968 2394 2146 2464 pudici

555 2492 664 2547 sint
709 2497 865 2545 actus
910 2487 1160 2559 corporis
1199 2488 1425 2557 cuncti,
1473 2496 1534 2543 ut
1569 2489 1767 2542 mentis
1795 2489 2146 2548 sanctitatem

554 2593 849 2656 exponant.
888 2577 1061 2640 Homo
1092 2598 1298 2653 nempe
1327 2583 1569 2638 exterior
1596 2624 1610 2648 ,
1659 2583 1945 2639 interioris
1978 2583 2144 2640 index

557 2686 665 2736 est.
695 2679 901 2734 Sancto
929 2692 1027 2733 vos
1053 2676 1106 2732 in
1139 2677 1358 2745 labore,
1411 2687 1600 2731 sancto
1631 2691 1726 2731 vos
1758 2677 1810 2731 in
1855 2693 2020 2748 opere
2048 2678 2145 2746 de:

559 2769 820 2826 bellantes
870 2769 1146 2826 diabolum
1177 2812 1190 2835 ,
1227 2772 1538 2839 veSpertina
1566 2768 1698 2825 hora
1724 2771 1964 2840 reperiat
1994 2787 2009 2832 ;
2041 2787 2145 2842 qua

558 2863 612 2920 in
645 2864 890 2921 Ecclesia
918 2865 1119 2920 sanctis
1149 2863 1290 2918 Deus
1314 2861 1566 2918 laudetur
1591 2861 1808 2918 ofﬁciis.

630 2958 687 3016 Si
718 2956 1029 3014 festivitatis
1077 2956 1362 3015 celebritas
1385 2997 1400 3023 ,
1436 2957 1480 3011 si
1525 2957 1691 3012 nimia
1718 2957 1970 3013 debilitas
1997 2973 2146 3013 com-

561 3067 777 3110 munem
800 3052 1070 3110 ctenulam
1107 3053 1437 3121 brevemque
1468 3051 1919 3108 refoeillationem
1948 3069 2142 3124 corpo-

2251 1847 2368 1888 mas
2392 1829 2762 1894 mulierculas,
2780 1843 2904 1884 cum
2927 1826 3306 1898 periclitantur
3326 1823 3609 1894 naufragio
3633 1829 3841 1892 partus.

2250 1929 2455 1986 Tamen
2481 1931 2525 1983 si
2554 1936 2797 1982 extrema
2828 1924 3127 1980 necessitas
3157 1920 3459 1979 infirmanti
3484 1916 3843 1982 consuluerit,

2249 2031 2463 2080 servato
2493 2021 2669 2077 omnis
2702 2018 2972 2091 pudicitia:
3005 2018 3230 2086 honore,
3257 2031 3381 2072 cum
3406 2014 3557 2071 omni
3579 2009 3839 2070 modestia

2250 2115 2364 2172 ﬁat.
2415 2115 2567 2171 Alias
2616 2116 2669 2169 in
2705 2112 2880 2168 servis
2925 2111 3024 2168 Dei
3073 2111 3204 2166 talia
3248 2110 3492 2181 cogitare
3541 2108 3615 2163 sit
3666 2105 3839 2162 nefas.

2249 2211 2608 2281 Summopere
2637 2217 2887 2264 servetur
2917 2205 2971 2262 in
2996 2207 3149 2262 vobis
3174 2250 3188 2276 ,
3234 2214 3298 2262 ut
3339 2221 3468 2277 erga
3497 2204 3834 2261 inﬁrmantes

2249 2319 2471 2359 sorores
2496 2345 2512 2370 ,
2539 2319 2660 2359 cum
2688 2303 2834 2357 omni
2862 2300 3231 2357 sollicitudine
3255 2343 3270 2368 ,
3304 2301 3485 2356 omnis
3517 2299 3838 2356 exhibeatur

2249 2412 2377 2454 cura
2409 2397 2790 2468 hospitalitatis
2810 2438 2824 2463 ,
2863 2405 2920 2454 et
2952 2398 3297 2467 praebeantur
3328 2397 3552 2467 integrae
3589 2402 3644 2450 et
3675 2395 3841 2449 totius

2248 2492 2465 2564 pietatis
2494 2493 2775 2562 obsequia.
2805 2490 2862 2546 Si
2894 2491 3194 2560 periculum
3222 2487 3504 2559 exegerit,
3558 2486 3837 2543 medicum

2249 2586 2489 2641 sobrium
2519 2595 2573 2640 et
2605 2586 2880 2656 pudicum,
2923 2594 2978 2640 et
3004 2585 3150 2639 omni
3181 2584 3490 2655 suspicione
3514 2591 3797 2638 carentem
3821 2621 3839 2650 ,

2249 2680 2497 2749 protinus
2519 2680 2839 2734 consulant:
2872 2687 2926 2736 et
2946 2695 3066 2750 qum
3089 2679 3430 2735 mandaverit
3453 2678 3671 2734 sanitati
3701 2693 3836 2734 con-

2247 2788 2380 2845 grua
2406 2819 2419 2844 ,
2456 2774 2605 2829 omni
2636 2772 2829 2829 domus
2862 2775 3188 2829 necessitate
3228 2773 3519 2844 postposita
3549 2814 3564 2841 ,
3609 2773 3840 2843 benigne

2249 2868 2399 2926 ﬁant.
2425 2869 2483 2925 Si
2504 2886 2635 2926 vero
2661 2869 2856 2927 desunt
2875 2870 3179 2925 necessaria
3210 2885 3224 2923 :
3257 2868 3559 2924 vendantur
3579 2883 3702 2938 qua:
3725 2882 3840 2923 mo-

2249 2965 2470 3023 nasterii
2492 2976 2636 3033 sunt,
2667 2982 2737 3024 ne
2769 2966 3067 3038 temporale
3097 2965 3312 3036 aliquod
3341 2964 3837 3020 misericordiarum

2249 3059 2510 3132 impediat
2538 3076 2726 3132 opera.

557 3146 634 3204 ris
659 3145 836 3218 potius
853 3159 1014 3217 quam
1036 3143 1103 3199 ad
1125 3143 1541 3199 delectationem
1565 3154 1804 3214 paratam
1833 3145 2144 3202 indulserit:
2172 3137 2219 3202 C
2322 3153 2474 3210 Nulla
2502 3154 2588 3210 [ex
2609 3169 2750 3211 esca;
2771 3200 2785 3224 ,
2820 3155 2904 3212 vel
2936 3164 3095 3224 ροιυε
3124 3161 3217 3211 ειη
3237 3162 3437 3210 stratus
3462 3153 3727 3225 astringat
3751 3152 3839 3208 ίη-

560 3239 885 3310 vespertinae
943 3236 1131 3292 laudes
1181 3236 1292 3291 Deo
1341 3237 1722 3306 tempestivius
1774 3238 2148 3306 persolvantur

557 3350 716 3408 quam
751 3333 964 3390 caeteris
1000 3331 1332 3402 jejuniorum
1368 3331 1560 3388 diebus
1593 3349 1607 3386 :
1641 3342 1701 3388 ut
1741 3347 1843 3389 nec
1867 3336 2026 3390 etiam
2053 3335 2148 3392 de-

560 3427 690 3484 bita:
710 3427 901 3484 laudes
925 3427 980 3483 in
1011 3425 1202 3482 ultima
1243 3426 1375 3482 hora
1404 3425 1548 3494 diei,
1570 3427 1659 3482 vel
1691 3429 2034 3496 omittantur,
2062 3430 2148 3486 vel

563 3526 617 3581 in
641 3525 820 3595 aliquo
867 3523 1260 3580 detruncentur
1311 3521 1382 3578 ob
1425 3535 1659 3577 caenam.
1708 3522 1840 3578 Post
1878 3533 2147 3594 peractam

564 3631 796 3683 caenam,
821 3616 905 3672 vel
934 3617 979 3671 si
1003 3613 1267 3671 omittitur
1289 3623 1413 3687 post
1434 3613 1668 3685 aliquam
1696 3614 1969 3684 horulam,
1997 3617 2148 3688 juxta

563 3710 891 3779 exigentiam
933 3709 1191 3779 temporis
1232 3708 1298 3763 ad
1350 3708 1633 3764 ecclesiam
1669 3725 1888 3767 sorores
1928 3727 2149 3784 campa-

564 3805 709 3861 uella
741 3811 897 3858 vocet
929 3822 941 3856 :
976 3802 1065 3857 ubi
1089 3803 1170 3857 vel
1202 3801 1268 3857 de
1299 3812 1606 3858 sanctorum
1634 3805 1802 3875 gestis
1832 3807 1912 3862 vel
1937 3807 2003 3862 de
2029 3807 2149 3862 aliis

562 3895 895 3954 mirabilibus
919 3893 1012 3950 Dei
1044 3893 1203 3950 lectio
1233 3896 1423 3951 devota
1456 3895 1691 3952 dicatur.
1727 3898 1823 3954 Cui
1855 3901 2151 3956 succedant

564 3988 917 4063 Completorii
945 3987 1133 4044 laudes
1166 4006 1180 4043 :
1211 3998 1269 4044 ut
1292 4004 1358 4046 ex
1396 3989 1480 4045 his
1516 3991 1786 4048 roboratze
1817 4005 2026 4050 mentes
2069 3996 2151 4050 di—

564 4086 691 4143 vino
741 4083 982 4156 pabulo,
1031 4085 1311 4138 nocturnis
1345 4082 1645 4153 phantasiis
1677 4087 2018 4158 occultisque
2045 4088 2147 4143 fal-

559 4180 714 4238 laciis
751 4177 950 4234 diaboli
982 4191 1269 4232 occurrere
1297 4191 1402 4231 non
1437 4177 1760 4244 formident,
1794 4192 1892 4234 nec
1923 4179 2147 4235 timeant

556 4275 815 4332 dimicare
845 4290 859 4327 :
889 4279 943 4327 et
963 4272 1041 4326 sic
1061 4285 1091 4325 a
1116 4269 1314 4325 divinis
1338 4271 1619 4342 obsequiis
1642 4282 1867 4328 exortus
1896 4271 2034 4338 dies,
2064 4273 2147 4328 di-

560 4369 700 4426 vinis
731 4367 948 4423 flniatur
975 4363 1029 4420 in
1052 4363 1327 4420 laudibus.

631 4462 760 4519 Post
807 4457 1234 4529 Completorium
1280 4471 1410 4512 vero
1444 4457 1579 4514 nihil
1609 4457 1753 4513 aliud
1797 4472 1957 4530 quam
1983 4458 2147 4516 silen-

2250 3248 2458 3304 firmam
2505 3248 2593 3304 vel
2630 3248 2885 3306 debilem.
2925 3249 3128 3306 Tamen
3172 3249 3404 3307 sollicite
3425 3249 3724 3305 cavendum
3756 3257 3841 3305 est

2250 3361 2319 3401 ne
2355 3345 2624 3417 ingluvies
2663 3345 2966 3416 gulositatis
3007 3347 3107 3402 sub
3153 3345 3485 3402 infirmitatis
3524 3343 3794 3402 velamine
3818 3383 3835 3412 ,

2251 3454 2347 3494 sua
2379 3437 2663 3494 commoda
2705 3447 2944 3509 quaerat,
2979 3449 3035 3494 et
3079 3454 3147 3494 ne
3190 3438 3479 3494 infirmitas
3518 3438 3616 3495 sub
3655 3439 3836 3509 Specie

2251 3535 2578 3601 sanctitatis,
2604 3548 2805 3605 corpus
2837 3532 3182 3590 abstinentiis
3211 3543 3460 3590 conterat
3489 3535 3627 3589 ultra
3656 3533 3835 3602 vires,

2253 3644 2323 3684 ne
2345 3643 2541 3698 corpus
2571 3627 2775 3697 duplici
2806 3627 3034 3682 fractum
3065 3627 3322 3696 stimulo,
3350 3628 3491 3700 apud
3517 3628 3720 3698 justum
3752 3627 3842 3699 ju—

2251 3720 2430 3777 dicem
2472 3719 2730 3777 deficiens
2758 3763 2771 3787 ,
2811 3721 3034 3792 impium
3086 3721 3405 3777 criminetur
3436 3719 3746 3777 emnobium
3786 3730 3842 3777 et

2254 3815 2602 3871 homicidam.
2655 3814 2994 3886 Deputentur
3023 3816 3276 3872 cuStodes
3305 3816 3703 3872 inﬁrmantibus
3728 3817 3840 3874 dis-

2251 3919 2414 3964 crete
2450 3917 2503 3964 et
2540 3915 2743 3964 sanctze
2776 3923 2994 3964 sorores
3027 3950 3041 3976 ,
3077 3925 3196 3980 quze
3221 3909 3467 3966 sollicitae
3494 3920 3842 3981 praecaveant

2252 4005 2488 4076 pericula
2513 4047 2529 4071 ,
2556 4005 2688 4076 'quaa
2722 4005 3002 4060 imminere
3025 4015 3249 4074 possunt
3285 4003 3515 4061 infirmis
3544 4023 3557 4060 :
3591 4021 3661 4061 ne
3710 4003 3838 4075 quid

2249 4098 2558 4168 aliqualiter
2580 4100 2856 4170 contingat
2886 4098 3121 4155 adversi.
3147 4098 3346 4169 Onera,
3369 4114 3575 4170 quaeso,
3607 4113 3711 4155 non
3745 4113 3838 4170 ag-

2249 4201 2482 4262 gravent
2529 4192 2860 4249 servitrices.
2920 4192 3148 4263 Semper
3190 4192 3465 4249 Christum
3508 4194 3742 4263 cogitent
3777 4193 3832 4249 in

2249 4283 2460 4340 infirma
2508 4299 2698 4343 sorore
2737 4287 2992 4343 latentem
3022 4307 3037 4345 :
3067 4303 3282 4359 semper
3315 4303 3374 4344 se
3412 4288 3648 4361 cogitent
3674 4303 3833 4360 posse

2251 4376 2306 4433 in
2336 4379 2578 4434 futurum
2607 4380 2805 4436 talibus
2833 4381 3091 4451 indigere.
3143 4382 3372 4453 Semper
3397 4383 3479 4440 lex
3508 4383 3596 4439 illa
3627 4393 3836 4439 natura:

2248 4472 2476 4528 astricta
2510 4483 2759 4530 teneatur
2789 4476 2908 4531 sinu
2937 4477 3153 4546 mentis,
3183 4477 3456 4534 hominem
3489 4479 3686 4535 debere
3711 4477 3835 4534 aliis

559 4559 693 4616 tium
723 4554 988 4612 sentiatur
1016 4596 1031 4621 ,
1075 4562 1134 4607 ut
1170 4565 1389 4608 sorores
1421 4552 1620 4621 quietae
1657 4564 1880 4608 semctte
1911 4555 2144 4609 totaliter
2171 4545 2222 4606 D
2329 4565 2587 4622 exhibere
2611 4610 2625 4633 ,
2653 4567 2794 4638 quod
2825 4569 2891 4624 ab
2923 4569 3053 4640 ipsis
3081 4575 3195 4641 [pse
3222 4569 3570 4638 deposceret.
3605 4571 3722 4627 Non
3753 4574 3835 4630 in-

558 4650 834 4726 corporeis
862 4649 1113 4706 sensibus
1138 4661 1258 4718 quae
1291 4647 1343 4701 in
1373 4649 1650 4717 praeterito
1681 4657 1928 4719 tempore
1948 4647 2145 4705 divinis

559 4748 855 4806 audierunt
876 4741 1125 4800 lectionis
1146 4783 1161 4809 ,
1191 4738 1472 4796 ruminent
1504 4748 1705 4807 mente,
1734 4751 1788 4795 et
1818 4744 2147 4812 restringant

561 4841 614 4898 in
657 4839 845 4896 corde.
895 4836 1020 4892 Haec
1055 4833 1319 4890 meditans
1347 4848 1687 4903 unaqumque
1717 4847 1867 4889 suam
1894 4835 2142 4891 cellulam

559 4933 757 4998 adeat,
786 4927 1164 4985 benedictione
1203 4926 1393 4980 matris
1432 4934 1681 4994 suscepta
1708 4969 1723 4994 ,
1768 4936 1821 4981 et
1862 4927 2144 4998 religionis

562 5026 798 5081 habitum
828 5034 1040 5093 gestans
1066 5064 1079 5087 ,
1113 5030 1171 5075 ut
1201 5019 1246 5073 si
1275 5027 1465 5073 natura
1496 5021 1737 5090 exegerit
1774 5035 1831 5076 se
1876 5021 1926 5076 in
1973 5033 2145 5077 Stratu

560 5119 627 5176 ad
650 5115 1031 5190 quiescendum
1054 5121 1362 5183 componat.
1391 5111 1445 5167 Si
1477 5127 1608 5167 vero
1639 5110 2000 5169 dormientem
2032 5114 2144 5169 dte-

563 5226 689 5269 mon
720 5205 928 5278 insequi
957 5202 1183 5275 cmperit
1211 5216 1369 5273 quam
1403 5201 1714 5273 vigilantem
1744 5213 2006 5261 metuerat
2026 5248 2040 5273 ,
2095 5208 2140 5264 si

558 5305 838 5364 illusiones
869 5299 1196 5365 immiserit,
1228 5297 1275 5352 si
1310 5297 1487 5368 turpia
1517 5297 1777 5370 cogitatui
1805 5302 2139 5371 opposuerit,

559 5416 683 5458 mox
714 5409 774 5454 ut
807 5395 904 5452 Dei
951 5407 1146 5465 sponsa
1178 5392 1530 5462 persenserit,
1574 5403 1851 5464 exsurgat,
1883 5394 2142 5466 cedatque

557 5493 782 5568 ignavia:
834 5498 889 5546 et
934 5484 1118 5559 δοροῐί
1161 5484 1320 5539 velox
1366 5483 1673 5540 exeubitus.
1723 5484 1850 5541 Inde
1890 5487 2140 5556 pretinus

559 5585 888 5644 horrendum
947 5592 1003 5637 et
1057 5578 1394 5636 tremendum
1445 5578 1665 5636 diabolo
1713 5579 1923 5652 signum
1967 5585 2141 5640 crucis

562 5690 821 5752 opponat,
851 5676 1039 5750 sponsi
1065 5673 1246 5730 dilecti
1279 5675 1493 5730 invocet
1521 5674 1799 5743 auxilium,
1831 5685 1884 5733 et
1911 5694 2142 5751 sponsus

563 5776 864 5846 Ζειυιγριιε,
904 5768 997 5843 (illi
1026 5769 1193 5829 nimio
1221 5767 1337 5829 zelo
1363 5781 1613 5841 sponsam
1646 5771 1881 5833 custodit
1910 5817 1925 5846 ,
1953 5787 2140 5838 exsur.

2247 4659 2409 4726 ficiat,
2436 4673 2643 4730 quaeso,
2661 4658 3056 4731 hospitalitatis
3083 4678 3244 4733 opera
3277 4680 3545 4732 murmur,
3569 4666 3666 4723 sed
3693 4668 3839 4737 quod

2247 4751 2364 4807 fieri
2412 4752 2604 4822 decet,
2665 4769 2786 4808 cum
2845 4757 2991 4811 omni
3043 4758 3458 4815 mansuetudine
3507 4759 3642 4829 fiat,
3683 4762 3841 4831 juxta

2248 4845 2568 4914 Apostolum
2602 4846 2871 4904 dicentem
2907 4848 3371 4924 :Hospitalitatem
3397 4864 3676 4924 sectantes,
3708 4857 3842 4912 invi-

2248 4953 2353 4991 cem
2376 4939 2428 4993 in
2457 4938 2706 4996 charitatc
2736 4943 2843 4998 sine
2868 4946 3299 5002 murmuratione.

2844 5058 3073 5118 CAPUT
3105 5061 3245 5120 XLI.

2252 5146 2332 5203 De
2375 5152 2678 5208 auctoritate
2724 5150 2974 5238 EpiseOpi
3022 5163 3068 5208 et
3109 5157 3393 5238 praepositi,
3425 5158 3560 5212 circa
3595 5162 3839 5216 observa.

2832 5229 2992 5280 tiones
3024 5229 3244 5282 ordinis.

2321 5311 2464 5371 Ecce
2488 5315 2661 5386 vobis,
2693 5333 2812 5374 mea
2839 5318 3054 5376 domina
3097 5319 3483 5392 Eustochium,
3530 5334 3585 5382 et
3616 5337 3838 5385 caetera:

2248 5405 2616 5463 dilectissime
2645 5409 2770 5465 filia:
2800 5409 3029 5479 Christi,
3056 5415 3402 5484 apostolicam
3433 5417 3597 5474 vitam
3629 5419 3752 5476 rudi
3782 5431 3841 5476 et

2245 5514 2434 5555 crasso
2475 5501 2616 5571 stylo
2665 5500 2752 5557 his
2781 5502 3046 5560 chartulis
3075 5505 3355 5578 scriptam,
3394 5525 3564 5565 senex
3596 5522 3753 5582 pater
3783 5524 3839 5569 et

2245 5592 2583 5663 propinquus
2607 5592 2715 5663 jam
2764 5597 2947 5665 morti,
2979 5605 3166 5666 utpote
3195 5606 3539 5656 centenarius
3569 5603 3621 5657 in
3651 5614 3834 5671 astate,

2246 5683 2442 5742 devoto
2474 5685 2668 5742 affectu
2705 5690 3020 5746 transmisit.
3069 5689 3184 5746 lloe
3233 5693 3508 5764 speculum
3541 5703 3837 5764 a-ternnm,

2248 5793 2343 5853 per
2372 5779 2476 5841 hoc
2507 5780 2795 5856 aenigmate
2826 5782 2878 5844 in
2923 5783 3180 5859 presenti
3213 5788 3341 5859 vita,
3386 5785 3660 5851 felicitatis
3691 5792 3839 5851 viam
