4050 6198
217 282 317 343 425

1449 280 1767 345 CANONES
1803 284 2419 347 PCENITENTIALES.

3415 286 3524 347 426

211 416 553 473 unaquaeque
602 402 862 469 filiarum,
913 401 1139 458 assidua
1185 402 1545 458 meditatione
1596 410 1803 457 cernat.
1834 408 1887 465 Α
1914 413 2004 456 tur
2030 402 2302 469 defectus,
2335 418 2455 474 quae
2480 399 2775 474 aliquando
2801 401 3151 459 correctione
3195 418 3306 460 non
3338 415 3515 475 egeat.

211 490 327 549 Non
356 506 548 552 causet
574 496 856 566 grossities
879 495 1123 564 corticis,
1158 496 1453 552 medullam
1493 496 1804 567 requirendi

211 596 601 659 contemptum.
630 589 747 644 Non
779 590 1066 658 imperitus
1090 599 1142 644 et
1162 591 1470 645 rusticanus
1498 604 1679 644 sermo
1704 588 1812 643 fas-

215 679 400 735 tidium
430 692 679 752 generet.
712 683 866 737 Talia
898 683 1095 738 decent
1135 684 1381 751 poeticas
1422 681 1649 735 fabulas.
1694 679 1808 735 Non

214 781 294 827 est
332 788 468 843 opus
516 775 734 845 pietatis
774 785 829 831 et
874 777 1043 832 totius
1086 777 1337 832 veritatis
1376 775 1482 846 legi
1528 776 1809 830 rhetorum

215 868 442 935 pompis.
473 867 602 923 Hzec
629 869 809 924 omnia
834 869 1098 939 juvenum
1129 870 1425 925 intersunt.
1462 868 1539 923 Ex
1569 867 1670 925 hac
1696 869 1804 923 sin-

211 957 347 1028 gulis
376 958 571 1016 diebus
599 962 751 1017 velut
775 977 841 1017 ex
860 961 1175 1019 delectabili
1205 961 1437 1029 ferculo,
1470 961 1809 1031 singulorum

211 1050 364 1105 vobis
393 1054 598 1109 sumite
634 1055 839 1110 bolum.
892 1056 1049 1112 Hunc
1078 1072 1188 1110 non
1222 1053 1678 1125 transglutiendo,
1710 1054 1809 1108 sed

211 1157 403 1213 magna
448 1148 766 1203 morositate
808 1148 1167 1211 masticaudo,
1198 1147 1329 1202 hinc
1361 1146 1487 1202 inde
1519 1145 1810 1202 transferte

208 1250 306 1307 per
335 1253 455 1304 ora,
480 1249 540 1293 ut
560 1240 765 1295 sentire
790 1241 1018 1296 valeatis
1035 1239 1403 1295 dulcedinem.
1437 1238 1635 1294 Fateor
1661 1238 1804 1293 enim

208 1331 371 1386 vobis
397 1335 545 1403 quod
575 1351 639 1389 ex
669 1334 754 1388 his
783 1351 905 1404 quae
934 1335 1269 1399 scribuntur,
1298 1335 1343 1388 si
1368 1332 1557 1388 sedula
1589 1332 1657 1386 sit
1685 1347 1802 1387 me-

208 1421 417 1489 ditatio,
448 1437 737 1497 exsurgent
765 1427 922 1481 vobis
954 1427 1102 1493 talia,
1138 1427 1317 1496 qualia
1352 1427 1535 1497 lingua
1570 1429 1807 1482 humana

210 1534 312 1572 non
346 1520 515 1585 novit,
550 1536 875 1592 quamquam
907 1529 963 1577 et
991 1522 1094 1577 hoc
1120 1520 1498 1592 imperfectum
1530 1520 1601 1575 sit
1643 1535 1803 1589 opus.

209 1608 361 1665 Nulla
391 1613 536 1667 enim
584 1624 694 1669 tam
738 1624 950 1681 sancta,
1001 1624 1110 1669 tam
1138 1616 1312 1685 justa,
1355 1624 1410 1670 et
1457 1614 1550 1668 diu
1582 1615 1803 1685 provisa

209 1714 289 1761 est
311 1694 655 1775 constitutio,
689 1724 809 1778 quae
838 1709 891 1762 in
924 1708 1163 1763 futurum
1192 1706 1460 1777 plurimos
1493 1720 1601 1760 non
1632 1708 1803 1777 patia-

1916 494 2235 565 Propterea‘
2262 497 2306 550 si
2339 496 2468 567 quid
2508 498 2559 551 in
2600 496 2703 550 hac
2745 484 2994 550 no'rmula
3032 497 3346 566 apostolica
3390 500 3514 554 vitae

1916 600 1973 648 et
2002 593 2304 663 religionis,
2336 591 2767 663 dispensatione,
2812 592 3171 659 correctione,
3201 593 3286 649 vel
3318 594 3513 650 immu-

1918 689 2123 744 tatione
2173 687 2406 759 indiget,
2436 688 2691 759 episcopo
2718 696 2922 753 vestro,
2954 696 3046 741 aut
3094 688 3389 757 prccposito
3416 704 3511 745 ve-

1916 791 2036 840 stro
2068 784 2389 854 presbytero
2410 793 2601 839 sancto
2647 782 2949 849 committo,
2980 792 3040 837 ut
3069 783 3369 838 secundum
3400 783 3513 852 ple-

1918 876 2981 948 nitudinemSpiritussanctidispenset,
3004 886 3177 932 mutet
3193 875 3513 947 etrorrigat.

1915 971 2005 1025 Sic
2035 971 2237 1041 itaque,
2266 970 2610 1025 charissima:
2641 969 2789 1035 tilias,
2820 980 3037 1025 sanctos
3062 969 3230 1025 vivite
3257 968 3397 1025 dies.
3427 968 3516 1024 Sic

1912 1063 2134 1119 Christo
2166 1065 2398 1134 nuptiali
2420 1064 2627 1121 findere
2652 1064 2944 1136 copulataa,
2973 1073 3034 1119 ut
3058 1078 3169 1120 non
3192 1078 3360 1120 vacua
3385 1064 3516 1120 lam-

1913 1156 2052 1228 pade
2074 1167 2294 1228 paratas
2319 1172 2420 1212 vos
2447 1173 2665 1228 semper
2686 1157 2864 1213 media
2894 1160 2947 1212 in
2973 1167 3137 1215 nocte
3162 1174 3287 1215 cum
3312 1157 3523 1214 venerit

1911 1264 2147 1321 sponsus
2177 1260 2468 1306 vacaturus
2498 1251 2563 1305 ad
2608 1252 2832 1321 nuptias
2880 1252 3142 1319 inveniat,
3178 1268 3523 1325 nequaquam

1912 1340 2068 1398 vobis
2087 1359 2185 1414 per
2202 1343 2477 1399 exteriora
2499 1343 2873 1413 quzerentibus
2905 1345 3109 1414 oleum,
3146 1361 3215 1401 ne
3244 1357 3521 1418 tamquam

1909 1434 2073 1491 fatuis
2127 1452 2194 1492 ex
2238 1438 2516 1505 tarditate,
2569 1435 2789 1491 thalami
2830 1448 3062 1508 negetur
3105 1440 3389 1496 introitus.
3423 1441 3525 1496 Se-

1909 1538 2183 1585 nectutem
2208 1530 2378 1585 vestri
2408 1528 2593 1587 devoti
2623 1529 2946 1601 Hieronymi
2977 1532 3182 1588 sanctis
3207 1536 3411 1591 vestris
3440 1532 3527 1605 ju-

1909 1632 2032 1681 vate
2064 1625 2423 1683 orationibus.

210 1822 3502 1864 ———————————-—-——‘—————————————_———-__

842 1929 1468 2009 ADMONITIO
1526 1928 1672 2006 DE
1728 1929 2267 2021 SEQUENTI
2313 1938 2889 2015 OPUSCULO.

1622 2092 2068 2117 Μ

278 2195 495 2287 Primus
523 2204 872 2287 supposititiis
897 2205 1203 2287 Hieronymi
1224 2214 1433 2287 scriptis
1461 2217 1697 2275 Canoner
1726 2221 1853 2274 istoc
1886 2212 2283 2274 Paenitentiam
2325 2209 2677 2269 Martianwus
2729 2211 2975 2287 adjunatit
3018 2234 3081 2273 ea:
3122 2235 3221 2274 me.
3251 2217 3426 2275 codice
3466 2221 3527 2277 S.

212 2277 433 2359 Αηάτεᾳῖ
453 2294 616 2363 P1110?e
641 2277 1294 2363 Al‘enionem,qui'annos,
1322 2277 1376 2342 ut
1402 2293 1511 2363 ipse
1542 2294 1636 2359 ait,
1665 2292 1767 2347 400
1799 2296 1980 2361 refert.
2008 2287 2264 2363 Excerpti
2279 2299 2452 2363 autem
2475 2277 2959 2363 sunt,quod'netno
2980 2292 3160 2345 statim
3188 2307 3293 2363 non
3322 2294 3526 2359 sentiet,

215 2364 275 2433 es
294 2346 461 2433 variis
490 2346 762 2403 Canonum
792 2346 1293 2433 compi’lationibusf
1329 2346 1742 2433 con'reniunique
1786 2346 2049 2417 int'erdum
2100 2346 2226 2415 καέὰ
2253 2359 2377 2423 λέξιν
2433 2374 2547 2410 cum
2590 2346 2966 2433 Δἷίἐμιιει-ιτνιὶι,
3024 2378 3139 2433 quia
3195 2360 3331 2433 [aleo
3376 2346 3531 2417 etiarn

219 2417 551 2502 Eutychiano
579 2437 731 2505 papa:
757 2417 1114 2492 ascribuntur,
1152 2439 1277 2505 turn
1304 2433 1384 2486 liis
1416 2450 1530 2503 qua:
1559 2417 2153 2495 alti'Pwnilentialibus,
2181 2417 2544 2505 quos—uocant,
2582 2429 2725 2505 libris
2753 2417 3017 2505 complexi
3036 2417 3176 2488 sunt.
3195 2417 3333 2505 'iVon
3355 2434 3533 2505 perdet

212 2506 415 2557 operam
458 2493 547 2554 qui

587 2491 681 2545 hos
716 2510 1029 2577 comparare
1055 2491 1171 2577 cunt
1218 2502 1349 2569 illis,
1378 2491 1600 2572 quorum
1644 2523 1768 2560 sane
1808 2506 1988 2577 ingens
2029 2511 2101 2558 est
2130 2491 2395 2577 itu-merus,
2426 2491 2564 2554 uelit.
2600 2491 2945 2577 Martianw'us
2973 2506 3158 2573 inquit,
3191 2491 3427 2577 Conone:
3448 2506 3535 2559 isti

212 2560 386 2648 multis
424 2563 656 2644 indigent
680 2560 1235 2648 animaduersionibus,
1265 2586 1311 2627 et
1338 2560 1789 2648 [castigationibus
1814 2593 1833 2629 :
1866 2560 1967 2630 Ἱιοδ
1993 2592 2133 2639 vero,
2178 2583 2330 2644 prout
2359 2560 2423 2648 in
2448 2587 2548 2648 tua.
2580 2572 2755 2625 codice
2778 2560 3535 2648 inueniuntur,’descripsimus

216 2634 480 2720 tractare,
505 2635 1147 2720 castigationsolutnmodo
1190 2634 1523 2720 eascriptori's
1550 2650 1749 2720 antiqui
1794 2649 2054 2720 erroribus
2085 2634 2415 2720 notipaucis.
2442 2642 2648 2720 _N_eque
2675 2660 2794 2698 vero
2835 2644 3069 2705 (Iunones
3118 2634 3173 2703 id
3204 2634 3369 2720 genus
3410 2658 3531 2704 sunt

212 2708 335 2760 tanti
357 2708 623 2775 momenti,
657 2716 713 2761 ut
738 2708 1040 2780 diligentius
1064 2730 1095 2767 a
1120 2715 1271 2770 nobis
1293 2708 1621 2790 expendendi
1651 2708 1712 2775 ἁε
1752 2721 1888 2776 notis
1923 2717 2231 2773 illustrandi
2259 2716 2402 2787 digni
2432 2708 2743 2771 habeantur.

1050 2891 1590 2981 CANONES
1650 2885 2673 2980 POENITENTIALES.

287 3020 364 3080 De
384 3026 586 3081 ebrioso
619 3026 876 3100 Episcopo
898 3039 942 3085 et
964 3030 1028 3086 de
1058 3031 1373 3105 Presbytero
1394 3045 1442 3091 et
1473 3035 1731 3091 Diacono.

283 3117 336 3173 Si
360 3119 481 3189 quis
504 3121 819 3191 episcopus,
848 3131 939 3177 aut
964 3124 1159 3193 aliquis
1184 3127 1484 3199 ordinatus,
1504 3128 1559 3183 in
1586 3143 1816 3186 consue-

213 3210 402 3267 tudine
421 3211 614 3267 vitium
640 3214 889 3269 habuerit
906 3216 1221 3275 ebrietatis:
1244 3229 1338 3275 aut
1356 3222 1592 3291 desinat,
1615 3232 1708 3278 aut
1725 3222 1819 3279 de-

210 3313 471 3373 ponatur.
498 3305 554 3361 Si
570 3307 872 3362 monachus
892 3324 988 3380 per
1008 3310 1329 3369 ebrietatem
1351 3314 1474 3370 facit
1498 3316 1814 3388 [Supvao-

205 3394 452 3466 mitam],
468 3411 536 3450 xx
555 3397 670 3453 dies
686 3400 962 3469 pmniteat.
979 3402 1034 3458 Si
1051 3407 1335 3477 presbyter
1345 3417 1436 3463 aut
1450 3408 1708 3465 diaconus
1723 3426 1818 3481 per

204 3489 538 3547 ebrietatem
553 3492 812 3549 vomitum
834 3495 985 3564 facit,
1007 3514 1078 3553 ιιι.
1099 3499 1214 3556 dies
1234 3503 1512 3572 paeniteat,
1537 3504 1816 3560 abstinens

206 3596 304 3638 sex
332 3582 453 3639 dies
493 3588 777 3655 pmniteat.
820 3586 875 3642 Si
906 3604 1036 3645 vero
1074 3607 1170 3662 pro
1193 3592 1529 3663 infirmitate,
1573 3607 1666 3652 aut
1693 3598 1815 3668 quia

208 3677 371 3750 longo
400 3688 649 3750 tempore
669 3696 727 3736 se
752 3682 1094 3752 abstinuerit,
1122 3696 1178 3742 et
1206 3689 1259 3743 in
1283 3690 1679 3746 consuetudine
1710 3705 1818 3747 non

208 3774 314 3830 erit
335 3776 382 3831 ei
404 3777 633 3831 multum
661 3776 974 3844 bibere,vel
1000 3782 1354 3851 manducare,
1388 3795 1475 3840 aut
1494 3800 1605 3856 pra:
1620 3785 1817 3856 gaudio

206 3867 267 3922 in
300 3869 481 3924 natale
513 3867 750 3939 Domini,
800 3880 895 3926 aut
938 3873 991 3928 in
1039 3874 1269 3943 Pascha,
1299 3885 1392 3932 aut
1440 3892 1540 3948 pro
1586 3877 1815 3947 alicujus

202 3972 524 4017 sanctorum
571 3968 1110 4035 commemoratione,
1156 3978 1213 4024 et
1255 3978 1382 4025 tunc
1427 3970 1548 4039 plus
1584 3986 1695 4024 non
1726 3984 1819 4026 ac-

201 4057 354 4124 cepit
401 4072 563 4127 quam
619 4058 899 4115 decretum
952 4071 1035 4117 est
1078 4077 1108 4116 a
1157 4063 1485 4127 senioribus,
1528 4072 1709 4119 nocet.
1759 4064 1817 4120 Si

200 4154 503 4220 episcopus
524 4152 776 4221 jusserit,
810 4171 922 4211 non
953 4166 1116 4212 nocet
1141 4157 1240 4224 illi,
1271 4158 1375 4214 nisi
1407 4158 1524 4228 ipse
1565 4159 1817 4215 similiter

198 4240 398 4298 faciat.
423 4243 481 4300 Si
502 4245 670 4302 laicus
695 4248 871 4304 fidelis
896 4265 992 4320 per
1014 4250 1339 4308 ebrietatem
1369 4257 1631 4309 vomitum
1656 4251 1813 4321 facit,

198 4349 282 4389 xv
304 4334 425 4391 dies
447 4339 728 4408 pmniteat.
758 4342 862 4408 Qui
888 4357 1023 4398 vero
1052 4344 1355 4402 inebriatus
1386 4356 1573 4402 contra
1599 4344 1815 4401 Domini

1835 3037 1886 3097 Β
1920 3032 2103 3099 luerit,
2148 3040 2203 3087 et
2241 3044 2347 3084 non
2385 3027 2646 3099 potuerit,
2686 3040 2743 3081 ιιι
2785 3025 2945 3081 annis
2981 3026 3264 3098 paeniteat.
3308 3026 3363 3085 Si
3404 3024 3528 3102 quis

1922 3122 2117 3179 nolens
2156 3119 2509 3176 homicidium
2537 3116 2730 3174 fecerit
2757 3134 2788 3173 v
2830 3118 2990 3173 annis
3037 3120 3323 3189 poeniteat,
3353 3136 3411 3176 ιιι
3455 3136 3529 3177 ex

1920 3217 2006 3273 his
2038 3218 2091 3272 in
2119 3231 2260 3287 pane
2289 3224 2345 3270 et
2373 3228 2532 3284 aqua.
2563 3210 2623 3269 Si
2648 3212 2768 3283 quis
2792 3211 3057 3268 occiderit
3086 3213 3407 3284 episcopum
3434 3215 3523 3269 vel

1921 3310 2324 3382 presbyterum,
2368 3308 2485 3376 regi
2530 3304 2913 3361 dimittendum
2963 3312 3052 3360 est
3094 3306 3367 3375 judicare.
3423 3306 3530 3373 Qui

1919 3403 2125 3459 occidit
2152 3400 2483 3459 monachum
2514 3399 2600 3456 vel
2645 3399 2928 3465 clericum,
2966 3398 3237 3468 judicium
3279 3401 3530 3473 episcopi

1920 3505 2025 3553 est.
2072 3498 2236 3551 Arma
2278 3493 2555 3563 relinquat
2584 3502 2649 3559 et
2679 3490 2795 3547 Deo
2840 3490 3067 3558 serviat,
3110 3494 3195 3548 vel
3245 3509 3319 3549 xu
3371 3495 3527 3551 annis

1920 3590 2203 3661 poeniteat.
2237 3588 2294 3644 Si
2334 3586 2459 3657 quis
2505 3583 2769 3641 occiderit
2807 3584 3091 3641 hominem
3139 3600 3239 3656 per
3285 3587 3445 3655 iram,
3493 3606 3524 3645 x

1920 3700 2092 3739 annos
2124 3681 2404 3752 poeniteat.
2436 3678 2538 3746 Qui
2591 3692 2726 3734 vero
2758 3686 2982 3751 propter
3012 3678 3307 3736 vindictam
3352 3682 3526 3751 patris

1920 3781 2005 3835 vel
2053 3777 2261 3842 fratris,
2298 3774 2544 3832 mannis
2590 3773 2877 3846 poeniteat.
2911 3775 2970 3833 Si
3018 3780 3391 3847 composuerit
3430 3794 3525 3849 pa-

1919 3876 2190 3942 rentibus,
2241 3874 2525 3930 dimidium
2558 3872 2749 3944 spatii.
2787 3872 2849 3930 Si
2890 3874 3015 3944 quis
3056 3872 3226 3931 laicus
3263 3875 3526 3932 occiderit

1920 3970 2156 4025 alterum
2182 3967 2333 4036 odio,
2366 3966 2412 4023 si
2441 3981 2551 4021 non
2577 3965 2694 4021 vult
2719 3980 2867 4020 arma
2901 3966 3237 4038 relinquere,
3267 3983 3340 4023 vn
3368 3969 3527 4027 annis

1920 4063 2184 4133 pceniteat
2232 4061 2355 4115 sine
2398 4073 2568 4114 carne
2603 4067 2659 4114 et
2688 4059 2835 4114 vino.
2870 4058 2927 4115 Si
2956 4060 3078 4130 quis
3123 4075 3245 4114 cum
3295 4076 3423 4131 rege
3466 4063 3525 4117 in

1919 4154 2111 4225 praelio
2158 4152 2434 4209 hominem
2484 4149 2768 4217 occiderit,
2820 4166 2889 4205 χι.
2946 4150 3064 4207 dies
3116 4150 3405 4222 paeniteat.
3464 4151 3523 4207 Si

1920 4257 2093 4305 mater
2123 4246 2295 4302 filium
2320 4260 2478 4301 suum
2510 4243 2801 4312 occiderit,
2833 4260 2902 4300 xv
2926 4246 3113 4314 annis,
3143 4254 3198 4301 et
3225 4260 3523 4316 numquam

1919 4343 2099 4400 mittet
2150 4343 2252 4398 nisi
2300 4342 2389 4398 die
2434 4340 2740 4397 Dominica.
2785 4338 2847 4395 Si
2890 4341 3220 4411 paupercula
3260 4339 3525 4397 occiderit

196 4426 586 4499 interdictum,
615 4434 661 4488 si
704 4435 966 4491 vomitum
998 4438 1267 4495 satietatis
1299 4439 1572 4505 habuerit,
1612 4454 1665 4494 vr
1696 4438 1812 4495 dies
1841 4457 1886 4522 ρ
1919 4436 2093 4491 tilium
2123 4451 2302 4503 suum,
2336 4450 2410 4490 vu
2432 4434 2590 4490 annis
2612 4433 2892 4505 paeniteat.
2925 4431 2984 4489 Si
3016 4433 3137 4503 quis
3162 4432 3398 4504 aliquem
3424 4448 3520 4504 per

195 4525 475 4594 pmniteat
524 4526 579 4581 in
623 4542 783 4598 aqua,
818 4531 905 4586 vel
952 4547 1025 4586 xx
1057 4532 1177 4588 dies
1221 4535 1341 4589 sine
1375 4534 1721 4605 pinguedine.
1754 4535 1813 4591 Si

196 4616 380 4673 laicus
411 4618 533 4674 sine
578 4620 708 4677 vino
755 4636 853 4693 per
898 4626 1191 4695 nequitiam
1240 4626 1474 4683 inebriat
1510 4626 1695 4694 alium,
1743 4644 1813 4684 xl.

194 4706 329 4763 dies
378 4711 665 4780 poeniteat.
698 4712 799 4781 Qui
850 4730 946 4785 per
995 4717 1304 4774 satietatem
1346 4719 1608 4775 vomitum
1638 4720 1807 4775 facit:

200 4802 290 4856 in.
326 4805 521 4872 poenit.
567 4804 723 4861 Sicut
767 4809 1055 4876 sacrificio,
1089 4827 1161 4866 vn
1200 4812 1342 4867 dies.
1374 4811 1431 4867 Si
1478 4811 1810 4868 infirmitatis

191 4906 398 4959 causa,
447 4895 568 4955 sine
613 4911 774 4953 causa
816 4907 921 4954 est.
956 4900 1016 4956 Si
1051 4902 1174 4971 quis
1222 4901 1568 4958 homicidium
1617 4902 1813 4959 fecerit

196 4985 554 5058 episcopus,
610 5006 677 5044 xv
726 4993 883 5047 annis
940 4994 1203 5063 poeniteat
1257 5004 1312 5049 et
1367 4995 1699 5066 deponatur,
1760 5004 1816 5053 et

196 5082 432 5137 cunctis
464 5080 658 5138 diebus
688 5087 814 5140 vitae
861 5101 993 5153 suae,
1030 5087 1427 5160 peregrinando
1459 5088 1609 5143 finiat
1648 5090 1815 5145 vitam

190 5190 393 5232 suam.
439 5176 735 5249 Presbyter
780 5196 855 5235 xu
888 5183 1045 5238 annis
1094 5186 1380 5254 poeniteat,
1424 5198 1481 5239 ιιι
1528 5198 1595 5239 ex
1632 5182 1718 5239 his
1760 5184 1815 5241 in

186 5281 358 5341 pane
407 5276 465 5324 et
515 5284 653 5341 aqua
694 5272 959 5341 poeniteat
999 5282 1053 5329 et
1084 5274 1410 5345 deponatur.
1445 5276 1717 5333 Diaconos
1757 5294 1814 5345 x,

185 5375 257 5417 ιιι
306 5374 381 5415 ex
409 5359 496 5417 his
537 5362 591 5417 in
637 5378 777 5434 pane
815 5376 867 5421 et
913 5382 1071 5438 aqua.
1116 5367 1362 5426 Clericus
1406 5370 1494 5426 vel
1542 5369 1713 5425 laicus
1744 5383 1819 5425 vn

182 5454 374 5511 annis
413 5456 467 5511 in
509 5471 652 5528 pane
695 5468 753 5515 et
789 5475 948 5531 aqua,
993 5472 1049 5518 et
1093 5462 1161 5519 ad
1211 5463 1475 5522 honorem
1524 5465 1818 5522 sacerdotii

180 5548 517 5607 ascendere
544 5567 652 5607 non
683 5566 996 5622 praesumat.
1026 5558 1082 5614 Si
1114 5573 1243 5613 vero
1272 5558 1410 5615 bene
1440 5559 1618 5630 egerit
1646 5558 1822 5629 ιςωηί-

1916 4529 2052 4585 iram
2082 4528 2435 4600 percusserit,
2470 4538 2526 4582 et
2569 4525 2889 4598 sanguinem
2920 4524 3145 4594 fuderit,
3177 4533 3273 4579 aut
3320 4525 3517 4582 debili-

1915 4621 2134 4689 taverit,
2171 4621 2348 4679 solvat
2385 4620 2434 4676 ei
2472 4634 2663 4690 opera,
2694 4626 2751 4674 et
2793 4616 3062 4673 medicum
3088 4624 3319 4687 quaerat.
3363 4616 3433 4672 Et
3472 4618 3520 4673 si

1914 4716 2083 4772 laicus
2106 4725 2211 4782 est,
2240 4732 2308 4772 χι.
2334 4714 2451 4770 dies
2485 4713 2745 4783 poeniteat
2772 4713 2824 4766 in
2857 4726 2996 4782 pane
3024 4720 3080 4767 et
3117 4726 3276 4783 aqua.
3310 4710 3370 4768 Si
3403 4712 3520 4769 cle-

1914 4810 2079 4879 ricus,
2114 4809 2249 4864 duas
2279 4806 2750 4879 quadragesimas.
2778 4804 2836 4861 Si
2859 4804 3142 4873 diaconus,
3174 4820 3246 4859 vu
3273 4820 3514 4864 menses.

1912 4904 1970 4960 Si
1996 4903 2300 4974 presbyter,
2335 4916 2502 4955 unum
2533 4915 2736 4954 annum
2762 4898 3053 4967 integrum.
3093 4898 3316 4955 Parvuli
3346 4914 3407 4957 se
3436 4901 3517 4959 in-

1919 4994 2093 5049 vicem
2124 4993 2513 5063 percutientes,
2542 5006 2617 5045 vu
2642 4990 2761 5045 dies
2786 4990 3112 5061 pceniteant.
3150 4990 3207 5049 Si
3228 5007 3359 5050 vero
3388 4995 3520 5052 ado-

1922 5088 2215 5152 lescentes,
2230 5099 2301 5138 xx.
2324 5083 2461 5138 dies.
2476 5081 2534 5138 Si
2553 5082 2675 5152 quis
2699 5080 2966 5138 infantem
2986 5097 3143 5139 suum
3161 5089 3524 5158 oppresserit,

1921 5197 1980 5237 ιιι
2012 5178 2169 5235 annis
2198 5178 2483 5248 paeniteat,
2518 5190 2691 5231 unum
2721 5190 2789 5232 ex
2818 5175 2903 5233 his
2935 5176 2990 5232 in
3018 5193 3157 5249 pane
3186 5189 3239 5236 et
3270 5195 3431 5253 aqua,
3462 5192 3524 5238 et

1922 5271 2194 5329 abstineat
2225 5284 2289 5326 se
2326 5285 2357 5324 a
2388 5266 2601 5324 luxuria
2638 5276 2887 5339 tempore
2926 5272 3281 5341 ptenitentiae.
3314 5272 3371 5327 Si
3399 5272 3521 5343 quis

1925 5374 2247 5436 conceptum
2301 5360 2551 5419 mulieris
2605 5360 2906 5433 deceperit,
2957 5366 3117 5421 annis
3160 5365 3422 5435 paeniteat
3454 5382 3516 5436 ιι,

1927 5476 2093 5517 unum
2120 5459 2174 5516 in
2194 5473 2335 5530 pane
2360 5465 2415 5513 et
2436 5471 2597 5527 aqua.
2622 5455 2679 5513 Si
2708 5472 2813 5528 qua
2841 5458 3037 5515 mulier
3052 5459 3303 5516 abortum
3330 5459 3521 5515 volun-

1929 5555 2063 5610 tarie
2097 5553 2309 5621 fecerit,
2341 5567 2400 5608 ιιι
2430 5564 2602 5606 annos
2629 5548 2912 5622 poeniteat.
2957 5551 3015 5607 Si
3057 5552 3273 5619 nolens,
3302 5566 3360 5606 ιιι
3386 5567 3524 5623 qua-

182 5642 475 5713 tentiam,
513 5648 923 5705 reconcilietur.
959 5651 1094 5707 Item
1131 5652 1177 5708 si
1207 5653 1328 5723 quis
1360 5653 1426 5708 ad
1466 5652 1821 5707 homicidium
1928 5648 2284 5719 dragesimas.
2317 5645 2571 5702 Mulieres
2588 5661 2710 5717 quae
2731 5646 3089 5717 fornicamur,
3115 5656 3167 5703 et
3189 5656 3373 5719 partus
3396 5662 3526 5703 suos

179 5740 528 5801 faciendum
559 5746 923 5812 consenserit,
975 5757 1028 5803 et
1071 5747 1273 5803 factum
1308 5747 1492 5814 fuerit,
1540 5764 1614 5803 vn
1664 5748 1823 5802 annis
1929 5752 2153 5814 necant,
2186 5750 2242 5812 et
2279 5740 2386 5796 illa:
2416 5753 2536 5809 qua:
2559 5748 2745 5810 agunt,
2793 5748 2853 5795 ut
2890 5750 3186 5811 conceptos
3224 5740 3528 5809 excutiant,

179 5831 507 5913 paeniteat,
557 5845 666 5891 tres
698 5850 764 5889 ex
792 5836 873 5891 eis
902 5837 956 5891 in
988 5854 1126 5907 pane
1154 5848 1208 5895 et
1238 5853 1396 5909 aqua.
1430 5836 1490 5896 Si
1513 5847 1698 5895 autem
1726 5852 1823 5894 γοα
1851 5820 1905 5883 Ῑ)
1931 5836 2141 5910 antiqui
2184 5835 2586 5898 consuluerunt
2620 5849 2792 5908 usque
2834 5834 2899 5892 ad
2948 5835 3152 5893 exitum
3198 5833 3354 5900 vitzc;
3387 5845 3533 5892 nunc

557 5935 840 6000 PATROL.
888 5933 1105 6003 XXX.

2938 5928 3011 5989 Ut»
