4050 6198
457 219 563 278 4Ξι7

1501 209 1560 263 s.
1603 174 1985 263 HlERONYMi
2025 200 2310 262 OPERUM
2348 197 2712 258 MANTISSA.

3659 194 3768 256 428

458 349 591 390 vero
622 333 916 396 humanius
944 328 1226 386 definitum
1252 331 1360 394 est,
1391 331 1452 380 ut
1480 339 1515 376 ι
1547 323 1706 378 annis
1735 321 2053 390 pmniteant.
2085 322 2139 380 Α
2163 333 2284 372 cum
2333 331 2396 370 ea
2429 330 2590 385 quam
2628 314 2881 370 dominus
2927 312 3146 385 reliquit
3174 326 3348 370 uxore
3388 312 3763 378 fornicaverit,

457 429 654 482 Mulier
680 443 800 496 qua:
824 422 1078 490 concipit,
1098 427 1150 474 et
1178 416 1375 472 occidit
1407 405 1577 470 filium
1610 430 1765 468 suum
1791 413 1845 467 in
1877 420 2055 480 utero,

466 530 596 575 ante
627 537 692 575 tu.
721 519 838 572 dies
865 528 1026 570 unum
1055 525 1256 568 annum
1283 509 1563 582 pmoiteat.
1597 507 1653 560 Si
1685 516 1804 576 post
1825 504 2061 576 quadra—

465 614 610 682 ginta
639 612 775 676 dies,
802 615 859 660 ut
889 602 1244 660 homicidium
1277 599 1437 656 debet
1465 599 1754 668 paenitere.
1785 597 1950 651 Pater
1971 604 2061 650 aut

468 713 640 758 mater
668 700 760 771 qui
810 707 968 753 necat
1014 695 1181 750 tilium
1229 709 1385 749 suum
1433 701 1559 746 ante
1607 690 1960 760 baptismum,
2007 704 2059 744 ιιι

467 807 638 848 annos
664 790 943 860 poeniteat,
974 787 1067 844 sed
1095 802 1217 841 cum
1251 784 1497 841 consilio.
1529 783 1696 854 Cujus
1721 781 1934 854 parvuli
1966 794 2063 851 per

469 887 849 959 negligentiam
899 885 1018 937 sine
1059 880 1334 954 baptismo
1384 879 1716 944 moriuntur,
1754 877 1808 932 in
1841 891 1982 947 pane
2010 884 2065 930 et

466 997 602 1052 aqua
643 995 701 1034 ιιι
747 978 928 1032 annis.
983 974 1188 1040 Infans,
1224 973 1493 1038 infirmus,
1537 979 1592 1027 et
1638 984 1878 1043 paganus
1915 984 2061 1024 com-

469 1073 753 1130 mendatus
813 1068 1130 1142 presbytero
1200 1065 1247 1122 si
1302 1067 1536 1122 moritur
1591 1064 1709 1119 sine
1760 1061 2060 1132 baptismo,

468 1167 758 1239 presbyter
806 1166 1134 1234 deponatur.
1190 1161 1257 1216 Et
1309 1161 1354 1216 si
1405 1159 1732 1229 negligentia
1780 1165 2062 1227 parentum

469 1260 650 1328 fuerit,
684 1277 698 1315 ι
727 1273 873 1314 anno
896 1258 1178 1326 pteniteat.
1213 1255 1268 1312 Si
1299 1255 1419 1325 quis
1442 1254 1722 1324 quodlibet
1763 1251 2064 1307 membrum

468 1354 567 1410 sibi
600 1353 908 1408 voluntarie
954 1348 1206 1414 abscidit,
1253 1364 1310 1404 ut
1340 1348 1622 1418 poeniteat,
1675 1361 1692 1401 ι
1734 1345 1786 1400 in
1836 1359 1974 1413 pane
2017 1355 2068 1396 et

469 1464 628 1516 aqua.
675 1443 942 1507 Euam-bi,
998 1445 1038 1495 si
1094 1441 1162 1496 ab
1210 1440 1332 1494 aliis
1385 1438 1522 1494 facta
1573 1437 1796 1506 fuerint,
1853 1450 2070 1516 promo-

470 1549 702 1594 veantur
734 1538 786 1591 in
818 1538 967 1592 clero
995 1553 1008 1589 :
1040 1535 1085 1590 si
1109 1544 1259 1590 certe
1291 1549 1348 1588 se
1380 1531 1735 1597 absciderint,
1755 1529 2070 1586 nullatenus

474 1641 924 1700 promoveantur.
960 1629 1025 1683 Et
1078 1628 1124 1683 si
1156 1626 1447 1698 presbyter
1480 1622 1797 1688 absciderit,
1831 1621 2071 1692 depona-

2165 410 2455 482 cpiscopus
2480 424 2556 464 xu
2587 408 2746 464 annis
2775 405 3054 478 pmniteat,
3086 423 3146 464 ιιι
3179 409 3233 462 in
3265 422 3406 477 pane
3436 417 3493 463 et
3518 421 3683 478 aqua,
3713 415 3770 464 et

2163 519 2193 557 a
2225 503 2611 558 communione
2639 502 2903 572 privetur.
2936 501 3233 574 Presbyter
3254 518 3352 568 xu.
3383 517 3442 558 ιιι
3493 515 3563 559 ex
3596 501 3681 558 his
3708 501 3762 558 in

2164 611 2304 668 pane
2331 605 2387 652 et
2431 612 2589 668 aqua.
2625 596 2898 653 Diaeonus
2923 608 2976 654 et
3016 597 3320 652 monachus
3359 613 3431 653 vu
3461 598 3622 652 annis
3656 609 3764 668 po)-

2166 667 2353 759 niteat,
2387 707 2442 746 ιιι
2473 667 2539 746 ex
2573 690 2658 748 bis
2685 691 2739 746 in
2784 705 2923 760 pane
2949 699 3006 746 et
3029 706 3192 761 aqua.
3225 689 3471 746 Clericus
3514 699 3570 745 ct
3599 667 3771 746 laicus

2164 803 2228 852 v;
2268 802 2306 842 ιι
2337 801 2402 840 ex
2456 785 2537 838 his
2568 783 2620 838 iu
2654 799 2793 854 pane
2831 793 2887 840 et
2925 798 3085 855 aqua,
3131 792 3190 840 et
3237 784 3306 840 ab
3334 784 3545 840 honore
3589 800 3771 840 sacer-

2165 880 2302 938 dotii
2351 881 2655 950 priventur.
2707 879 2766 935 Si
2803 880 2927 950 quis
2967 893 3091 936 cum
3123 879 3495 950 quadrupedia
3539 880 3771 936 fornica-

2167 974 2326 1039 verit,
2359 974 2742 1043 episc0pusxu
2775 973 2933 1028 anuis
2964 975 3244 1042 pmoiteat,
3278 989 3335 1028 ιιι
3359 987 3422 1029 ex
3445 973 3530 1052 his
3553 976 3606 1028 in
3635 988 3772 1044 pane

2169 1076 2224 1123 et
2250 1082 2412 1137 aqua,
2442 1078 2495 1121 et
2523 1067 2850 1136 deponatur.
2881 1065 3180 1137 Presbyter
3216 1083 3245 1121 ιι
3282 1066 3466 1130 annis,
3500 1084 3560 1123 ιιι
3589 1085 3656 1124 ex
3687 1067 3772 1123 his

2168 1161 2220 1215 in
2251 1175 2390 1230 pane
2435 1169 2488 1215 et
2516 1175 2675 1230 aqua,
2709 1173 2762 1214 et
2790 1159 3123 1229 deponatur.
3171 1160 3436 1216 Diaconus
3479 1172 3532 1216 et
3583 1177 3772 1215 mona-

2169 1254 2303 1310 chus
2335 1270 2438 1320 vu;
2473 1270 2532 1310 ιιι
2558 1270 2624 1309 ex
2658 1253 2741 1308 his
2772 1254 2825 1309 in
2856 1268 2997 1322 pane
3043 1263 3099 1308 et
3129 1269 3287 1323 aqua,
3335 1263 3387 1308 et
3436 1253 3767 1324 deponatur.

2169 1350 2416 1405 Clericus
2439 1361 2492 1403 et
2520 1350 2696 1405 laicus
2726 1365 2804 1415 ιιι,
2838 1366 2852 1404 ι
2883 1365 2948 1404 ex
2981 1353 3064 1404 his
3094 1349 3149 1404 in
3181 1364 3317 1418 pane
3345 1357 3400 1404 et
3423 1364 3584 1419 aqua,
3618 1357 3678 1403 et
3704 1348 3772 1403 ad

2171 1443 2464 1500 sacerdotii
2516 1443 2746 1512 gradum
2781 1458 2891 1498 non
2941 1442 3224 1498 accedant.
3259 1441 3317 1498 Si
3349 1443 3466 1509 quis
3510 1443 3775 1512 concupi-

2173 1552 2334 1592 scens
2367 1535 2653 1602 fornicari,
2683 1544 2741 1592 et
2780 1552 2888 1591 non
2922 1536 3180 1604 potuerit,
3209 1545 3302 1590 aut
3330 1534 3523 1591 mulier
3553 1551 3661 1590 non
3695 1534 3779 1589 di-

2177 1628 2411 1694 miserit,
2444 1627 2737 1698 episcOpus
2767 1643 2839 1683 vit
2879 1627 3036 1683 annis
3069 1628 3364 1698 paeniteat:
3400 1627 3688 1698 presbyter
3712 1644 3776 1693 v;

478 1737 584 1777 tur.
644 1724 698 1778 Si
751 1723 874 1802 quis
915 1721 1168 1776 ducatum
1223 1719 1432 1792 przcbet-
1479 1717 1748 1788 barbaris,
1799 1731 1884 1768 xw
1917 1713 2073 1768 annis
2107 1703 2150 1762 Β
2177 1722 2440 1780 diaconus
2467 1733 2526 1779 ει
2553 1722 2880 1787 monachus,
2908 1739 2998 1789 μη
3031 1739 3142 1778 ,εχ
3170 1721 3258 1776 his
3282 1723 3338 1777 in
3367 1737 3507 1792 Pam
3529 1733 3584 1776 ex
3610 1736 3772 1792 aqua.

478 1820 762 1887 prettiteat.
799 1817 857 1871 Si
892 1825 1071 1868 tamen
1112 1828 1218 1868 non
1257 1811 1520 1868 occiderit
1564 1821 1776 1878 strages
1810 1809 2076 1862 Christia-

477 1924 670 1965 norum
698 1927 710 1962 :
743 1908 826 1962 sin
851 1914 1054 1972 autem,
1089 1903 1293 1961 relictis
1321 1903 1509 1970 armis,
1542 1917 1713 1971 usque
1743 1899 1808 1955 ad
1839 1901 2071 1955 martem"

474 2005 676 2060 mundo
707 2009 953 2056 mortuus
986 2001 1104 2062 Deo,
1121 2001 1285 2055 vivat.
1312 1999 1368 2055 Si
1396 1998 1514 2069 quis
1549 1997 1899 2052 fornicavcrit
1929 1997 2075 2051 sicut

479 2094 776 2153 Sodomita:
807 2093 1076 2155 fecerunt,
1110 2093 1406 2162 episc0pus
1438 2106 1504 2144 xv
1536 2090 1693 2144 annis
1725 2089 2009 2158 paeniteat,
2041 2104 2073 2142 v

478 2205 543 2243 ex
575 2187 654 2241 his
676 2186 726 2239 in
759 2195 900 2256 pane
917 2193 971 2239 et
996 2195 1156 2250 aqua,
1187 2191 1240 2238 et
1265 2182 1333 2236 ab
1352 2182 1496 2236 omni
1525 2179 1708 2235 officio
1728 2179 2070 2250 deponatur:

476 2279 877 2352 peregrinando
908 2277 1056 2333 finiat
1094 2277 1212 2334 dies
1259 2277 1386 2332 vita:
1415 2292 1550 2331 sum.
1585 2271 1640 2332 Si
1687 2284 1868 2330 autem
1900 2265 2069 2330 senex

478 2375 668 2444 fuerit,
707 2382 801 2430 aut
830 2388 995 2444 mser,
1039 2371 1378 2436 carceribus,
1411 2369 1652 2425 tenebris
1682 2369 1930 2425 reclusus
1963 2382 2075 2438 ιω-

479 2470 649 2522 niteat
677 2464 936 2521 omnibus
961 2463 1158 2519 diebus
1179 2463 1306 2517 vitro
1332 2477 1465 2517 sum.
1489 2461 1784 2532 Presbyter
1800 2475 1875 2516 xu
1902 2471 2076 2515 annos

483 2563 765 2630 patuiteat,
801 2574 837 2614 ιι
881 2567 944 2614 ex
991 2559 1076 2612 his
1121 2559 1172 2611 in
1202 2571 1341 2630 pane
1372 2565 1426 2612 ct
1454 2570 1610 2626 aqua,
1650 2565 1706 2611 ct
1751 2552 2073 2623 deponatur.

485 2655 755 2709 Diaconos
784 2660 840 2707 et
870 2651 1167 2706 monachus
1205 2665 1278 2704 vu
1317 2663 1493 2706 annos
1522 2649 1806 2719 paeniteat,
1834 2664 1870 2703 ιι
1897 2663 1966 2706 ex
1992 2648 2079 2704 bis

481 2751 536 2803 in
567 2763 702 2819 pane
730 2755 786 2802 et
816 2760 976 2816 aqua,
1004 2751 1060 2799 et
1089 2743 1420 2812 deponatur.
1444 2741 1854 2813 Peregrinando
1885 2742 2082 2796 finiant

483 2843 645 2898 vitam
684 2855 860 2896 suam.
897 2837 1142 2892 Clericus
1167 2845 1221 2891 et
1252 2836 1422 2892 laicus
1464 2853 1496 2891 ιι
1526 2835 1684 2892 ann‘is
1717 2837 2078 2904 pmniteant,t

485 2952 552 2991 cx
587 2936 668 2988 his
695 2933 748 2987 in
797 2945 933 3000 pane
963 2938 1018 2983 et
1057 2942 1216 2999 aqua.
1250 2927 1314 2982 Hi
1345 2942 1507 3000 supra
1545 2929 1732 2997 scripti
1777 2942 2078 2996 numquam

485 3049 607 3092 cum
626 3031 749 3098 aliis
771 3023 1069 3096 dormiant,
1092 3039 1143 3082 et
1167 3027 1233 3082 ad
1265 3027 1794 3097 sacerdotiigradum
1820 3026 2082 3082 accedere

2178 1816 2422 1872 Clericus
2461 1826 2517 1872 et
2560 1817 2728 1872 laicus
2767 1833 2804 1873 ιι
2849 1818 3006 1872 annis
3049 1815 3374 1888 pceniteant.
3420 1816 3475 1873 Si
3519 1817 3639 1887 quis
3680 1832 3778 1886 per

2121 1941 2128 1948 ι
2176 1907 2537 1980 semctipsdm
2579 1909 2921 1982 qnecttmque'
2975 1909 3195 1981 ingenio
3239 1909 3623 1978 fornicavcrit,
3668 1909 3781 1977 epi—

2175 2017 2376 2073 scopus
2416 2019 2472 2058 ιιι
2505 2004 2658 2058 annis
2688 2003 2971 2074 pteniteat,
3006 2020 3021 2058 ι
3060 2019 3129 2060 ex
3161 2001 3244 2058 his
3270 2005 3322 2058 in
3354 2018 3494 2075 pane
3523 2012 3579 2058 et
3616 2018 3778 2073 aqua.

2179 2095 2451 2150 Diacmtus
2482 2107 2536 2151 et
2569 2097 2864 2152 monachus
2896 2113 2932 2161 t,
2967 2097 3262 2170 Presbyter
3292 2113 3352 2164 ιι,
3397 2095 3684 2152 dimidium
3716 2111 3783 2152 ex

2179 2185 2262 2241 his
2294 2187 2348 2243 in
2385 2203 2523 2258 pane
2549 2187 2608 2244 et
2637 2205 2798 2261 aqua.
2831 2187 3078 2245 Clericus
3104 2199 3164 2245 et
3189 2188 3360 2245 laicus
3388 2187 3697 2244 dimidium.
3717 2189 3789 2244 Et

2179 2280 2225 2336 si
2251 2281 2445 2338 iterum
2478 2290 2642 2352 atque
2670 2284 2866 2338 iterum
2890 2284 2971 2338 eis
2992 2282 3306 2352 contigerit,
3332 2297 3360 2335 a
3393 2281 3783 2336 communione

2179 2378 2461 2448 priventur
2498 2390 2644 2433 anno
2689 2393 2816 2432 uno.
2845 2377 2948 2446 Qui
2995 2389 3117 2432 cum
3158 2377 3451 2448 pecoribus
3497 2375 3713 2441 coierit,
3747 2391 3782 2430 x

2180 2486 2354 2538 annos
2392 2471 2678 2542 pretiiteat.
2729 2463 3029 2525 Monachus
3079 2469 3497 2526 fornicationem
3549 2465 3779 2536 faciens,

2181 2580 2255 2624 tm
2281 2580 2452 2619 annos
2482 2559 2766 2633 poeniteat.
2795 2562 2850 2619 Si
2883 2563 2938 2618 in
2965 2562 3285 2630 femoribus,
3330 2580 3391 2619 ιιι
3422 2561 3563 2633 quod
3589 2569 3785 2633 agunt.

2183 2659 2239 2716 Si
2284 2657 2546 2730 parvulus
2581 2669 2880 2726 oppressus
2921 2657 3044 2722 talia
3085 2657 3310 2725 patitur,
3354 2671 3421 2711 ιιι,
3457 2655 3575 2709 dies
3611 2654 3789 2725 pteni-

2182 2765 2312 2811 teat.
2346 2753 2442 2810 Vel
2471 2752 2715 2823 psalmis,
2750 2750 2837 2805 vel
2868 2751 3205 2806 continentia
3237 2751 3551 2821 castigetur.
3575 2748 3631 2802 Si
3666 2749 3790 2815 quis

2183 2855 2408 2914 uxorem
2439 2859 2591 2900 suam
2624 2844 2897 2900 invenerit
2927 2843 3307 2910 adulteratam,
3340 2851 3395 2898 et
3422 2857 3530 2898 non
3564 2839 3679 2895 vult
3707 2839 3792 2896 (1'-

2185 2941 2401 2995 mittere
2449 2953 2593 3004 eam,
2628 2937 2722 2994 sed
2770 2937 2826 2992 in
2875 2936 3226 2996 matrimonio
3273 2933 3498 2998 habere,
3549 2950 3586 2989 ιι
3633 2931 3791 2988 annis

2187 3035 2475 3106 poeniteat,
2509 3042 2563 3087 et
2600 3030 2824 3088 dimittit
2861 3047 2966 3100 pro
3015 3045 3075 3086 se
3117 3045 3360 3094 servum.
3403 3038 3494 3084 aut
3534 3027 3790 3092 ancillam

490 3139 782 3197 numquam
819 3128 1172 3190 przesumant.
1198 3120 1371 3174 Annis
1397 3119 1732 3190 poenitentia:
1760 3134 1872 3174 sua:
1900 3134 1930 3173 a
1956 3120 2083 3174 vino
2111 3096 2155 3158 (ἶ
2190 3128 2500 3197 ingenuam,
2549 3124 2618 3180 Et
2663 3140 2763 3196 pro
2793 3121 2914 3178 aliis
2958 3122 3171 3177 duobus
3202 3121 3363 3176 annis
3411 3121 3794 3189 etecmosynns

489 3226 545 3273 et
569 3232 734 3272 carne
774 3213 1104 3267 abstineant.
1137 3208 1382 3282 Excepto
1419 3211 1464 3265 si
1497 3201 1783 3266 infirmitas
1807 3209 2084 3275 acciderit,
2111 3209 2114 3213 ’

492 3323 666 3378 usque
696 3305 762 3361 ad
792 3304 1192 3376 reparatimzetu
1237 3305 1503 3360 solvatur.
1537 3302 1986 3360 Communionem
2033 3306 2086 3361 in

495 3389 655 3459 finem
680 3401 806 3456 vitae
831 3401 1164 3456 mereantur.
1192 3398 1245 3456 Si
1278 3410 1459 3466 autem
1503 3398 1643 3454 bene
1675 3398 1888 3470 egerint
1915 3401 2085 3468 panti-

495 3495 741 3561 tentiam,
770 3492 1195 3550 reconcilientur
1222 3491 1365 3548 ctad
1393 3491 1859 3562 communionem.
1888 3491 1944 3546 Si
1969 3492 2090 3562 quis

494 3588 616 3646 eum
662 3585 775 3644 Deo
823 3591 1032 3643 sacrata
1066 3585 1437 3654 fornicaverit,
1485 3587 1776 3658 episcopus
1817 3602 1887 3641 xv
1935 3585 2092 3640 annis

496 3682 782 3756 pecnit‘eat,
813 3698 842 3733 v
871 3696 939 3735 ex
968 3679 1052 3734 his
1081 3680 1133 3734 in
1165 3694 1303 3748 pane
1332 3688 1387 3734 et
1417 3694 1574 3746 aqua,
1601 3690 1653 3732 et
1689 3677 2015 3747 deponatur,
2040 3687 2095 3733 et

498 3790 794 3846 numquam
839 3774 905 3828 ad
951 3771 1218 3827 honorem
1247 3769 1543 3827 sacerdotii
1571 3781 1904 3827 revertatur.
1934 3763 2094 3827 Pres-

497 3872 655 3943 byter
684 3882 756 3922 xu
781 3864 937 3920 annis
974 3861 1254 3935 poeniteat,
1287 3863 1346 3918 ui
1371 3879 1436 3919 ex
1467 3863 1552 3919 bis
1599 3861 1652 3920 in
1687 3880 1823 3934 pane
1851 3850 1907 3920 et
1934 3880 2092 3935 aqua,

500 3955 557 4017 ei
585 3961 908 4029 deponatur.
941 3953 1219 4012 Diacouus
1249 3966 1303 4012 et
1337 3953 1642 4012 monachus
1670 3969 1741 4011 vtt
1781 3957 1952 4012 annus
1984 3973 2099 4027 ta).

501 4049 733 4118 niteant,
766 4068 821 4108 ut
849 4066 914 4107 ex
958 4049 1045 4104 his
1075 4048 1126 4104 in
1160 4065 1297 4124 pane
1328 4058 1382 4105 et
1420 4065 1590 4122 aqua,
1629 4059 1683 4106 et
1721 4051 1789 4107 ad
1827 4050 2094 4127 honorem

500 4145 795 4205 sacerdotii
832 4159 1124 4214 numquam
1157 4143 1441 4199 aeccdant.
1475 4132 1604 4198 Post
1629 4153 1804 4198 actam
1832 4143 2101 4215 paenitet»

505 4241 632 4298 tiam
675 4239 740 4293 ad
773 4235 1214 4293 comrhunionem
1249 4236 1698 4292 reconcilientur.
1733 4235 1793 4293 Si
1823 4238 1946 4308 quis
1977 4254 2098 4292 cum

504 4339 676 4391 matre
708 4331 958 4400 fornicat,
992 4347 1064 4386 xu
1096 4329 1252 4385 annis
1297 4330 1576 4400 pmniteat,
1611 4332 1775 4386 etiam
1805 4348 2098 4403 numquam

504 4425 890 4493 communicet,
922 4423 1024 4479 nisi
1059 4431 1267 4477 tantttm
1297 4417 1487 4478 diebus
1521 4422 1834 4478 Dominicis.
1879 4423 1937 4480 Si
1981 4426 2102 4495 quis

506 4523 628 4578 cum
663 4534 832 4574 uxore
857 4516 1088 4572 alterius
1119 4514 1467 4571 fornicaverit
1497 4517 1809 4588 episeopns,
1843 4534 1915 4573 xu
1947 4518 2106 4576 annis
2136 4497 2184 4558 Ῐ)

510 4613 795 4682 poeniteat,
826 4624 881 4663 ιιι
905 4623 970 4665 ex
994 4607 1078 4662 his
1107 4610 1158 4662 in
1192 4625 1328 4677 pane
1351 4619 1401 4663 et
1432 4624 1590 4678 aqua.
1621 4607 1682 4663 iii
1706 4624 1871 4681 supra
1894 4611 2101 4683 scripti,

428 4710 439 4722 ‘
512 4724 538 4759 a
572 4701 957 4759 cOtnmuuione
1000 4701 1319 4772 priventur:
1359 4711 1482 4771 post.
1513 4712 1688 4758 actam
1729 4701 2102 4774 panitentiatn

511 4795 955 4854 reconcilientur.
1003 4794 1135 4849 Nam
1170 4795 1235 4848 ad
1269 4792 1563 4850 sacerdotii
1601 4795 1800 4867 gradus
1843 4797 2108 4855 accedere

515 4903 805 4958 numquam
840 4883 1270 4958 praesumant.Si
1296 4885 1417 4956 quis
1443 4903 1566 4942 cum
1588 4887 1771 4958 vidua,
1794 4900 1882 4944 aut
1909 4907 2105 4960 sponsa

511 4979 738 5035 alterius
771 4981 1137 5048 fornicavcrit',
1180 4982 1469 5052 cpiscopus
1512 4997 1585 5037 xu
1628 4981 1782 5038 annis
1824 4984 2100 5055 poe'niteat,

513 5089 570 5130 ιιι
599 5089 660 5130 es
693 5071 776 5127 his
803 5072 859 5126 in
891 5089 1027 5143 pane
1058 5083 1114 5129 et
1143 5090 1310 5146 aqua:
1337 5083 1389 5129 et
1409 5057 1712 5147 deponatur
1738 5065 1794 5132 et
1822 5078 2106 5150 episcopus

514 5177 568 5223 ct
596 5165 899 5239 presbyter.
933 5164 1180 5221 Clericus
1207 5177 1261 5222 et
1291 5165 1464 5222 laicus
1493 5185 1526 5221 v
1555 5168 1712 5223 annis
1742 5170 2026 5240 poeniteat,
2071 5189 2106 5229 ιι

513 5269 579 5318 ex
609 5249 696 5316 bis
725 5260 779 5314 in
813 5258 950 5330 pane
990 5267 1044 5314 et
1081 5257 1242 5330 aqua,
1274 5269 1326 5315 et
1358 5274 1386 5313 a
1416 5262 1804 5318 communione
1841 5263 2106 5334 privetur,

523 5359 579 5411 et
607 5371 636 5410 a
666 5365 822 5409 sacro
853 5351 1067 5407 ordine.
1101 5351 1159 5408 Si
1191 5352 1311 5422 quis
1341 5365 1464 5408 cum
1493 5363 1744 5423 cognata,
1773 5353 1862 5410 aut
1890 5371 2106 5428 sorore,

513 5451 597 5506 vel
628 5455 804 5504 matre‘
829 5445 1202 5513 fornicaveril,
1231 5445 1521 5518 episcopus
1544 5464 1611 5503 xv
1632 5451 1787 5506 annis
1815 5451 2106 5522 pmniteq;

516 5541 803 5615 presbyter
829 5557 903 5598 ιιιι
934 5529 1116 5607 annis,
1145 5535 1411 5596 diaconus
1441 5547 1498 5596 et
1527 5539 1829 5600 monachus
1861 5561 1910 5614 ιι,
1946 5545 2108 5600 cleri-

512 5645 610 5689 eus
639 5647 693 5689 et
743 5635 917 5690 laicus
946 5648 1020 5689 vn
1051 5649 1066 5690 :
1113 5649 1304 5692 omnes
1347 5633 1402 5690 hi
1446 5631 1500 5690 in
1533 5649 1671 5706 pane
1706 5646 1761 5692 et
1790 5653 1949 5710 aqua,
1997 5650 2051 5695 et
2081 5655 2110 5693 a

517 5728 898 5784 communione
930 5727 1233 5800 priventur,
1278 5739 1333 5787 et
1380 5743 1407 5784 a
1441 5743 1598 5788 sacro
1643 5729 1853 5791 ordine.
1888 5732 1944 5790 Si
1996 5734 2115 5806 quis

2189 3219 2372 3274 faciat.
2408 3218 2475 3273 Et
2505 3229 2621 3289 post
2655 3233 2725 3272 vn
2759 3215 2938 3283 annis,
2981 3210 3188 3285 judicio
3217 3213 3519 3272 sacerdotis
3547 3227 3796 3267 commu-

2191 3312 2359 3368 nicet.
2403 3298 2509 3366 Aut
2536 3309 2797 3382 quamdiu
2825 3309 2914 3364 illa
2948 3306 3230 3380 petiiteat,
3277 3323 3310 3364 a
3351 3305 3705 3363 matrimonio
3735 3319 3798 3360 se

2193 3402 2487 3459 abstineat.

2549 3489 2553 3494 ’
2822 3479 2898 3536 De
2920 3481 3173 3554 perjurio.
3439 3550 3446 3558 _

2266 3597 2322 3656 Si
2349 3598 2471 3669 quis
2498 3583 2802 3668 periurium
2834 3595 3056 3664 fecerit,
3082 3587 3372 3668 cpiscopus
3394 3590 3652 3658 mannis
3681 3604 3802 3663 pm-

2197 3693 2390 3759 niteat,
2423 3705 2482 3746 ιιι
2511 3707 2575 3745 ex
2609 3689 2693 3744 bis
2727 3690 2778 3744 in
2815 3703 2953 3760 pane
2983 3697 3034 3743 et
3059 3701 3220 3758 aqua.
3253 3685 3546 3758 Presbyter
3572 3701 3626 3752 ι,
3651 3699 3712 3738 ιιι
3735 3699 3806 3739 ex

2198 3785 2285 3842 his
2315 3785 2367 3839 in
2399 3799 2538 3856 pane
2561 3792 2612 3839 et
2643 3798 2778 3853 aqua
2803 3823 2817 3848 ,
2851 3791 2903 3838 et
2933 3779 3240 3852 deponatur
3284 3792 3457 3850 usque
3487 3777 3614 3832 dum
3654 3791 3807 3832 com-

2199 3879 2348 3947 pleat
2377 3876 2781 3954 pmnitentiam,
2823 3884 2878 3930 et
2915 3871 3317 3938 reconcilietur.
3359 3867 3600 3926 Clericus
3628 3885 3660 3922 v
3702 3884 3805 3935 an-

2200 3972 2303 4038 nis,
2333 3987 2369 4027 u
2393 3985 2456 4025 ex
2487 3969 2572 4023 his
2595 3961 2648 4023 in
2675 3981 2811 4038 pane
2841 3975 2894 4022 et
2923 3981 3082 4037 aqua.
3112 3964 3309 4020 Laieus
3337 3978 3393 4018 ιιι
3417 3961 3595 4030 annis,
3618 3976 3684 4017 ex
3719 3959 3808 4016 his

2201 4066 2255 4121 in
2285 4081 2425 4137 pane
2456 4074 2511 4120 et
2543 4078 2710 4136 aqua,
2746 4079 2781 4117 ι.
2807 4061 2861 4119 Si
2893 4062 3017 4132 quis
3047 4068 3266 4116 coactus
3295 4057 3536 4130 qualibet
3564 4055 3804 4112 necessi-

2205 4167 2313 4214 tate
2349 4168 2442 4214 aut
2480 4159 2728 4215 nesciens
2767 4153 3124 4226 periuraverit
3152 4198 3165 4221 ,
3201 4167 3258 4206 ιιι
3304 4150 3463 4206 annis
3506 4149 3805 4220 paeniteat,

2205 4269 2221 4308 ι
2252 4270 2318 4310 ex
2362 4255 2446 4310 his
2476 4254 2528 4310 in
2559 4266 2698 4323 pane
2729 4258 2784 4305 et
2821 4263 2980 4319 aqua.
3013 4245 3067 4302 Si
3109 4245 3278 4299 laicus
3321 4258 3417 4314 per
3454 4239 3808 4312 cupiditati!!!

2207 4348 2472 4420 perjurat.
2506 4356 2646 4402 totas
2669 4359 2756 4399 res
2790 4355 2920 4396 suas
2949 4337 3148 4396 vendat
3178 4379 3192 4405 ,
3225 4347 3281 4393 et
3311 4336 3402 4392 det
3433 4332 3762 4404 pauperibus
3790 4373 3808 4398 ,

2210 4451 2267 4498 et
2302 4453 2600 4496 conversus
2640 4438 2692 4492 in
2741 4433 3078 4491 monasterio
3113 4444 3285 4504 usque
3314 4427 3380 4484 ad
3413 4435 3645 4483 mortem
3684 4438 3812 4482 ser-

2213 4533 2324 4588 viat
2355 4531 2488 4586 Deo.
2517 4529 2573 4585 Si
2605 4528 2732 4583 dum
2755 4541 2854 4599 per
2879 4523 3250 4594 cupiditatem,
3281 4519 3477 4575 anima:
3499 4533 3593 4574 seu
3619 4516 3814 4572 mortis

2214 4626 2513 4698 periculum
2544 4623 2793 4686 incurrit,
2829 4635 2880 4676 tv
2908 4618 3064 4674 annis
3097 4613 3322 4672 inermis
3359 4611 3514 4670 exsul
3552 4611 3818 4684 pmniteat

2216 4721 2268 4774 in
2293 4733 2430 4789 pane
2461 4726 2513 4772 et
2548 4731 2680 4787 aqua
2701 4757 2714 4782 ,
2746 4724 2798 4768 et
2828 4711 3096 4767 abstineat
3127 4723 3184 4776 se
3230 4723 3258 4760 a
3286 4704 3453 4762 carne
3493 4713 3551 4760 et
3580 4705 3726 4759 vino.
3759 4703 3816 4758 Si

2215 4815 2338 4886 quis
2365 4809 2632 4882 virginem
2663 4806 2926 4878 rapuerit,
2952 4819 3007 4860 ιιι
3033 4801 3188 4858 annis
3216 4799 3536 4874 pteniteam
3561 4812 3628 4852 ex
3649 4795 3732 4851 his
3763 4795 3816 4849 in

2218 4919 2355 4976 pane
2381 4913 2435 4959 et
2462 4917 2622 4973 aqua.
2659 4899 2715 4956 Si
2745 4899 2867 4972 quis
2893 4911 3045 4954 more
3067 4901 3412 4968 peccatorum
3441 4905 3563 4945 cum
3593 4887 3820 4959 ιιι-θρίω.

2213 5013 2322 5069 qua
2376 4995 2658 5066 sanguinis
2705 5008 2800 5050 sua
2844 4989 3097 5061 inemptis
3138 4986 3341 5060 nuptiis
3368 4982 3640 5063 conjuncti
3685 4989 3822 5035 sunt

2217 5099 2343 5144 ante
2363 5087 2687 5159 vigesimum
2713 5086 2888 5141 aetatis
2911 5100 3020 5139 suze
3043 5097 3267 5150 annum,
3297 5095 3329 5135 ι
3353 5077 3507 5132 annis
3533 5071 3820 5148 poeniteat;

2217 5182 2426 5237 exactis
2476 5178 2815 5235 orationibus
2865 5186 3070 5232 tantum
3130 5173 3352 5244 incipiat
3405 5163 3821 5225 communicari.

2219 5271 2352 5330 Post
2377 5271 2692 5343 vigesimum
2724 5286 2925 5327 annum
2957 5283 3107 5337 vero,
3139 5267 3206 5323 ad
3235 5260 3673 5321 communionem
3696 5273 3824 5314 cum

2223 5359 2497 5421 ablatione
2515 5363 2864 5432 suscipiatur.
2885 5347 3400 5418 Discutiaturautem
3423 5364 3475 5411 et
3497 5353 3606 5408 vita
3628 5366 3825 5408 eorum

2219 5471 2338 5526 qua:
2370 5450 2532 5509 fuerit
2563 5462 2808 5524 tempore
2837 5451 3188 5524 paenitentiae.
3225 5452 3289 5506 Et
3314 5449 3381 5504 ita
3411 5447 3553 5502 hanc
3577 5444 3828 5500 humaui-

2218 5533 2327 5602 tate
2366 5554 2753 5615 consequatur.
2781 5547 2935 5616 Quod
2966 5546 3012 5602 si
3041 5549 3128 5617 qui
3167 5543 3320 5600 abusi
3347 5549 3474 5596 sunt
3506 5539 3608 5593 hoc
3639 5537 3830 5594 crimi-

2221 5657 2310 5708 ne,
2343 5639 2642 5711 prolixiore
2691 5650 2939 5713 tempore
2984 5651 3106 5711 post
3145 5655 3215 5696 xx
3253 5648 3424 5692 annos
3463 5647 3698 5686 uxorem
3734 5630 3833 5686 ha-

2219 5734 2435 5807 bentes,
2464 5739 2568 5792 hoc
2595 5733 2801 5794 crimen
2830 5733 3148 5804 incurrerit,
3170 5747 3240 5792 xv
3264 5739 3426 5806 atque
3448 5740 3615 5781 unum
3647 5725 3829 5798 poeni-
