4050 6198
1405 183 1727 247 CANONEB
1768 184 2375 250 MITENTIALBS.

3425 196 3539 265 450

236 309 361 357 teat.
395 298 466 357 Et
492 304 616 373 pust
646 311 826 359 actam
852 301 1226 374 pattitentiam
1246 343 1261 368 ,
1298 303 1364 359 ad
1394 303 1831 361 communionem
1859 305 1907 368 Δ
1936 314 2205 361 secratum
2231 349 2247 373 ,
2298 322 2354 363 ιιι
2388 307 2546 367 annis
2576 310 2872 381 poeniteat,
2908 313 3031 372 sitae
3064 315 3401 389 pinguedine
3426 356 3441 381 ,
3475 325 3532 375 et

236 388 544 451 orationum
568 396 947 453 admittuntur.
980 398 1046 452 Et
1076 396 1147 452 ita
1180 408 1303 466 post
1328 398 1493 452 alium
1526 398 1829 468 quinquen-

237 489 382 542 nium
406 489 474 542 ad
502 489 714 561 plenam
741 492 1184 546 commuttionem
1207 506 1330 545 curn
1352 490 1631 547 oblatione
1661 492 1831 548 susci-

236 580 472 649 piantur.
495 582 649 650 Quod
676 584 722 637 si
752 583 915 655 aliqui
937 597 1142 641 uxores
1168 584 1435 643 habentes
1456 595 1510 642 et
1531 593 1655 658 post
1673 589 1831 658 quin-

236 675 489 744 quaginta
518 676 702 735 aetatis
732 692 848 733 sum
873 692 1050 737 annos
1076 679 1131 735 itt
1164 678 1270 737 hoc
1301 681 1542 752 prolapsi
1570 689 1732 747 sunt,
1765 681 1832 738 ad

235 765 438 831 exitum
467 777 677 823 tantum
706 771 832 825 vita:
864 772 1310 829 communionem
1342 782 1681 831 mereantur.
1710 774 1833 830 Mu-

236 856 331 911 lier
357 857 406 912 si
435 859 645 916 duolms
672 860 933 919 fratribus
967 867 1249 933 nupserit,
1280 866 1442 936 ahjici
1478 883 1599 923 eant
1635 867 1833 924 debere

236 963 404 1019 usque
429 950 496 1006 ad
519 951 666 1009 diem
690 954 903 1020 mortis,
923 956 1017 1011 sed
1036 967 1257 1027 propter
1278 957 1668 1014 humanitatem
1684 973 1835 1013 com-

234 1043 492 1099 munione
519 1060 642 1101 eam
675 1047 728 1101 in
759 1050 1021 1103 extremis
1054 1052 1415 1106 reconciliari.
1451 1052 1527 1107 lta
1560 1058 1743 1107 tamen
1774 1061 1832 1106 ut

231 1133 277 1186 si
302 1131 444 1190 forte
468 1139 755 1194 sanitatem
792 1140 1089 1209 receperit,
1126 1142 1475 1197 matrimonio
1505 1143 1690 1197 soluto
1717 1184 1732 1208 ,
1762 1143 1828 1198 ad

233 1228 601 1293 pteniteutiam
650 1232 982 1285 admittatur.
1033 1231 1191 1299 Quod
1236 1234 1283 1287 si
1329 1234 1585 1290 defuncta
1631 1235 1830 1291 mulier

232 1317 390 1373 fuerit
421 1320 792 1388 hujuscemodi
822 1326 1101 1378 consortio
1135 1324 1375 1394 alligata,
1408 1325 1692 1382 dissimilis
1720 1328 1828 1383 erit

232 1413 547 1481 penitentia
578 1418 905 1471 retnaueuti.
938 1418 1112 1484 Quam
1141 1422 1464 1474 sententiam
1497 1432 1604 1476 tam
1633 1422 1831 1478 mulier

232 1520 388 1575 quant
412 1508 495 1560 vir
517 1517 703 1564 tenere
724 1509 978 1567 debet.Si
1001 1512 1121 1579 quis
1152 1514 1370 1583 gentilis
1394 1513 1663 1570 dimiserit
1691 1532 1831 1571 uxo-

230 1614 343 1655 rein
374 1601 658 1669 gentilem,
684 1601 741 1658 in
771 1614 1041 1673 petemus
1065 1607 1187 1675 ejus
1212 1608 1318 1663 erit
1348 1618 1468 1677 post
1496 1609 1827 1679 baptismum

1937 408 2063 453 tunc
2110 403 2496 458 Ctlllllllttttlcel.
2530 403 2588 459 Si
2622 404 2745 474 quis
2789 405 2856 463 ab
2914 407 3185 469 lucreticis
3241 412 3532 471 Ordinatus

1934 489 2115 558 fuerit,
2163 493 2361 549 iterum
2410 496 2571 553 debet
2616 497 2887 569 ordinari,
2938 500 2983 559 si
3035 500 3531 573 irrepreltensibilis

1936 582 2139 650 fuerit;
2170 585 2369 652 deponi
2400 596 2635 659 Oportet.
2669 588 2728 649 Si
2756 590 2881 661 quis
2919 606 2948 647 a
2990 594 3258 651 catholica
3288 597 3529 655 Ecclesia

1936 674 2002 733 ad
2033 674 2285 733 bteresim
2319 677 2613 747 transierit,
2639 691 2693 736 et
2723 690 2909 750 postea
2928 698 3180 743 reversus
3208 684 3389 755 fuerit,
3421 703 3531 746 non

1938 776 2116 837 potest
2138 768 2383 827 ordinari
2415 770 2518 825 nisi
2545 785 2639 842 per
2662 771 2879 842 longam
2912 775 3287 845 paenitentiam
3310 789 3405 845 ,et
3435 796 3531 849 pro

1938 874 2128 929 magna
2163 863 2511 919 necessitate.
2541 863 2694 918 Hunc
2724 862 3074 925 [innocentius
3098 881 3259 938 papa,
3288 883 3388 926 nec
3414 881 3536 939 post

1937 953 2314 1023 pwniteutiam
2343 954 2598 1010 clericum
2630 956 2769 1022 fieri,
2794 972 3065 1015 cantatum
3089 960 3417 1017 auctoritate
3442 977 3532 1018 as-

1933 1046 2068 1101 serit
2091 1046 2355 1116 permitti.
2385 1048 2487 1113 Qui
2512 1047 2704 1104 fecerit
2731 1054 2930 1119 pascha
2962 1069 3084 1108 cum
3114 1052 3320 1110 Judaeis
3347 1068 3536 1126 quarta

1933 1138 2145 1194 decima
2184 1140 2345 1208 luna,
2374 1143 2831 1199 exterminabitur
2870 1146 2940 1200 ab
2978 1150 3125 1205 omni
3158 1148 3402 1206 Ecclesia
3432 1151 3538 1207 nisi

1934 1232 2308 1301 pmoitentiam
2351 1234 2527 1303 egerit
2572 1245 2702 1292 ante
2744 1247 3004 1295 mortem.
3038 1238 3094 1297 Si
3132 1243 3371 1299 oraverit
3413 1258 3537 1301 eam

1933 1327 2024 1383 illo
2049 1327 2205 1399 quasi
2225 1342 2348 1384 cum
2377 1328 2579 1384 clerico
2600 1330 2899 1401 catholico,
2925 1335 3229 1403 septimana
3255 1339 3536 1405 poeniteat.

1936 1422 1992 1477 Si
2023 1437 2157 1478 vero
2196 1423 2522 1493 neglexerit,
2556 1440 2623 1481 st.
2651 1424 2768 1480 dies
2801 1428 3086 1495 pteniteat.
3118 1429 3297 1486 Prima
3346 1433 3463 1489 vice
3491 1434 3538 1489 si

1932 1517 2055 1585 quis
2087 1517 2308 1572 hortare
2334 1517 2563 1574 voluerit
2596 1519 2850 1574 heresim
2874 1535 3065 1576 eorum
3095 1561 3110 1587 ,
3142 1533 3196 1578 et
3229 1540 3336 1580 non
3364 1528 3540 1595 egerit

1932 1609 2336 1679 pmﬁtentiant,
2370 1611 2831 1669 exterminabitur
2871 1613 3127 1673 similiter
3165 1628 3219 1672 et
3250 1618 3343 1674 ille
3371 1658 3386 1685 ,
3431 1620 3539 1674 Do-

232 1692 433 1750 ltabere
457 1711 609 1755 eam.
647 1708 739 1752 aut
790 1714 896 1753 non
942 1700 1172 1754 habere.
1205 1700 1381 1755 Simili
1416 1678 1583 1755 modo
1612 1704 1660 1757 si
1688 1716 1828 1758 unus
1860 1678 1908 1753 Β
1937 1704 2083 1759 mino
2116 1703 2371 1761 dicente:
2403 1705 2505 1771 Qui
2532 1720 2735 1761 mecum
2762 1724 2866 1763 non
2896 1719 2998 1775 est,
3030 1722 3213 1765 contra
3242 1726 3324 1768 me
3353 1723 3446 1768 est.
3479 1714 3538 1770 Si

229 1786 539 1855 baptizatus
568 1798 691 1855 est,
725 1799 780 1847 et
812 1791 951 1846 alter
974 1792 1222 1862 gentilis.
1260 1792 1316 1849 Si
1361 1793 1516 1863 cujus
1551 1808 1686 1850 uxor
1713 1794 1834 1849 inli-

228 1880 367 1937 delis
397 1892 482 1941 est
510 1882 595 1937 vel
624 1884 866 1954 gentilis,
905 1894 961 1942 et
980 1904 1085 1943 non
1118 1898 1295 1957 potest
1325 1904 1445 1944 eam
1472 1902 1831 1957 convertere,

226 1972 470 2029 dimittat
494 1992 642 2031 eant.
670 1977 863 2034 Mulier
898 1980 1177 2037 mensibus
1208 1996 1267 2036 ιιι
1296 1980 1459 2038 debet
1503 1984 1780 2041 abstinere
1802 2000 1833 2041 a

228 2065 348 2121 viro
376 2080 501 2135 suo,
530 2069 751 2139 quando
773 2075 1051 2142 concepit,
1082 2084 1135 2129 et
1164 2083 1455 2145 antequam
1478 2076 1673 2147 pariat.
1705 2076 1835 2135 Post

230 2170 447 2229 partum
477 2172 660 2218 autem
680 2179 748 2219 ιιι.
770 2164 889 2221 dies
910 2166 1001 2236 qui
1026 2169 1290 2237 nupserit,
1317 2184 1385 2225 xx
1409 2169 1526 2224 dies
1548 2171 1831 2239 pmniteat.

231 2256 330 2322 Qui
381 2257 629 2323 nupserit
677 2257 767 2313 die
814 2259 1089 2316 dominico
1121 2276 1171 2315 tv
1196 2260 1315 2317 dies
1346 2262 1627 2330 ptcniteat.
1659 2263 1717 2321 Si
1764 2264 1833 2319 ab

230 2348 409 2416 aliquo
439 2365 532 2403 sua
560 2348 876 2405 di~cesscrit
908 2368 1065 2417 uxor,
1093 2364 1146 2408 et
1171 2356 1366 2409 iterum
1400 2369 1619 2411 reversa
1647 2357 1829 2424 fuerit,

231 2441 488 2509 mncipiat
515 2456 632 2495 eam
666 2455 847 2497 noete.
880 2443 945 2497 Et
974 2445 1085 2513 ipsa
1126 2460 1143 2499 t
1182 2461 1330 2501 anno
1362 2431 1649 2516 poeniteat.
1671 2446 1833 2503 Simi-

232 2531 353 2588 liter
380 2534 636 2602 paniteat
661 2545 715 2590 et
744 2536 858 2603 vir,
896 2537 942 2591 si
976 2546 1036 2593 et
1061 2539 1174 2609 ipsa
1204 2539 1368 2595 aliam
1397 2539 1633 2597 duxerit.
1664 2539 1830 2610 Cujus

232 2626 434 2681 sterilis
454 2636 568 2691 est,
612 2636 667 2683 et
695 2627 807 2693 ille,
840 2638 896 2685 et
926 2629 1013 2685 illa
1060 2636 1407 2689 continentes
1442 2640 1590 2688 sunt.
1636 2633 1829 2690 Mulier

230 2734 354 2774 cum
386 2720 614 2777 muliere
635 2719 979 2791 fornicando,
1014 2738 1070 2779 tu
1101 2725 1258 2779 annis
1296 2725 1563 2794 poeniteat
1587 2740 1692 2779 una
1717 2740 1832 2797 pta.

230 2816 475 2872 nitentia.
513 2814 700 2871 Vidua:
730 2826 784 2872 et
814 2818 1012 2884 puella:
1040 2820 1303 2889 majorem
1337 2822 1711 2890 paenitentiam
1745 2822 1828 2876 fa-

227 2910 396 2975 ciant,
442 2910 488 2964 si
530 2912 632 2964 hoc
673 2922 955 2980 peccatum
998 2916 1451 2981 perpetraverint.
1484 2915 1616 2983 Quae
1650 2919 1827 2973 virum

227 3002 441 3068 habuit,
465 3004 511 3059 si
543 3005 885 3060 fornic:tvcril
910 3048 924 3071 ,
959 3017 1006 3062 et
1042 3009 1131 3077 qui
1159 3020 1345 3065 semen
1374 3010 1430 3064 in
1472 3027 1535 3066 ea
1568 3011 1780 3067 miserit
1809 3052 1824 3077 ,

222 3110 295 3150 vtt
326 3065 499 3150 annos
536 3097 815 3165 poeniteat.
852 3065 967 3152 Hoc
998 3065 1292 3168 pessimum
1326 3065 1527 3157 malum
1554 3065 1576 3159 :7
1599 3065 1827 3159 aliasab
1852 3065 1901 3144 (ί

218 3201 290 3243 eo
314 3190 477 3255 aliter
496 3190 798 3258 judicatmu
824 3202 930 3256 est,
963 3193 1217 3247 alumine
1243 3208 1414 3264 usque
1434 3196 1486 3249 in
1517 3195 1677 3252 ﬁnem
1706 3198 1828 3252 vita

214 3294 338 3334 sum
371 3282 692 3349 pmniteant.
733 3282 828 3337 Vel
859 3294 933 3337 xtt
958 3299 1165 3351 annos,
1203 3286 1285 3341 vel
1311 3302 1384 3342 vn
1413 3290 1502 3359 qui
1542 3304 1688 3359 saepe
1716 3290 1828 3345 for-

212 3375 531 3429 nicaverit:
569 3378 773 3445 primus
801 3392 973 3433 canon
999 3378 1259 3448 judicavit
1285 3397 1314 3435 x
1340 3382 1520 3448 annis,
1553 3384 1825 3440 secundus

210 3478 393 3520 canon
425 3482 495 3521 vu
517 3482 533 3531 ;
559 3469 655 3522 sed
680 3482 780 3536 pro
811 3468 1123 3527 inﬁrmitate
1154 3471 1421 3540 heroinis,
1451 3476 1532 3531 vel
1567 3492 1664 3546 per
1692 3493 1823 3533 con-

211 3559 427 3625 cilium,
463 3560 721 3616 dixerunt
749 3574 836 3616 aut
870 3578 930 3619 ιιι
953 3574 1045 3619 aut
1063 3581 1134 3620 vtt
1164 3568 1440 3636 pmniteat.
1466 3570 1522 3626 Si
1549 3571 1670 3641 quis
1695 3588 1819 3628 cum

210 3650 383 3708 fratre
410 3655 644 3709 naturali
670 3656 1135 3729 fornicaveritper
1152 3665 1596 3722 commixtionem
1614 3669 1817 3735 cnrnis,

209 3762 281 3802 xv
315 3747 475 3803 annis
501 3752 760 3818 poeniteat
794 3762 851 3806 et
875 3753 1114 3809 abiunni
1142 3770 1305 3811 carne
1343 3773 1409 3813 se
1434 3758 1726 3814 abstineat.
1759 3760 1819 3816 Si

208 3848 388 3895 mater
404 3854 525 3895 cum
547 3841 657 3895 lilio
673 3857 772 3897 suo
797 3844 1021 3914 parvulo
1041 3845 1397 3904 fornicatione
1422 3849 1813 3918 iurati-ocatur,

206 3947 266 3986 ιιι
319 3933 475 3989 annis
517 3935 776 4003 pmniteot
812 3937 1137 3995 abstinendo
1185 3954 1248 3997 se
1289 3955 1318 3995 a
1362 3952 1545 4008 carne,
1571 3954 1624 3997 et
1649 3959 1815 4002 unum

205 4026 357 4082 diem
386 4027 594 4097 jejunct
619 4029 671 4084 iu
705 4029 1045 4087 hebdomade
1080 4046 1251 4103 usque
1277 4032 1344 4088 ad
1371 4049 1680 4104 vesperum.
1712 4037 1814 4106 Qui

203 4118 473 4177 illudetur
500 4122 756 4179 fornicari
786 4139 817 4178 a
847 4125 1209 4195 cogitatione,
1247 4127 1505 4197 pmoiteat
1543 4146 1715 4201 usque
1744 4132 1811 4187 ad

198 4214 334 4267 dum
364 4217 623 4283 cogitatio
651 4224 961 4286 superetur.
991 4216 1092 4287 Qui
1113 4218 1291 4291 diligit
1320 4220 1604 4289 feminam,
1631 4236 1813 4281 mente

199 4307 421 4362 veniam
455 4318 595 4376 petat
628 4324 658 4363 a
687 4309 820 4366 Deo.
851 4311 905 4368 Si
942 4310 1028 4367 hic
1052 4312 1249 4368 dixerit
1276 4323 1329 4368 et
1350 4315 1419 4370 de
1447 4330 1634 4373 umore
1660 4327 1714 4375 et
1741 4319 1811 4374 de

198 4404 466 4471 amicitia,
500 4403 596 4459 sed
621 4419 730 4459 non
751 4414 837 4461 est
863 4417 1173 4476 susceptum
1204 4408 1271 4463 ab
1309 4423 1399 4477 ea,
1432 4426 1505 4464 vtt
1536 4409 1657 4467 dies
1683 4428 1806 4482 po:-

1936 1795 2057 1865 quis
2086 1795 2389 1866 baptizatus
2430 1798 2501 1852 ab
2538 1798 2832 1863 hzeretico.
2883 1801 2974 1871 qui
3015 1813 3163 1861 recte
3212 1805 3534 1863 Trinitatem

1940 1902 2050 1942 non
2080 1888 2286 1955 credit,
2319 1890 2516 1945 iterum
2548 1889 2876 1959 baptizetur.
2920 1893 2977 1949 Si
3017 1896 3140 1965 quia
3183 1896 3397 1953 dederit
3439 1906 3536 1955 aut

1940 1982 2219 2050 acceperit
2244 1981 2682 2038 communionem
2713 1985 2780 2039 de
2825 2001 2989 2043 manu
3018 1986 3260 2047 haeretici
3286 2032 3303 2055 ,
3341 2001 3397 2046 et
3438 2005 3537 2049 ne-

1938 2072 2046 2129 seit
2074 2072 2219 2142 quod
2251 2074 2495 2130 Ecclesia
2524 2074 2644 2147 [AL
2673 2088 2777 2133 lac.
2811 2076 3075 2150 Ecclesia]
3103 2080 3373 2137 catltolica
3401 2097 3537 2141 cen-

1939 2164 2179 2230 tradicit,
2205 2173 2261 2221 et
2289 2175 2473 2234 postea
2504 2168 2864 2231 intellexerit,
2919 2183 3069 2227 anno
3112 2170 3325 2241 integro
3363 2174 3541 2241 pruni-

1938 2266 2067 2313 teat.
2102 2257 2158 2314 Si
2186 2259 2276 2315 bic
2306 2259 2423 2330 [Αι.
2457 2268 2638 2316 autem
2661 2260 2680 2332 ]
2707 2263 2809 2314 scit
2833 2270 2890 2316 et
2912 2262 3236 2332 neglexerit,
3271 2272 3326 2319 et
3346 2275 3539 2334 postea

1938 2350 2316 2420 pmoitentiam
2343 2351 2539 2421 egerit.
2572 2368 2601 2406 ιι
2635 2365 2809 2408 annos
2846 2354 3124 2423 pauitant.
3154 2356 3259 2411 Alii
3288 2357 3538 2427 judicant

1937 2457 2011 2497 vn
2053 2453 2111 2499 et
2142 2442 2431 2499 humanius
2459 2459 2490 2497 ν
2520 2446 2698 2501 annis.
2741 2446 2799 2501 Si
2831 2448 2956 2515 quis
2986 2450 3287 2516 permiserit
3323 2450 3540 2507 haereti-

1936 2551 2059 2590 cum
2092 2535 2314 2590 missam
2340 2552 2495 2591 suam
2520 2536 2800 2593 celebrare
2824 2539 2874 2591 in
2901 2540 3144 2597 Ecclesia
3168 2541 3459 2607 catholica,
3485 2553 3543 2600 et

1937 2628 2133 2693 nescit,
2161 2645 2229 2683 ιιι,
2255 2628 2372 2684 dies
2395 2630 2672 2699 pwttiteat.
2700 2630 2756 2685 Si
2788 2646 2918 2685 vero
2938 2646 3038 2699 pro
3069 2636 3370 2689 reverentia
3397 2637 3537 2705 ejus,

1938 2735 2123 2776 tanno
2153 2721 2437 2791 pmniteat.
2467 2718 2523 2775 Si
2549 2735 2647 2791 pro
2675 2719 3027 2777 danmatlone
3060 2722 3318 2781 Esclesize
3344 2729 3535 2783 catho-

1937 2810 2087 2875 licm,
2127 2813 2443 2884 projiciatur
2487 2814 2556 2867 ab
2594 2814 2833 2871 Ecclesia
2885 2820 3027 2881 sicut
3074 2815 3399 2889 inretitus,
3435 2824 3537 2878 nisi

1936 2902 2273 2974 ptenituerit.
2297 2904 2350 2959 Si
2376 2906 2662 2962 recesserit
2685 2908 2752 2963 ab
2772 2907 3015 2965 Ecclesia
3038 2912 3303 2970 catholica
3329 2914 3381 2971 itt
3404 2930 3539 2971 con—

1937 2997 2308 3067 gregationem
2342 2997 2719 3055 haereticorum
2740 3043 2754 3064 ,
2782 3010 2832 3056 et
2880 3004 2973 3073 qui
3005 3004 3129 3065 aliis
3164 3010 3536 3077 persuaserit,

1937 3104 2011 3143 xtt
2037 3090 2197 3145 annis
2230 3090 2519 3159 poeniteat,
2556 3108 2609 3147 tv
2643 3094 2798 3150 annis
2823 3104 2976 3151 extra
3009 3096 3343 3165 Ecclesiam,
3376 3112 3429 3155 et
3463 3118 3537 3157 vtt

1934 3183 2077 3241 inter
2097 3183 2393 3249 auditores,
2428 3192 2485 3239 et
2510 3200 2549 3239 tt
2575 3194 2727 3239 extra
2760 3187 3225 3243 communionem.
3262 3190 3337 3245 De
3364 3190 3449 3245 his
3478 3193 3531 3246 iu

1934 3274 2157 3348 Synodo
2185 3274 2309 3348 [ΑΙ.
2333 3292 2545 3333 canone
2568 3275 2589 3349 ]
2612 3278 2841 3335 dicitur:
2873 3294 2903 3333 x
2932 3295 3076 3335 anno
3094 3283 3533 3339 communionem

1931 3369 2047 3427 sive
2087 3369 2423 3426 oblationem
2460 3367 2585 3441 [Αι.
2636 3370 2754 3425 sine
2801 3369 3118 3445 oblatione]
3160 3374 3448 3446 recipiant.
3477 3376 3540 3433 Si

1929 3464 2218 3534 episcopus
2241 3472 2333 3517 aut
2354 3462 2528 3517 abbas
2547 3462 2773 3533 jusserit
2811 3466 3080 3525 monacho
3112 3482 3211 3521 suo
3234 3483 3333 3538 pro
3359 3468 3541 3525 hare.

1928 3554 2052 3611 ticis
2075 3554 2305 3609 mortuis
2325 3554 2545 3609 missam
2564 3564 2809 3625 cantare,
2838 3571 2946 3611 non
2966 3557 3185 3627 expedit
3207 3559 3257 3616 ei
3286 3559 3532 3619 obedire.

1926 3650 1981 3705 Si
2016 3648 2337 3720 presbytero
2381 3648 2675 3719 contigerit
2695 3692 2711 3718 ,
2742 3658 2798 3705 et
2824 3649 2897 3705 ibi
2928 3652 3148 3707 missam
3178 3657 3491 3715 cantavcrit
3512 3699 3529 3725 ,

1925 3750 1981 3795 et
2008 3742 2226 3797 nomina
2254 3751 2630 3810 mortuorum,
2663 3749 2719 3797 et
2747 3742 2911 3800 simul
2953 3747 3317 3805 nominaverit
3359 3751 3533 3809 hatre-

1926 3834 2065 3889 tieos
2097 3847 2219 3895 cum
2256 3832 2545 3889 catholicis
2566 3875 2583 3901 ,
2617 3842 2743 3904 post
2769 3835 2991 3891 missam
3022 3841 3112 3908 qui
3149 3839 3487 3901 intellexerit
3510 3888 3527 3914 ,

1924 3925 2263 3983 hehdomada
2290 3926 2522 3997 jejunet.
2547 3928 2603 3984 Si
2630 3926 2947 3999 frequenter
2969 3930 3180 4001 fecerit,
3211 3950 3413 3993 annum
3438 3948 3523 3994 to-

1925 4029 2036 4074 tum
2066 4021 2345 4091 paeniteat.
2374 4018 2430 4078 Si
2459 4025 2580 4092 quis
2601 4020 2688 4077 hic
2710 4037 2811 4093 pro
2831 4035 3010 4083 morte
3030 4025 3273 4083 haeretici
3303 4030 3524 4087 missam

1921 4112 2285 4180 ordinaverit,
2313 4121 2368 4170 et
2400 4128 2499 4182 pro
2531 4115 2796 4186 religione
2826 4132 2921 4173 sua
2949 4119 3207 4191 reliquias
3231 4120 3301 4175 de
3328 4122 3423 4175 illo
3447 4122 3526 4177 fe-

1920 4208 2079 4274 cerit,
2112 4206 2239 4275 quia
2266 4205 2499 4262 multum
2525 4207 2813 4281 jejunavit,
2847 4220 2902 4266 et
2935 4222 3123 4281 postea
3149 4211 3514 4281 intellexerit,

1918 4302 2291 4372 paenitentiam
2315 4303 2510 4375 egerit,
2540 4302 2793 4374 reliquias
2813 4304 2978 4361 debet
2994 4307 3117 4376 igne
3141 4319 3516 4377 concremare,

1912 4404 1971 4449 et
1993 4410 2158 4450 unum
2188 4410 2388 4450 annum
2410 4396 2705 4464 pmnitere.
2726 4395 2782 4451 Si
2812 4395 2897 4451 hic
2918 4397 3023 4451 scit
3052 4406 3105 4451 et
3131 4395 3373 4468 negligit,
3399 4412 3513 4467 pm-

195 4494 391 4549 niteat.
422 4497 636 4551 Annum
664 4496 932 4575 integrum
961 4508 1016 4553 et
1044 4514 1137 4553 sex
1171 4515 1412 4566 menses,
1442 4501 1487 4557 si
1511 4502 1591 4559 sic
1616 4507 1801 4561 volue-

1924 4489 2137 4545 ttitcntia
2170 4497 2478 4545 commotus
2514 4504 2582 4543 xx.
2613 4489 2770 4544 annis
2801 4490 3079 4559 poeniteat.
3103 4489 3160 4545 Si
3193 4489 3315 4558 quis
3345 4504 3375 4543 a
3405 4489 3514 4546 fide

194 4590 264 4643 rit
297 4587 579 4654 fornicari,
604 4599 659 4646 et
689 4608 796 4646 non
828 4594 1027 4661 potuit.
1081 4592 1138 4648 Si
1165 4594 1286 4663 quis
1315 4595 1491 4650 laicus
1517 4598 1584 4653 de
1610 4614 1799 4655 mena-

192 4686 372 4737 sterie
402 4682 721 4738 monacham
745 4684 963 4739 duxerit
995 4683 1198 4747 furtim,
1222 4687 1495 4743 autintret
1524 4689 1578 4743 in
1608 4706 1797 4747 mona-

191 4777 389 4841 sterio,
420 4776 533 4830 Deo
557 4778 786 4843 servire,
816 4786 910 4831 aut
941 4776 1232 4832 humanum
1260 4779 1452 4835 subeat
1489 4784 1790 4841 servitium.

192 4867 437 4924 Pecunia
464 4867 724 4924 Ecclesiae
755 4868 929 4924 furata
964 4882 1060 4924 seu
1092 4878 1245 4938 rapta
1276 4871 1535 4927 reddatur
1559 4875 1795 4944 quadru-

190 4962 369 5030 plum,
414 4963 767 5017 szrcularibus
797 4963 1056 5032 duplicet.
1089 4962 1190 5032 Qui
1224 4977 1369 5033 saepe
1399 4965 1601 5021 furtum
1644 4968 1791 5027 fece-

187 5056 285 5121 rit,
312 5071 386 5111 vtt
415 5071 586 5113 annos
620 5060 909 5127 pmultent,
944 5058 1023 5112 vel
1052 5058 1326 5127 quomodo
1358 5058 1615 5116 sacerdos
1634 5060 1784 5131 judi-

184 5151 419 5206 caverit.
452 5151 595 5206 hiem
626 5150 778 5222 juxta
809 5152 953 5222 quod
993 5152 1250 5222 componi
1281 5152 1443 5209 debet
1471 5155 1667 5225 quibus
1692 5172 1809 5211 nov

180 5246 320 5302 cuit.
375 5246 442 5302 Et
492 5249 584 5317 qui
634 5246 834 5303 furtum
890 5248 1141 5315 faciebat,
1197 5250 1514 5319 poenitentia
1562 5252 1783 5314 ductus.

180 5344 409 5411 semper
458 5342 624 5397 debet
665 5342 1002 5396 reconciliari
1050 5342 1099 5397 ei
1150 5358 1307 5410 quem
1351 5341 1681 5413 oli'cndebat,
1731 5354 1787 5400 et

178 5435 483 5491 restituere
509 5433 663 5503 juxta
691 5433 833 5504 quod
880 5448 1003 5490 eum
1034 5435 1253 5503 nocuit,
1286 5444 1341 5490 et
1381 5435 1613 5493 multum
1652 5434 1783 5491 bre-

177 5528 357 5584 viabit
379 5526 698 5598 paenitentia
724 5526 860 5595 ejus.
893 5525 955 5583 Si
981 5541 1113 5582 vero
1140 5526 1395 5595 noluetit,
1429 5536 1522 5582 aut
1551 5539 1661 5581 non
1686 5540 1786 5596 po—

178 5631 292 5677 test
352 5621 706 5678 constitutum
745 5629 958 5690 tempus
1004 5620 1269 5689 poenitere
1301 5637 1396 5690 per
1438 5620 1656 5685 omnia,
1692 5618 1787 5690 qui

174 5711 333 5771 furat
356 5714 703 5771 admonetur.
728 5711 828 5770 Det
850 5712 1011 5770 etiam
1037 5712 1388 5784 pauperibus.
1410 5712 1634 5771 iuratus
1655 5726 1792 5771 con-

1909 4587 2003 4643 Dei
2025 4586 2343 4650 discesserit
2368 4584 2488 4641 sine
2527 4584 2635 4639 ulla
2669 4585 3031 4653 necessitate,
3062 4590 3119 4639 ct
3148 4592 3270 4653 post
3297 4598 3363 4641 ex
3396 4593 3509 4642 toto

1902 4680 2086 4735 animo
2108 4676 2490 4751 ptenitentiatn
2526 4676 2821 4746 acceperit,
2850 4675 3021 4730 tribus
3044 4675 3202 4730 annis
3231 4685 3383 4730 extra
3407 4677 3513 4734 Er-

1900 4773 2146 4839 clesiam,
2176 4780 2232 4826 et
2260 4784 2329 4825 vti
2356 4769 2512 4824 annis
2539 4766 2593 4822 in
2620 4767 2859 4822 Ecclesia
2883 4768 3141 4835 paeniteat
3162 4767 3302 4822 inter
3324 4770 3504 4838 paeni-

1902 4875 2116 4930 tentes;
2144 4872 2201 4919 et
2223 4862 2439 4918 duobus
2467 4861 2627 4915 annis
2649 4860 2825 4914 adhuc
2855 4868 3008 4913 extra
3031 4861 3498 4934 communionem,

1901 4973 2066 5013 unum
2099 4957 2244 5011 inter
2264 4953 2550 5011 audientes
2567 4952 2719 5023 juxta
2741 4952 3023 5007 Nicmnum
3055 4954 3366 5012 concilium.
3393 4958 3497 5026 Qui

1899 5050 2204 5124 periurium
2247 5048 2378 5103 facit
2412 5047 2469 5101 in
2500 5046 2745 5101 Ecclesia
2774 5061 2828 5100 xt
2868 5060 3039 5101 annos
3074 5049 3372 5117 patoiteat:
3403 5054 3499 5123 qui

1892 5158 2029 5201 vero
2052 5140 2106 5197 in
2130 5140 2455 5207 necessitate
2469 5147 2692 5193 coactus
2717 5138 2784 5193 sit
2812 5146 2991 5195 autem
3013 5140 3285 5211 quoddam
3305 5157 3490 5213 agere,

1891 5256 1910 5295 ι
1932 5254 2093 5295 anno.
2128 5236 2231 5304 Qui
2256 5238 2309 5290 ln
2338 5248 2499 5289 manu
2529 5232 2765 5287 hominis
2790 5234 2956 5303 jurat,
2992 5235 3127 5302 nihil
3153 5245 3255 5291 est.
3281 5237 3341 5292 Si
3364 5251 3495 5291 vero

1888 5332 2154 5405 juravcrit
2187 5330 2240 5395 in
2273 5343 2434 5383 manu
2469 5327 2710 5396 episcopi
2757 5327 2841 5382 vel
2882 5327 3193 5399 presbyteri
3236 5338 3327 5383 aut
3369 5328 3488 5383 dia-

1894 5427 2039 5492 coni,
2062 5438 2159 5480 seu
2188 5424 2242 5483 in
2272 5422 2445 5487 altare
2467 5460 2481 5485 ,
2508 5418 2623 5474 sive
2654 5420 2709 5472 in
2733 5434 2901 5489 cruce
2935 5431 3281 5492 consecrata,
3311 5438 3329 5477 ι
3357 5437 3491 5489 ann.

1896 5500 2194 5592 poeniteat;
2228 5512 2662 5589 pcrjuratoribus
2699 5529 2791 5568 vn.
2826 5514 2901 5569 De
2929 5511 3016 5579 his
3041 5512 3132 5583 qui
3155 5515 3323 5569 multa
3349 5518 3491 5579 mala

1894 5613 2150 5676 fecerint,
2172 5611 2340 5675 idest,
2364 5606 2735 5675 homicidimn,
2761 5607 3086 5673 adulterium
3111 5620 3237 5669 cum
3262 5609 3492 5667 muliere

1895 5715 1952 5767 et
1979 5718 2244 5778 pecca....
2271 5712 2327 5762 et
2352 5703 2578 5769 furtum,
2607 5710 2735 5767 cant
2765 5701 2821 5758 iu
2848 5697 3263 5773 monasterium,
3291 5710 3351 5771 et
3374 5717 3468 5780 [φ
3554 5782 3559 5787 ι
