4048 6290
485 241 591 303 ὁδί

1544 237 1602 291 S.
1647 226 2027 290 HIERONYMI
2071 224 2356 287 OPERUM
2395 224 2755 285 MANTISSA.

3607 252 3612 255 ·
3683 229 3795 288 432

482 360 697 417 niteant
738 368 912 426 usque
949 353 1015 410 ad
1052 355 1308 406 mortem.
1355 347 1486 414 Quae
1527 346 1580 400 in
1626 346 1730 400 alia
1776 343 2087 414 provincia,
2117 345 2171 404 Α
2195 342 2439 408 duxerit,
2473 343 2525 396 in
2561 335 2902 396 conscientia
2931 336 3114 409 populi
3137 335 3462 408 deponatur.
3492 340 3550 398 Si
3578 341 3786 400 adulte-

495 468 618 524 qua:
653 451 722 505 ab
760 450 915 505 hoste
945 453 1256 516 superatur,
1284 452 1434 510 rapta
1478 439 1677 495 fuerint
1705 485 1717 508 ,
1751 439 1804 494 id
1829 449 1911 494 est
1932 481 1947 505 ,
1977 439 2083 494 alio

502 559 634 618 rege
660 551 940 617 superato,
964 539 1122 594 tertia
1153 550 1279 606 pars
1307 536 1424 605 ejus
1455 534 1519 588 ad
1545 533 1842 588 Ecclesiam
1878 533 2086 587 tribua-

499 649 612 707 tur,
637 638 721 693 vel
749 630 1099 706 pauperibus.
1127 629 1193 684 Et
1223 645 1291 683 ιιι.
1320 627 1510 682 diebus
1534 638 1722 696 agatur
1746 624 2081 694 pmnitentia,

500 729 629 800 quia
650 726 823 796 jussio
851 725 994 794 regis
1021 731 1157 778 erat.
1187 720 1290 787 Qui
1319 718 1634 789 sanguinem
1664 727 1757 772 aut
1784 731 1971 774 semen
2005 715 2088 771 bi-

490 821 648 885 berit,
677 833 737 874 ιιι
763 818 920 873 annis
944 815 1228 887 poeniteat.
1269 812 1529 868 Maiarum
1574 813 1960 883 cogitationum
1999 811 2084 865 in-

489 912 767 984 dulgentia
799 921 883 968 est
933 910 980 965 si
1011 923 1177 980 opere
1222 921 1330 963 non
1357 907 1676 976 impleatur,
1710 920 1810 962 nec
1855 919 2087 961 consen-

490 1007 646 1064 serit.
676 1003 973 1060 Duodecim
1005 1002 1274 1058 triduanaa
1299 1015 1400 1070 pro
1421 1014 1563 1055 anno
1586 1015 1600 1053 ι
1627 999 1903 1069 pensanda
1935 1006 2079 1053 sunt.

495 1097 826 1156 Theodorus
857 1095 1115 1152 laudavit.
1140 1092 1508 1150 Pusillanimis
1532 1091 1622 1162 qui
1645 1091 1932 1146 manducat
1964 1105 2086 1145 car-

492 1208 618 1250 nem
650 1190 984 1248 immundam
1017 1197 1112 1244 aut
1163 1186 1508 1242 morticinam
1541 1184 1891 1239 dilaceratam
1925 1198 1953 1237 a
1984 1183 2082 1238 be-

491 1287 634 1357 stiis,
660 1300 731 1340 xt.
758 1285 878 1339 dies
904 1283 1188 1355 poeniteat.
1214 1280 1428 1335 Sienim
1447 1279 1742 1334 necessitas
1763 1279 1928 1348 cogit,
1953 1277 2085 1332 nihil

497 1389 604 1436 est.
632 1379 699 1434 Et
729 1380 818 1448 qui
851 1392 951 1447 pro
990 1375 1318 1431 necessitate
1363 1372 1655 1427 manducat
1697 1373 1896 1426 animal
1939 1371 2083 1441 quod

490 1471 832 1529 immundum
865 1469 1099 1533 videtur,
1133 1467 1218 1523 vel
1247 1481 1423 1530 avem,
1448 1465 1536 1520 vel
1559 1464 1812 1533 bestiam,
1848 1479 1954 1518 non
1985 1478 2084 1519 no-

488 1575 598 1622 cet.
630 1564 798 1619 Pulex
821 1562 866 1617 si
893 1560 1156 1617 ceciderit
1179 1560 1230 1612 in
1259 1558 1559 1628 liquorem,
1591 1556 1817 1610 tollatur
1851 1555 1996 1622 inde,
2031 1563 2087 1608 et

489 1663 807 1727 aspergatur
821 1669 960 1724 aqua
983 1662 1170 1708 sancta
1187 1652 1234 1706 si
1253 1650 1439 1705 vivens
1466 1649 1556 1702 sit.
1583 1649 1639 1705 Si
1664 1663 1793 1702 vero
1813 1657 2079 1712 mortuus,

485 1750 663 1805 omnis
694 1747 874 1818 liquor
904 1744 1216 1816 projicietur
1244 1742 1410 1796 foras.
1439 1740 1551 1795 Nec
1580 1739 1787 1795 homini
1809 1740 1995 1807 detur,
2025 1747 2081 1794 et

491 1841 784 1897 mundetur
806 1853 922 1896 vas.
959 1838 1222 1896 Similiter
1246 1837 1400 1890 cibus
1439 1834 1532 1889 ille
1574 1834 1814 1904 liquidus
1840 1876 1856 1902 ,
1890 1835 1944 1888 in
1977 1849 2085 1904 quo

486 1949 630 2002 mus,
664 1935 749 1990 vel
777 1932 1026 1988 mustella
1056 1931 1313 1985 immersa
1344 1929 1596 1991 moritur,
1628 1935 1888 1997 purgetur
1914 1935 1969 1982 et
1996 1941 2084 1982 as-

483 2035 744 2098 pergatur
773 2039 910 2096 aqua
941 2033 1125 2078 sancta
1149 2064 1162 2087 ,
1192 2031 1246 2077 et
1272 2027 1520 2077 sumatur
1552 2021 1600 2074 si
1629 2020 1930 2076 necessitas
1961 2019 2081 2076 fue-

478 2121 575 2174 rit.
603 2118 661 2173 Si
687 2133 814 2173 aves
845 2122 1226 2173 stercorantur
1255 2116 1310 2169 in
1341 2128 1740 2184 quemcumque
1767 2113 2032 2184 liquorem
2062 2155 2078 2182 ,

478 2215 702 2270 tollatur
730 2213 799 2268 ab
825 2227 893 2268 eo
920 2221 1131 2267 stercus
1154 2221 1207 2267 et
1237 2210 1610 2266 sanctificetur
1639 2225 1802 2281 aqua,
1827 2219 1884 2265 et
1922 2224 2079 2264 mun-

474 2307 575 2363 dus
602 2306 705 2362 erit
725 2305 898 2362 cibus.
925 2303 1258 2375 Sanguinem
1285 2303 1488 2358 inscius
1510 2303 1732 2358 sorbere
1763 2317 1884 2357 cum
1905 2302 2074 2356 saliva

479 2416 589 2456 non
617 2407 702 2456 est
735 2408 1037 2469 peccatum.
1072 2397 1176 2463 Qui
1200 2397 1508 2466 sanguinet,
1541 2409 1886 2466 quocumque
1913 2393 2076 2449 modo

473 2495 767 2564 polluetur.
809 2492 1153 2548 immundum
1179 2492 1316 2546 nihil
1357 2499 1476 2557 est,
1511 2492 1554 2546 si
1587 2491 1728 2547 scit:
1758 2490 2072 2561 paenitentia

472 2587 630 2645 detur
649 2589 802 2659 juxta
833 2586 1053 2643 modum
1084 2585 1424 2654 pollutionis.

614 2731 696 2786 De
720 2731 1071 2788 sacerdotibus
1095 2731 1184 2801 qui
1215 2731 1686 2802 concupiscentiam
1714 2732 1923 2788 habent.

541 2867 813 2927 Sacerdos
836 2869 880 2923 si
907 2866 1179 2938 tangendo
1198 2867 1479 2925 mulierem
1501 2883 1565 2925 ac
1592 2869 1892 2925 osculando
1914 2868 2068 2924 coin-

468 2960 810 3034 quinabitur,
861 2976 928 3015 ιιι.
969 2959 1085 3015 dies
1135 2961 1414 3030 poeniteat.
1462 2962 1527 3016 Et
1571 2964 1616 3016 si
1662 2962 1940 3018 osculatus
1986 2971 2070 3018 est

464 3055 722 3112 feminam
752 3068 852 3123 per
881 3052 1212 3109 desiderium
1234 3095 1249 3120 ,
1289 3070 1359 3108 xx
1395 3053 1515 3110 dies
1552 3057 1841 3124 poeniteat.
1881 3056 1936 3110 Si
1967 3071 2064 3125 per

465 3149 856 3220 cogitationem
903 3146 1106 3204 fuderit
1149 3162 1372 3214 semen,
1420 3148 1759 3205 hebdomada
1803 3151 2059 3220 jejunet;

467 3245 722 3299 irritante
751 3256 916 3296 manu
935 3286 948 3309 ,
981 3257 1034 3296 ιιι
1064 3241 1180 3297 dies
1204 3283 1218 3307 ,
1247 3242 1336 3298 vel
1365 3257 1588 3298 annum.
1618 3242 1675 3298 Si
1703 3242 1940 3312 pollutus
1963 3287 1976 3310 ,
2005 3260 2063 3298 ιιι

465 3334 839 3391 hebdomadas
858 3333 1089 3404 jejunet.
1122 3333 1177 3389 Si
1209 3334 1329 3404 quis
1359 3335 1649 3405 presbyter
1677 3336 2060 3404 pcenitentiam

461 3431 711 3487 moribus
731 3427 1110 3499 abnegaverit,
1138 3442 1266 3483 reus
1289 3429 1395 3484 erit
1420 3429 1615 3483 animae
1641 3445 1775 3494 suat,
1801 3428 1926 3499 quia
1953 3429 2062 3484 Do-

461 3525 642 3580 minus
687 3521 818 3578 dicit
867 3539 877 3573 :
929 3519 996 3575 In
1034 3536 1360 3590 quacumque
1409 3518 1540 3574 Itora
1583 3537 1856 3575 conversus
1905 3521 2060 3591 fuerit

461 3626 722 3686 peccator,
757 3615 860 3668 vita
894 3615 1043 3679 vivet,
1085 3624 1133 3667 et
1166 3630 1267 3668 non
1290 3614 1555 3667 morietur.
1586 3613 1727 3669 Vera
1759 3614 1902 3667 enim
1929 3627 2060 3668 con-

461 3709 628 3763 fessio
656 3707 713 3761 in
745 3706 934 3760 ultimo
960 3717 1209 3775 tempore
1237 3713 1419 3775 potest
1442 3721 1563 3761 esse
1593 3723 1605 3759 :
1642 3707 1767 3777 quia
1795 3706 2056 3762 Dominus

460 3813 648 3857 noster
678 3814 787 3855 non
815 3800 991 3855 solum
1022 3800 1319 3868 temporis,
1354 3800 1450 3855 sed
1482 3811 1536 3856 et
1567 3803 1750 3856 cordis
1781 3803 2058 3873 inspector

459 3903 565 3952 est.
613 3893 706 3949 Sic
755 3891 940 3963 (latro)
994 3892 1045 3945 in
1099 3891 1235 3946 hora
1285 3892 1510 3959 ultima,
1553 3893 1902 3950 confessione
1948 3909 2056 3950 uno

460 3995 741 4044 momento
765 3985 968 4041 meruit
996 3997 1117 4040 esse
1142 3985 1192 4038 in
1218 3983 1495 4053 paradiso.
1525 3985 1583 4041 Si
1606 3988 1902 4043 monachus
1930 4004 2053 4044 cum

462 4077 730 4134 monacha
765 4076 1184 4133 fornicationem
1215 4077 1438 4146 faciens,
1471 4095 1545 4134 vit
1568 4095 1738 4135 annos
1772 4086 2049 4152 pmniteat.

457 4172 561 4238 Qui
608 4185 703 4242 per
741 4169 1055 4225 violentiam
1103 4169 1446 4240 cogitationis
1487 4187 1678 4228 semen
1721 4173 1942 4239 fuderit,
1993 4191 2051 4230 ιιι

455 4265 571 4321 dies
595 4264 872 4335 paeniteat.
899 4263 955 4318 Si
987 4264 1227 4320 secunda
1248 4263 1365 4320 vice
1388 4265 1438 4319 ei
1463 4267 1774 4337 contigerit,
1811 4287 1878 4323 XL
1907 4270 2049 4338 dies,

455 4368 550 4415 aut
589 4373 788 4413 annum
821 4357 1100 4428 poeniteat.
1144 4358 1200 4414 Si
1242 4358 1361 4428 plus
1393 4358 1683 4428 addantur,
1723 4361 1932 4432 jejunet
1962 4366 2048 4420 vel

2187 436 2325 491 rium
2351 431 2748 504 perpetraverit
2775 445 2896 486 cum
2925 430 3035 496 illa,
3068 438 3123 485 et
3149 430 3202 484 in
3229 432 3567 489 conscientia
3604 435 3787 506 populi

2189 529 2506 591 devenerit,
2540 523 2862 596 projiciatur
2899 533 3054 578 extra
3083 522 3414 590 Ecclesiam,
3444 533 3502 580 et
3529 526 3788 597 pteniteat

2189 621 2330 676 inter
2373 620 2566 686 laicos,
2613 617 2872 689 quamdiu
2913 615 3140 672 vixerit.
3189 616 3246 672 Si
3288 619 3410 689 quis
3456 621 3786 677 concubinas

2187 715 2463 782 habuerit,
2490 729 2597 769 non
2629 713 2792 769 debet
2820 711 3084 767 ordinari.
3117 711 3461 784 Quicumque
3492 715 3638 770 enim
3669 731 3786 786 pre-

2189 809 2375 880 sbyter
2397 809 2450 862 in
2474 807 2690 878 propria
2715 807 3022 877 provincia,
3046 817 3141 862 aut
3163 807 3218 862 in
3240 808 3366 868 alia.
3387 817 3445 865 et
3465 810 3784 882 ubicumque

2189 903 2352 958 fuerit
2386 903 2674 967 inventus,
2701 901 3144 957 commendatum
3170 901 3275 956 sibi
3307 901 3582 958 infirmum
3615 903 3783 974 bapti-

2189 1010 2313 1051 zare
2340 994 2614 1063 noluerit,
2644 994 2731 1049 vel
2760 993 2812 1048 in
2846 992 3185 1065 profectione
3216 994 3431 1050 itineris
3461 997 3580 1052 sine
3606 997 3783 1068 bapti-

2189 1105 2308 1146 smo
2339 1089 2590 1157 moritur,
2617 1090 2949 1161 deponatur.
2979 1087 3247 1144 Similiter
3271 1089 3367 1160 qui
3391 1091 3594 1146 occidit
3616 1091 3787 1146 homi-

2191 1197 2337 1251 nem,
2368 1182 2455 1237 vel
2477 1181 2569 1252 qui
2598 1181 3018 1236 fornicationem
3049 1179 3201 1245 facit,
3231 1181 3562 1252 deponatur.
3586 1182 3643 1238 Si
3665 1183 3785 1255 quis

2187 1277 2404 1332 viduam
2433 1275 2710 1345 acceperit
2737 1290 2846 1330 non
2878 1282 3057 1343 potest
3081 1274 3348 1343 ordinari,
3384 1276 3531 1331 sicut
3562 1276 3782 1348 bigami.

2189 1373 2244 1425 Si
2285 1370 2406 1440 quis
2457 1369 2700 1436 baptizat
2743 1383 2840 1438 per
2878 1368 3261 1436 temeritatem,
3313 1385 3422 1425 non
3470 1371 3782 1441 ordinatus,

2189 1461 2526 1531 abjiciendus
2553 1472 2632 1516 est
2664 1461 2732 1516 ab
2763 1460 3008 1518 Ecclesia
3032 1502 3046 1529 ,
3081 1472 3134 1518 et
3163 1477 3449 1534 numquam
3474 1464 3779 1521 ordinetur.

2187 1556 2392 1625 Quibus
2424 1556 2681 1626 baptizati
2713 1565 2840 1611 sunt
2866 1557 3152 1627 ignoratis,
3189 1574 3293 1613 non
3325 1558 3562 1630 indigent
3593 1575 3693 1630 pro
3713 1575 3784 1616 eo

2191 1653 2536 1724 paenitentia,
2562 1652 2662 1706 nisi
2686 1651 2826 1723 quod
2850 1653 3153 1709 secundum
3173 1668 3414 1710 canones
3433 1669 3535 1709 non
3556 1665 3785 1725 possunt

2187 1744 2456 1811 ordinari,
2506 1743 2611 1798 nisi
2647 1759 2840 1814 magna
2877 1745 3176 1799 necessitas
3211 1755 3387 1816 cogat.
3429 1746 3531 1813 Qui
3580 1746 3780 1803 iterum

2185 1843 2439 1912 baptizati
2481 1851 2609 1896 sunt
2653 1859 2665 1894 :
2701 1842 2857 1912 quasi
2889 1843 3089 1898 iterum
3117 1842 3394 1898 Christum
3424 1842 3779 1913 crucifigent,

2185 1953 2261 1993 vn
2284 1937 2438 1991 annis
2455 1935 2781 2006 pmniteant,
2806 1952 2860 1991 tv
2880 1947 2933 1991 et
2956 1946 3107 1992 sexta
3129 1937 3261 1993 feria
3283 1937 3335 1992 in
3360 1936 3531 1992 tribus
3552 1936 3786 2007 quadra-

2181 2031 2424 2101 gesimis.
2459 2028 2516 2084 Si
2548 2043 2647 2099 pro
2671 2028 2806 2083 vitio
2833 2028 3016 2099 aliquo
3045 2029 3229 2094 fuerit,
3257 2029 3303 2084 si
3333 2027 3423 2082 hic
3445 2043 3544 2099 pro
3572 2028 3786 2084 mundi-

2182 2125 2253 2177 tia
2285 2122 2494 2177 licitum
2523 2120 2830 2192 putaverit,
2864 2136 2923 2176 ιιι
2955 2121 3112 2177 annis
3139 2123 3422 2192 paeniteat.
3453 2121 3558 2188 Qui
3588 2137 3782 2192 opera-

2181 2227 2271 2273 tur
2298 2217 2385 2273 die
2419 2218 2733 2287 Dominico,
2763 2233 2838 2272 vit
2871 2217 2989 2274 dies
3022 2219 3284 2289 paeniteat
3304 2263 3319 2288 ,
3350 2228 3444 2273 aut
3470 2218 3776 2288 vapuletur.

2177 2313 2232 2368 Si
2255 2313 2380 2383 quis
2403 2314 2457 2367 in
2479 2312 2567 2368 die
2595 2312 2881 2368 Dominico
2905 2328 3004 2384 per
3022 2312 3405 2383 negligentiam
3429 2311 3778 2382 jejunaverit,

2179 2405 2520 2461 hebdomada
2547 2414 2657 2460 tota
2680 2404 2912 2475 jejunet.
2937 2404 3006 2459 Et
3029 2404 3075 2458 si
3099 2404 3361 2473 secunda,
3384 2421 3450 2458 xx
3469 2403 3583 2460 dies
3606 2405 3781 2474 poeni-

2178 2507 2308 2553 teat.
2349 2498 2406 2553 Si
2439 2499 2626 2568 quinta
2654 2497 2956 2562 Dominica,
2995 2513 3064 2552 ιιι.
3103 2496 3222 2552 dies
3257 2498 3535 2565 paeniteat.
3567 2497 3624 2552 Si
3654 2497 3776 2567 quis

2177 2605 2274 2660 pro
2303 2589 2655 2644 damnatione
2683 2589 2773 2643 die
2803 2588 3089 2643 Dominico
3112 2587 3322 2658 jejunat
3343 2629 3358 2656 ,
3391 2589 3530 2644 sicut
3552 2588 3778 2646 Judazus

2173 2683 2519 2738 abominetur
2546 2682 2613 2736 ab
2645 2683 2793 2736 omni
2826 2681 3072 2736 Ecclesia
3115 2681 3404 2737 catholica.
3439 2681 3497 2737 Si
3528 2690 3776 2738 contem-

2174 2776 2365 2845 pserit,
2398 2783 2456 2828 et
2486 2772 2749 2828 indicavit
2775 2773 3046 2842 jejunium
3081 2772 3344 2840 Ecclesia,
3377 2782 3433 2828 et
3458 2784 3647 2830 contra
3680 2775 3774 2830 de-

2172 2878 2322 2924 creta
2345 2867 2621 2922 seniorum
2645 2865 2842 2922 fecerit
2863 2865 3334 2938 quadragesimas,
3359 2882 3428 2921 xt.
3449 2865 3569 2924 dies
3598 2869 3772 2936 patui-

2172 2970 2300 3016 teat.
2337 2961 2396 3016 Si
2428 2961 2572 3014 intra
2612 2957 3082 3029 quadragesimam
3105 3001 3120 3026 ,
3163 2975 3329 3014 unum
3365 2975 3568 3015 annum
3599 2961 3772 3032 peni-

2172 3062 2301 3108 teat.
2342 3053 2399 3108 Si
2451 3052 2765 3123 frequenter
2813 3050 3047 3116 fecerit,
3099 3060 3154 3106 et
3211 3052 3266 3106 in
3311 3052 3767 3110 consuetudinem

2169 3147 2360 3202 fecerit
2395 3147 2465 3214 ei,
2513 3144 2968 3201 exterminabitur
3008 3144 3077 3199 ab
3122 3144 3387 3210 Ecclesia,
3425 3145 3656 3201 Domino
3687 3146 3769 3201 di-

2166 3249 2321 3294 cente
2351 3256 2364 3292 :
2397 3238 2499 3306 Qui
2534 3237 2963 3292 scandalizaverit
2992 3253 3152 3291 unum
3175 3236 3240 3290 de
3266 3237 3473 3307 pusillis
3496 3238 3646 3307 istis,
3678 3240 3766 3311 qui

2164 3335 2216 3387 in
2246 3350 2324 3386 me
2345 3333 2593 3396 credunt,
2620 3340 2724 3386 etc.

2332 3426 2410 3480 De
2438 3427 2802 3482 communione
2827 3425 3200 3492 Eucharistiw,
3232 3435 3287 3480 ut
3315 3428 3602 3496 sacriﬁcio.

2235 3519 2568 3574 Ptnnitentes
2591 3519 2889 3574 secundum
2909 3534 3147 3575 canones
3165 3534 3273 3575 non
3294 3519 3498 3576 debent
3515 3536 3768 3577 commu-

2163 3613 2346 3668 nicare
2385 3623 2510 3666 ante
2551 3612 3079 3668 consummationem
3121 3613 3484 3682 pmnitentim.
3533 3613 3626 3668 His
3661 3630 3762 3684 pro

2163 3706 2541 3762 misericordia
2587 3723 2683 3776 per
2721 3722 2918 3760 annum
2963 3707 3047 3761 vel
3089 3721 3186 3762 sex
3234 3721 3450 3762 menses
3483 3707 3758 3764 licentiam

2160 3803 2372 3859 damus.
2406 3802 2716 3858 Secundum
2747 3802 2920 3872 culpae
2949 3802 3168 3858 modum
3203 3805 3620 3873 temperandum
3651 3815 3759 3873 est,

2159 3901 2290 3967 cito,
2322 3898 2410 3954 vel
2441 3898 2613 3953 tarde.
2657 3897 2760 3965 Qui
2790 3899 3001 3967 accepit
3030 3899 3358 3953 sacrificium
3399 3907 3525 3968 post
3553 3900 3756 3967 cibum,

2157 4010 2230 4048 vtt
2259 3993 2454 4048 diebus
2485 3992 2763 4062 paeniteat.
2791 3991 2966 4047 Omne
2993 3992 3324 4046 sacrificium
3355 3993 3573 4048 sordida
3609 4004 3762 4048 vetu-

2156 4098 2296 4142 state
2329 4097 2665 4156 corruptum,
2717 4087 2828 4157 igni
2874 4086 3306 4142 comburendum
3347 4097 3452 4142 est.
3502 4087 3558 4142 Si
3603 4102 3753 4157 casu,

2157 4180 2289 4238 ferte
2317 4182 2403 4236 vel
2439 4195 2567 4236 aves
2599 4180 2895 4248 devorant,
2937 4197 2992 4234 ιιι
3032 4180 3403 4236 hebdomadas
3437 4181 3665 4251 jejunet.
3699 4182 3756 4238 Si

2156 4276 2462 4346 negligens,
2493 4291 2549 4330 ιιι
2569 4274 3034 4345 quadragesimas.
3060 4277 3114 4330 Si
3141 4277 3261 4344 quis
3283 4276 3366 4331 vir
3389 4277 3640 4344 maritus,
3665 4276 3751 4332 vel

2153 4370 2351 4424 mulier
2377 4377 2561 4423 votum
2602 4369 2809 4424 habens
2845 4368 3171 4438 virginitatis
3194 4370 3440 4440 jungitur
3473 4371 3756 4426 matrimo-

455 4469 563 4508 uno
587 4467 754 4518 anno,
784 4452 870 4508 vel
902 4451 1343 4522 quadragesimas
1372 4467 1451 4506 ιιι.
1481 4452 1583 4519 Qui
1612 4470 1671 4509 se
1699 4457 1873 4525 ipsum
1899 4460 2048 4514 coiu-
2077 4499 2134 4560 Β
2158 4462 2272 4528 nio,
2307 4476 2414 4515 non
2443 4460 2684 4514 dimittat
2715 4460 2893 4521 illum,
2923 4460 3016 4514 sed
3048 4477 3102 4516 ιιι
3128 4477 3300 4515 annos
3327 4463 3605 4532 parnitcat.
3640 4461 3755 4516 Mu-

452 4546 642 4617 quiuat
666 4563 768 4602 ext.
797 4546 916 4600 dies
947 4546 1220 4615 poeniteat.
1259 4545 1316 4600 Si
1341 4561 1476 4616 puer
1507 4556 1610 4613 est,
1642 4565 1709 4603 xx
1734 4551 1851 4607 dies
1877 4569 2047 4624 vapu-

450 4638 612 4693 letur.
640 4639 695 4694 Si
721 4653 840 4692 cum
860 4637 1073 4702 ordine,
1099 4636 1631 4704 tttQuadragesimas
1664 4643 1750 4697 vel
1785 4659 2046 4716 tannum,

452 4734 500 4788 si
531 4732 981 4804 frequentaverit.
1015 4729 1072 4786 Si
1100 4731 1221 4800 quis
1247 4731 1650 4788 renuntiaverit
1679 4737 1961 4802 saeculum,
1997 4751 2048 4797 ct

455 4839 643 4899 pettea
677 4841 932 4883 reversus
965 4825 1016 4879 in
1050 4823 1307 4879 saeculum
1341 4834 1395 4881 et
1425 4824 1643 4894 habitu,
1674 4829 1718 4884 si
1749 4831 2048 4890 monachus

451 4928 556 4982 est,
589 4928 643 4974 et
674 4928 794 4987 post
821 4919 936 4972 htec
965 4915 1342 4988 paenitentiam
1376 4919 1567 4989 egerit,
1601 4936 1633 4974 x
1665 4937 1837 4978 annos
1869 4929 2045 4994 poeni-

450 5021 582 5066 teat.
607 5011 664 5066 Si
695 5011 954 5080 probattts
981 5011 1145 5067 fuerit
1171 5012 1223 5066 in
1250 5013 1396 5066 omni
1425 5014 1763 5083 paenitentia,
1790 5018 1840 5073 in
1867 5019 2047 5093 lacry-

449 5106 580 5170 mis,
625 5103 678 5158 in
725 5105 1106 5173 orationibus,
1150 5105 1420 5162 humanus
1467 5120 1712 5166 curatum
1759 5114 2045 5185 episcolius

450 5205 630 5270 potest
659 5195 859 5252 facere.
885 5197 943 5253 Si
973 5199 1277 5254 monachus
1307 5214 1414 5255 non
1442 5200 1541 5256 fuit
1567 5204 1783 5271 quando
1816 5211 2045 5265 recessit

445 5290 516 5344 ab
553 5288 825 5356 Ecclesia,
863 5303 938 5343 vn
975 5291 1133 5344 annis
1166 5292 1451 5360 pteniteat.
1495 5292 1551 5348 Si
1592 5296 1711 5364 quis
1751 5298 2041 5370 episc0pus

447 5383 534 5438 vel
574 5382 863 5454 presbyter
902 5391 995 5437 aut
1040 5382 1303 5438 diaconus
1346 5385 1758 5444 fornicationem
1799 5393 2036 5463 faciens,

446 5474 730 5544 degradari
762 5474 985 5541 debent,
1019 5484 1074 5530 et
1105 5477 1393 5546 poenitere.
1427 5479 1484 5534 Si
1516 5481 1635 5550 quis
1663 5494 1947 5556 postquam
1979 5504 2039 5544 se

436 5567 686 5633 voverit,
715 5568 1034 5623 saecularem
1065 5568 1308 5624 habitum
1343 5575 1650 5641 acceperit,
1682 5576 1812 5633 item
1844 5581 1910 5635 ad
1938 5583 2037 5638 ali-

434 5671 599 5727 quem
636 5660 864 5727 gradum
895 5661 1160 5716 accedere
1201 5664 1424 5719 omnino
1467 5682 1574 5721 non
1605 5667 1788 5726 debet.
1827 5675 1882 5729 Si
1915 5679 2034 5747 quis

429 5747 874 5828 presbyterorum
898 5794 914 5821 ,
961 5762 1054 5810 aut
1080 5753 1430 5815 diaconorum
1460 5774 1683 5820 uxorem
1715 5775 2026 5827 extraneam

2157 4556 2256 4610 lier
2285 4569 2389 4608 non
2421 4553 2544 4608 licet
2576 4561 2759 4606 votum
2790 4567 2995 4608 vovere
3023 4553 3141 4608 sine
3169 4568 3440 4609 consensu
3472 4553 3572 4608 viri
3606 4573 3619 4608 :
3652 4554 3750 4610 sed

2155 4647 2201 4703 si
2235 4646 2505 4712 voluerit,
2533 4645 2733 4700 dimitti
2763 4656 2940 4716 potest
2966 4647 3171 4716 judicio
3199 4649 3521 4703 sacerdotis.
3560 4649 3754 4706 Mulier

2153 4755 2274 4810 qua:
2318 4753 2379 4793 se
2420 4753 2572 4792 more
2613 4735 2988 4793 fornicationis
3019 4738 3320 4793 adulteram
3363 4740 3750 4809 conjunxerit,

2153 4843 2243 4888 aut
2266 4849 2339 4888 vn
2371 4840 2467 4888 aut
2490 4848 2548 4887 ut
2573 4846 2747 4886 annos
2770 4832 3054 4901 ptettiteat,
3081 4835 3225 4886 sicut
3253 4831 3566 4887 fornicator.
3596 4834 3754 4889 Sicut

2152 4939 2205 4984 et
2237 4928 2323 4981 illa
2355 4943 2475 4997 quae
2506 4941 2692 4981 semen
2735 4925 2816 4978 sui
2859 4924 2911 4979 in
2943 4925 3067 4979 cibo
3096 4926 3316 4991 miscet,
3364 4936 3420 4979 ut
3450 4925 3590 4980 idem
3625 4926 3749 4994 plus

2153 5023 2354 5077 amoris
2380 5021 2628 5091 accipiat.
2677 5019 2826 5075 Uxor
2855 5034 2975 5089 qua:
3015 5034 3111 5088 pro
3152 5017 3396 5073 remedio
3427 5017 3744 5088 sanguinem

2151 5119 2251 5172 viri
2299 5121 2381 5172 sui
2431 5114 2764 5187 gustaverit,
2815 5127 2948 5167 xvm
2997 5111 3113 5167 dies
3161 5112 3438 5182 poeniteat.
3489 5109 3743 5166 Mulieres

2150 5220 2433 5267 menstruo
2461 5221 2708 5279 tempore
2739 5221 2845 5261 non
2880 5206 3083 5260 intrent
3110 5206 3164 5259 in
3197 5205 3491 5260 Ecclesiam
3512 5244 3527 5270 ,
3561 5217 3744 5273 neque

2148 5304 2586 5369 communicent,
2620 5316 2722 5357 nec
2747 5300 2897 5355 laica:
2923 5314 3024 5354 nec
3053 5299 3366 5363 monachae;
3404 5306 3457 5351 et
3483 5296 3525 5350 si
3557 5295 3742 5365 ipsum

2147 5399 2511 5470 sumpserint,
2544 5411 2602 5451 ιιι
2635 5393 3005 5450 hebdomadas
3026 5394 3296 5462 jejunent.
3329 5391 3588 5447 Similiter
3617 5407 3744 5462 pte.

2144 5493 2316 5548 niteat
2336 5479 2458 5562 qua:~
2485 5490 2650 5544 intrat
2673 5488 2726 5542 in
2752 5487 3050 5543 Ecclesiam
3077 5499 3203 5542 ante
3229 5485 3493 5540 mundum
3517 5488 3744 5556 sangui-

2141 5601 2262 5642 nem
2288 5594 2410 5655 post
2437 5593 2670 5653 partum,
2702 5599 2769 5636 ιιι.
2795 5582 2912 5637 dies
2941 5582 3220 5650 pmnitcat.
3250 5581 3351 5647 Qui
3379 5580 3631 5650 nupserit
3653 5580 3743 5637 his

2138 5676 2496 5748 temporibus,
2531 5691 2644 5730 xxx
2668 5675 2784 5730 dies
2808 5677 3089 5745 paeniteat.
3117 5675 3218 5742 Qui
3250 5671 3496 5742 nupserit
3519 5673 3610 5727 die
3632 5672 3743 5729 Do-

2136 5775 2338 5840 mnico,
2369 5770 2540 5829 tribus
2563 5771 2753 5828 diebus
2776 5770 3057 5842 poeniteat.
3081 5769 3136 5826 Si
3160 5768 3242 5825 vir
3260 5781 3382 5824 cum
3411 5781 3581 5824 uxore
3601 5782 3705 5826 sua
