4050 6198
504 254 619 313 «Ι»δὸ

1179 356 1519 423 ΕΡιθτοιιΔ

517 524 816 566 (ῑωιοιλτιι
855 523 923 563 Ετ
950 512 1233 560 εῑιιουθκι
1256 510 1615 553 BPJSCOPORUI
1655 509 1723 549 AD
1756 506 1974 549 BEATUS!
1999 506 2118 548 ωε-

638 593 914 642 RONYIUI,
942 590 1011 629 DE
1036 585 1210 628 OPERB
1232 581 1618 625 IAB‘I’YRULOGII
1645 580 1997 622 COLLIGENDO.

521 713 756 770 Domino
781 717 971 773 saneto
997 706 1145 771 Patri
1178 705 1534 773 Hieronymo,
1558 701 1907 761 Chromatius
1932 711 1987 757 et
2016 698 2123 756 lle-

750 780 991 836 iiddor‘us
1019 774 1282 849 episcOpi,
1305 776 1358 831 in
1390 773 1620 829 Domino
1646 776 1901 828 salutem.

588 917 723 974 Cum
766 916 1207 988 religiosissimus
1244 913 1515 984 Augustus
1545 908 1884 967 Theodosius
1920 907 2124 963 Medio-

514 1010 624 1066 lani
654 1007 844 1064 urbem
868 1017 1015 1073 esset
1054 1004 1363 1077 ingressus,
1394 1002 1785 1074 universosque
1815 1000 1981 1058 ltalim
2010 1002 2125 1073 cpi-

517 1116 718 1171 scopos
740 1100 808 1161 ad
829 1116 889 1157 se
910 1100 1218 1167 invitasset,
1246 1108 1301 1153 et
1322 1096 1393 1152 ob
1419 1110 1639 1153 causam
1660 1093 2122 1164 aliquautulorum

518 1194 926 1265 episcoporum,
966 1193 1058 1263 qui
1108 1205 1178 1246 ex
1220 1191 1421 1245 Ariona
1468 1188 1602 1245 faece
1639 1202 1768 1244 suas
1793 1187 2006 1243 animas
2038 1186 2126 1242 ine

517 1287 856 1358 quinassent,
888 1285 1188 1363 inquireret
1226 1299 1241 1337 ε
1298 1282 1528 1353 contigit
1574 1288 1629 1336 et
1674 1289 1917 1335 noStram
1948 1279 2131 1351 parvi-

518 1392 685 1438 tatem
711 1379 765 1437 in
792 1379 987 1437 eodem
1015 1377 1210 1434 adesse
1240 1375 1494 1433 concilio.
1528 1374 1587 1433 in
1618 1392 1725 1447 quo
1748 1388 1871 1429 cum
1896 1372 2127 1431 dicenda

1570 244 1627 299 S.
1673 240 2061 305 HIEBONYHI
2098 239 2385 303 OPERUM
2424 236 2794 301 ιιΑΝτιεεΑ.

2140 358 2198 425 Δ
2224 354 2363 417 dicta
2394 364 2600 418 essent,
2633 362 2690 407 et
2726 350 3038 409 delinieuda
3070 350 3316 419 deﬁnita,
3359 351 3526 422 cmpit
3570 352 3834 421 Christia-

3727 239 3831 297 456

2222 446 2485 501 nissimus
2510 444 2768 513 princeps
2794 442 2854 501 S.
2889 442 3214 513 Gregorium
3244 441 3620 503 Cardubeusis
3644 446 3837 504 Eccle-

2224 539 2319 595 sia:
2359 538 2412 591 in
2460 553 2526 592 co
2566 535 2826 607 praeferre
2866 535 3196 605 antistitem,
3236 537 3381 606 quod
3412 539 3559 597 omni
3585 538 3697 609 die,
3724 541 3835 597 sive

2224 646 2335 687 non
2360 630 2637 701 jejunus.
2666 630 2965 685 matutinas
2996 630 3154 687 :sive
3181 631 3465 702 jejunaas,
3498 635 3838 704 veSpertinas

2224 724 2504 794 explicans
2524 723 2741 791 Missas,
2764 740 2954 781 eorum
2989 731 3312 801 martyrum,
3334 741 3569 797 quorum
3594 728 3836 785 natalitia

2227 828 2431 881 essent,
2462 816 2818 886 plurimorum
2860 816 3075 871 nomina
3112 827 3465 872 memoraret.
3501 817 3837 892 Factumque

2230 921 2313 966 est
2346 919 2403 965 ut
2426 926 2616 965 omnes
2661 919 3024 965 statueremus
3052 910 3118 965 ad
3168 921 3312 966 tuam
3363 912 3611 968 scribere
3655 915 3837 972 chari-

2234 1014 2421 1069 tatem,
2461 1012 2517 1055 ut
2548 1002 2942 1057 famosissimas
2971 1002 3193 1059 feriaies
3222 1004 3293 1059 de
3336 1004 3587 1060 archivio
3631 1007 3691 1063 8.
3726 1008 3836 1063 Eu-

2233 1096 2370 1152 sebii
2410 1092 2673 1151 Caesarea:
2719 1094 3027 1152 Palaestina:
3079 1096 3321 1168 cpisc0pi
3356 1098 3659 1168 inquirens,
3698 1116 3839 1157 mar-

2236 1200 2413 1259 tyrum
2435 1187 2502 1243 ad
2533 1204 2635 1243 nos
2658 1188 2859 1260 dirigas
2883 1188 3018 1245 festa
3045 1206 3061 1247 ;
3091 1199 3150 1244 ut
3173 1190 3447 1261 possimus
3469 1191 3573 1248 hoc
3600 1192 3839 1250 ofﬁcium

2234 1297 2331 1353 per
2363 1291 2511 1338 tuam
2558 1292 2803 1339 sanetam
2846 1281 3171 1340 industriam
3210 1278 3406 1343 melius
3436 1286 3842 1361 perfectiusque

2235 1376 2301 1431 ad
2331 1376 2593 1432 honorem
2622 1376 2718 1433 Dei
2750 1378 3079 1450 martyribus
3108 1377 3388 1435 exhibere.

606 1517 875 1575 Hactenus
899 1512 1002 1571 illi.
1035 1513 1279 1585 Sequitur
1304 1509 1619 1584 Hieronymi
1644 1510 1850 1566 nomine
1868 1508 2085 1582 epistola
2111 1508 2412 1586 hujusmodi
2439 1513 2793 1583 inscriptionis
2824 1516 2977 1571 titulo
3004 1518 3327 1590 consignata.

521 1646 680 1689 ωιΑτι
700 1644 988 1689 ιιιειιοιιῐιι
1018 1646 1187 1687 suasa
1216 1642 1285 1687 ao
1321 1643 1438 1685 IPSO
1474 1645 1543 1685 an
1573 1642 1781 1685 eosnsu
1820 1642 2127 1685 sesrossno.
2162 1630 2210 1691 B
2234 1629 2562 1685 sacriﬁcium
2594 1631 2706 1686 Deo
2729 1631 3048 1698 oﬂ'erentes,
3080 1649 3271 1689 eorum
3308 1634 3527 1691 nomina
3558 1637 3848 1694 meminis-

559 1769 881 1827 Chromatio
910 1777 969 1827 et
1010 1768 1309 1826 Heliodoro
1337 1768 1543 1822 sanctis
1570 1767 1870 1837 episcopis,
1901 1766 2096 1822 iliero—

1056 1855 1251 1911 nymus
1274 1841 1579 1911 presbyter.

594 2002 842 2070 Constat,
875 2001 1166 2058 Dominum
1191 2012 1435 2058 nostrum
1467 1998 1653 2057 Jesum
1675 1999 1948 2056 Christum
1978 1996 2131 2056 omni

520 2096 610 2154 die
636 2106 935 2167 martyrum
966 2109 1189 2150 suorum
1222 2092 1532 2164 triumphos
1579 2092 1855 2163 excipere,
1898 2086 2130 2164 quorum

526 2188 817 2261 passiones
861 2204 891 2243 a
948 2198 1140 2245 saneto
1198 2188 1437 2244 Eusebio
1490 2186 1817 2243 Casariensi
1870 2187 2133 2257 episcopo

526 2284 757 2353 scriptas
785 2281 1109 2354 reperimus.
1133 2280 1267 2337 Nam
1289 2279 1684 2337 Constantinus
1713 2283 1986 2350 Augustus
2006 2292 2131 2335 cum

524 2377 827 2433 Caesaream
855 2378 1039 2433 fuisset
1064 2376 1368 2447 ingressus,
1398 2387 1450 2431 et
1470 2375 1683 2432 diceret
1704 2385 2007 2431 memorato
2032 2391 2133 2429 an—

524 2472 704 2539 tistiti,
734 2480 793 2527 ut
834 2480 1047 2541 peteret
1073 2472 1259 2542 aliqua
1294 2470 1559 2527 beneﬁcia
1589 2470 1918 2526 Caesariensi
1946 2470 2134 2526 Eccle-

526 2567 621 2622 sia:
639 2564 949 2638 profutura,
983 2564 1208 2637 legitur.
1237 2565 1589 2636 respondisse
1628 2564 1921 2620 Eusebium
1957 2581 1972 2618 :
2004 2562 2133 2633 Opi-

523 2660 628 2718 bus
670 2660 785 2715 suis
824 2658 1125 2715 Ecclesiam
1158 2658 1409 2723 ditatam,
1439 2658 1585 2713 nulla
1619 2657 1837 2729 petendi
1871 2656 2131 2713 beneficia

529 2752 865 2809 necessitate
892 2750 1150 2822 compelli
1188 2769 1202 2806 :
1230 2751 1335 2807 sibi
1364 2760 1544 2807 tamen
1577 2749 1907 2807 desiderium
1938 2749 2131 2806 immo.

528 2851 640 2908 bile
684 2850 982 2917 exstitisse,
1028 2857 1087 2906 ut
1128 2849 1391 2920 quidquid
1443 2848 1499 2903 in
1539 2847 1839 2918 Republica
1888 2845 2131 2900 Romana

526 2952 744 3017 gestum
775 2943 845 2998 sit
871 2958 1001 3013 erga
1033 2950 1253 2997 sanctos
1295 2941 1384 2998 Dei
1410 2941 1623 3012 judices
1642 2938 1919 3009 judicibus
1944 2953 2131 2994 succe-

2235 1733 2359 1778 sent
2390 1742 2404 1777 :
2437 1724 2747 1790 studentes,
2772 1726 2864 1797 qui
2895 1726 2985 1783 die
3014 1726 3155 1799 ipso,
3183 1744 3291 1800 quo
3323 1730 3648 1787 sacriﬁcium
3674 1732 3841 1789 offer-

2234 1824 2409 1883 retur,
2438 1816 2677 1874 victores
2725 1817 2926 1875 diaboli
2975 1821 3334 1887 exstitissent,
3388 1832 3443 1880 et
3488 1826 3735 1897 martyrii
3764 1830 3849 1885 sui

2235 1908 2511 1978 triumpho
2555 1911 2846 1980 pollentes,
2891 1921 3057 1983 atque
3102 1922 3332 1973 ovantes
3362 1916 3429 1971 ad
3459 1933 3645 1988 regem
3688 1934 3845 1975 suum

2235 2000 2618 2069 pervenissent
2670 1999 2976 2060 Christum.
3022 2004 3134 2061 ilac
3180 2006 3253 2062 de
3295 2022 3460 2063 causa
3505 2010 3848 2081 singulon

2236 2092 2505 2148 mensium
2529 2133 2545 2160 ,
2576 2093 3024 2167 singulorumque
3078 2095 3290 2155 dierum
3324 2098 3463 2156 festa
3514 2104 3838 2174 conscripsi-

2239 2199 2383 2251 mus,
2414 2196 2472 2241 ut
2496 2187 2695 2256 jubere
2733 2189 3128 2261 dignabamini,
3175 2195 3474 2264 perennem
3499 2207 3706 2255 nostra:
3730 2216 3852 2271 par-

2233 2279 2423 2336 vitatis
2450 2283 2770 2338 memoriam
2804 2284 2920 2339 fore
2944 2287 3242 2343 credentes
3266 2304 3391 2344 cum
3423 2290 3618 2348 diebus
3645 2310 3748 2366 per
3773 2304 3852 2351 tet

2233 2387 2506 2429 annorum
2553 2377 2729 2445 spatia
2782 2388 2965 2432 sancta
3018 2388 3332 2437 sanctorum
3382 2385 3601 2440 nomina
3648 2388 3855 2446 fuerint

2235 2465 2426 2523 festive
2463 2468 2767 2524 celebrata.
2799 2471 2863 2525 Et
2911 2472 3167 2543 quoniam
3198 2491 3293 2545 per
3315 2476 3558 2545 singulos
3582 2478 3726 2549 dies,
3761 2483 3846 2538 di-

2232 2577 2515 2618 versarum
2580 2564 3027 2633 provinciarum,
3100 2567 3552 2642 diversarumque
3616 2575 3835 2631 urbium

2234 2655 2520 2728 plusquam
2544 2659 3005 2729 octingentorum,
3028 2668 3086 2715 et
3112 2672 3511 2733 nongentarum
3538 2675 3839 2741 martyrum

2233 2760 2360 2805 sunt
2388 2751 2605 2806 nomina
2640 2753 2912 2809 nominata
2948 2772 2962 2810 :
2997 2763 3054 2810 ut
3082 2755 3267 2811 nullus
3314 2756 3432 2813 dies
3472 2759 3565 2825 sit,
3605 2761 3700 2830 qui
3733 2778 3840 2818 non

2234 2841 2379 2896 intra
2413 2843 2829 2912 quingentorum
2856 2860 3144 2903 numerum
3194 2850 3421 2918 reperiri
3472 2853 3650 2921 possit
3678 2854 3850 2911 ascri-

2235 2946 2383 3006 ptus,
2410 2946 2665 3007 exempto
2706 2939 2795 2995 die
2817 2938 3172 2997 kalendarum
3213 2944 3633 3011 Januariarum;
3666 2948 3848 3003 consi-

528 3036 725 3093 dentes
766 3034 821 3091 iu
849 3034 1106 3091 universo
1135 3034 1267 3092 orbe
1296 3034 1573 3101 Romano,
1604 3032 1840 3088 sollicita
1870 3047 2125 3101 perscru-
2153 3021 2199 3086 C
2232 3030 2432 3086 derans
2478 3031 2621 3091 inter
2663 3032 3092 3092 innumerabiles
3122 3037 3313 3094 turbas
3338 3037 3562 3095 lectoris
3595 3042 3841 3097 animum

528 3130 759 3197 tatione,
810 3136 1162 3184 monumenta
1193 3128 1408 3198 publica
1442 3124 1806 3190 discutienda,
1850 3126 2128 3196 perquire-

529 3231 682 3287 rent;
732 3229 787 3277 et
829 3220 923 3292 qui
976 3231 1302 3291 martyrum,
1334 3232 1365 3271 a
1396 3233 1503 3288 quo
1530 3215 1735 3287 judice,
1768 3217 1820 3272 in
1848 3232 1951 3289 qua
1998 3233 2127 3289 pro-

528 3314 728 3379 vincia,
781 3314 868 3369 vel
917 3313 1162 3375 civitate.
1195 3326 1300 3383 qua
1342 3311 1451 3375 die,
1492 3325 1667 3381 quave
1696 3312 2124 3382 perseverantia,

527 3407 798 3476 passionis
826 3421 939 3461 suae
965 3406 1319 3462 obtinuerunt
1340 3404 1593 3473 palmam,
1623 3404 1691 3459 de
1730 3404 1861 3474 ipsis
1886 3404 2127 3460 archivis

526 3496 745 3554 sublata
785 3497 889 3568 ipsi
940 3498 1200 3564 Eusebio,
1234 3497 1384 3568 regio
1408 3495 1589 3567 jussu,
1619 3495 1937 3569 dirigerent.
1973 3495 2129 3553 Unde

528 3591 730 3646 factum
759 3600 866 3657 est,
895 3599 955 3647 ut
980 3591 1213 3649 idoneus
1234 3591 1440 3655 relator
1465 3592 1730 3660 existens,
1759 3602 1814 3655 et
1842 3589 2130 3649 ecclesias-

529 3682 693 3738 ticam
725 3681 1008 3738 historiam
1045 3695 1345 3749 retexeret,
1383 3693 1438 3739 et
1466 3684 1709 3739 omnium
1756 3700 1894 3755 pene
1923 3694 2128 3757 marty-

529 3788 650 3837 rum
680 3772 1085 3844 provinciarum
1113 3776 1353 3830 omnium
1374 3775 1743 3832 Romanarum
1774 3787 1971 3846 tropzea
2000 3777 2127 3833 dili-

526 3878 662 3934 geas
683 3863 1153 3938 historiographus
1180 3866 1479 3927 declararet
1505 3885 1520 3923 :
1554 3877 1819 3940 quatenus
1844 3870 1991 3925 omni
2032 3869 2123 3928 die

2237 3124 2379 3180 intra
2406 3140 2572 3181 unum
2598 3141 2842 3183 mensem
2874 3142 3037 3199 posse
3068 3129 3400 3189 lassescere:
3430 3146 3499 3188 ne
3520 3132 3572 3187 id
3599 3134 3845 3202 eveniat,

2236 3216 2474 3274 breviter
2506 3227 2562 3274 et
2604 3221 2885 3274 succincte
2908 3235 3119 3284 eorum.
3143 3222 3236 3287 qui
3259 3231 3386 3278 sunt
3415 3223 3469 3278 in
3497 3226 3840 3295 amplissima

2237 3309 2531 3367 festivitate
2565 3311 2617 3366 in
2647 3311 2761 3366 suis
2790 3310 2921 3365 locis
2948 3321 3155 3366 tantum
3192 3329 3301 3382 pra:
3347 3316 3601 3373 omnibus
3634 3335 3847 3375 memo-

2236 3413 2388 3459 ratus
2416 3420 2557 3471 sum,
2608 3414 2665 3461 ut
2711 3414 2991 3475 amputato
3030 3405 3273 3475 fastidio,
3312 3424 3452 3464 unus
3481 3410 3552 3466 de
3582 3414 3843 3470 omnibus

2234 3495 2471 3550 sufficiat
2509 3494 2726 3551 libellus
2763 3498 3055 3567 ascriptus.
3097 3497 3242 3554 Sane
3272 3499 3325 3554 in
3371 3500 3543 3572 prima
3592 3513 3750 3571 parte
3777 3505 3845 3559 li-

2230 3587 2385 3657 belli,
2435 3589 2679 3645 omnium
2708 3578 2987 3645 beatorum
3015 3590 3391 3662 apostolorum
3426 3593 3556 3649 testa
3592 3597 3842 3651 conscri-

2232 3681 2463 3749 psimus,
2494 3689 2552 3736 ut
2598 3680 2715 3738 dies
2761 3682 2893 3737 varii
2929 3698 3035 3738 non
3066 3683 3353 3740 vidcantur
3390 3684 3657 3751 dividere,
3695 3703 3840 3759 quos

2231 3789 2337 3829 una
2364 3774 2600 3844 dignitas
2638 3775 2978 3846 apostolatus
3013 3776 3069 3833 in
3096 3776 3309 3834 caelesti
3335 3777 3514 3849 gloria
3544 3779 3675 3836 fecit
3708 3796 3837 3838 esse

2230 3870 2514 3927 sublimes.

528 4002 3808 4031 mm

1130 4153 2196 4241 MARTYROLOGIUM
2272 4156 3242 4245 VETUSTISSIMUM

1403 4314 1455 4367 S.
1483 4311 1841 4366 HIERONYMI
1862 4311 2259 4367 PRESBYTERI
2281 4313 2529 4369 NOMINE
2550 4312 2945 4367 lNSlGNlTUM.

669 4569 1015 4655 FESTA
1069 4538 1954 4647 APOSTOLOBUM.

1046 4706 1113 4764 In
1140 4709 1294 4763 vicem
1318 4705 1589 4761 Promii.

582 4827 757 4884 Tertio
786 4828 893 4885 kal.
920 4826 1076 4883 Julii.
1106 4826 1294 4883 Romae
1322 4822 1521 4879 natalis
1560 4820 1931 4893 apostolorum
1961 4818 2109 4881 Petri

508 4928 563 4974 et
592 4920 744 4975 Pauli

578 5028 615 5066 ll
647 5012 752 5067 kal.
784 5013 1098 5070 Decembris.
1144 5010 1357 5068 Natalis
1384 5007 1618 5067 Andrea:
1656 5006 1885 5080 apostoli
1924 5007 1980 5064 in
2018 5006 2100 5064 ci-

502 5105 669 5159 vitate
709 5103 901 5159 Patras
929 5104 1223 5173 provincia:
1250 5101 1493 5159 Achaiae.

571 5196 675 5251 kal.
714 5195 865 5251 Maii.
913 5197 969 5251 In
999 5198 1214 5251 civitate
1257 5194 1533 5264 Hierapoli
1563 5193 1858 5267 provincia
1914 5195 2057 5251 Asia:
2084 5237 2099 5262 ,

494 5289 771 5361 depositio
795 5287 1026 5359 Philippi
1060 5290 1290 5360 apostoli
1321 5299 1367 5344 ⁸.

2124 4551 2179 4613 Ι)
2276 4564 2333 4605 vr
2360 4548 2467 4605 kal.
2494 4550 2762 4609 Januarii.
2802 4551 3085 4613 Ordinatio
3133 4556 3480 4628 episcopatus
3528 4555 3589 4613 S.
3628 4555 3821 4616 Jacobi

2214 4644 2445 4714 apostoli
2475 4644 2661 4702 fratris
2698 4647 2941 4716 Domini,
2971 4650 3065 4720 qui
3106 4650 3177 4704 ab
3221 4650 3484 4720 apostolis
3512 4651 3723 4722 primus
3750 4668 3820 4708 ex

2212 4734 2417 4792 Judazis
2473 4738 2861 4812 Hierosolyma:
2914 4753 3001 4799 est
3051 4742 3340 4814 episeopus
3391 4743 3695 4798 ordinatus.
3752 4746 3819 4800 Et

2211 4830 2534 4901 Assumptio
2564 4832 2623 4890 S.
2662 4834 2891 4891 Joannis
2935 4836 3286 4907 evangelista:
3342 4836 3482 4907 apud
3536 4836 3816 4907 Ephesum

2208 4924 2483 4980 civitatem
2539 4925 2695 4997 cujus
2733 4929 2987 4997 sepulcro
3017 4944 3213 4984 manna
3237 4930 3482 4983 scaturit.

2282 5031 2352 5070 vn
2380 5015 2485 5071 kal.
2518 5017 2757 5091 Augusti.
2785 5018 2989 5075 Natalis
3029 5019 3086 5076 S.
3108 5020 3295 5076 Jacobi
3325 5022 3595 5092 apostoli,
3625 5020 3817 5078 fratris

2208 5110 2435 5166 Joannis
2464 5112 2833 5183 evangelistte.

2277 5218 2332 5256 ut
2360 5203 2463 5257 Ital.
2497 5204 2643 5274 Sept.
2674 5204 2878 5259 Natalis
2908 5205 2965 5261 S.
3000 5204 3383 5260 Bartholomati
3410 5201 3643 5273 apostoli
3673 5244 3686 5267 ,
3714 5206 3814 5275 qui

2206 5293 2500 5347 decollatus
2526 5304 2609 5351 cst
2640 5297 2692 5350 in
2724 5298 2872 5351 india
2900 5298 3158 5353 citeriore
3193 5313 3293 5369 pro
3336 5297 3553 5352 Christo
3576 5337 3594 5364 ,
3648 5296 3814 5367 jussu

569 5400 640 5438 xu
672 5383 780 5438 Ital.
820 5382 1087 5437 Januarii.
1134 5382 1340 5437 Natalis
1394 5381 1617 5438 Thoma:
1671 5382 1947 5453 apostoli,
2004 5382 2097 5455 qui
2202 5386 2346 5457 regis
2375 5386 2658 5456 Astriagis.

492 5491 687 5548 passus
715 5484 798 5532 est
824 5477 879 5531 in
912 5475 1082 5531 India.

2275 5492 2326 5531 χι
2348 5476 2452 5531 ltal.
2484 5476 2666 5533 Octob.
2693 5477 2901 5538 Natalis
2926 5480 2986 5539 S.
3018 5482 3257 5539 Matthxi
3283 5481 3541 5554 apostoli,
3562 5490 3622 5539 et
3642 5498 3815 5541 evan-

556 5665 584 5694 ·
604 5658 852 5743 Philippi
874 5658 1115 5743 apostoli.
1138 5662 1319 5743 aliter
1346 5678 1475 5723 sane
1502 5662 1809 5731 Eusebius;
1842 5659 2161 5740 Philippum
2188 5660 2332 5722 enim
2352 5700 2367 5731 ,
2398 5677 2505 5719 non
2528 5662 2868 5736 apostolum,
2891 5663 2990 5725 sed
3014 5680 3185 5726 unum
3208 5680 3240 5725 e
3269 5674 3481 5739 septem
3514 5663 3772 5727 diaconis
3790 5706 3810 5743 ,

484 5726 755 5801 Hierapoli
786 5725 1091 5789 decessisse
1121 5727 1270 5789 dicit.
1376 5798 1381 5807 ,
