4048 6318
255 249 359 307 137

1328 244 1889 306 γετυετιςεηιωί
1928 246 2450 309 KALENDARHJM.

3454 264 3562 323 453

250 365 489 438 genus,
519 366 611 438 qni
636 379 736 437 pro
759 362 964 421 Christi
976 363 1200 421 nomine
1227 377 1422 435 passus
1450 370 1534 419 est
1564 363 1618 418 in
1648 360 1863 418 IEthio-
1888 366 1943 425 Α
1967 365 2263 421 secundum
2289 380 2534 426 carnem.
2565 368 2625 426 in
2662 358 2885 428 Oriente
2906 416 2920 439 ,
2965 374 3253 447 Stephani,
3312 375 3565 437 Nicome-

254 460 370 530 pia,
400 459 627 518 civitate
654 457 959 514 Thartium.

329 567 364 605 v
392 550 497 605 kal.
528 550 776 606 Novemb.
806 549 1011 604 Natalis
1040 549 1415 619 apostolorum
1442 546 1684 606 Simonis
1714 546 1859 602 Cha-

260 646 457 709 nanaei,
499 642 731 700 etJudae
760 642 998 708 Zelotis,
1051 642 1142 711 qui
1171 656 1201 697 a
1236 641 1560 712 templorum
1593 639 1865 711 pontiﬁci-

257 739 362 795 bus
389 737 559 794 occisi
583 749 711 794 sunt
740 738 795 795 in
828 736 1015 807 Sosia,
1047 736 1266 794 civitate
1290 753 1485 810 magna
1512 737 1655 808 apud
1688 738 1867 794 Persi-

260 832 407 886 dem.

200 940 203 941 '
306 918 724 992 INCIPIT
796 916 1816 990 MABTYROLOGIUM.

333 1045 425 1085 vui
456 1030 564 1085 lml.
606 1028 879 1085 Januarii.
922 1028 1242 1085 Bethlehem
1274 1029 1529 1083 nativitas
1568 1027 1872 1083 Salvatoris

261 1114 449 1181 nostri.
468 1124 597 1181 lcsu
626 1123 831 1180 Christi
857 1122 1155 1179 secundum
1171 1137 1414 1177 carnem.
1442 1121 1633 1177 Romae
1662 1121 1865 1187 Juvini,

260 1216 528 1284 Pastoris,
562 1216 776 1281 Basilei,
825 1217 1136 1281 Victurinac,
1174 1214 1409 1281 Achilei,
1443 1213 1704 1280 Euticeti,
1739 1212 1865 1268 Sin‘

263 1310 523 1377 froniani,
544 1310 844 1375 Saturnini,
876 1308 1085 1363 Timedi
1107 1350 1121 1375 ,
1162 1307 1354 1375 lgnatii
1377 1349 1391 1374 ,
1420 1306 1665 1379 Cyriaci,
1698 1307 1866 1378 Gagi,

259 1405 556 1471 Januarire,
588 1404 779 1458 Dativi.
812 1403 881 1457 Et
917 1404 967 1457 in
1002 1402 1322 1457 cmmcterio
1373 1402 1674 1472 Aproniani
1707 1444 1722 1470 ,
1783 1402 1867 1456 via

261 1495 483 1562 Latina,
514 1496 702 1550 Romae
727 1494 907 1565 passio
930 1502 1135 1550 sanctae
1164 1492 1425 1563 Eugenire
1446 1485 1702 1564 virginis,
1732 1492 1869 1565 Syr-

267 1588 425 1656 miae,
457 1592 511 1643 et
566 1586 889 1642 Anastasiae.
937 1584 1270 1655 Mediolani,
1326 1585 1649 1642 Felicitatis.
1697 1586 1765 1641 Et
1814 1586 1867 1641 in

261 1680 550 1751 Pergamio
578 1681 635 1738 S.
665 1679 967 1737 Saturnini.
999 1678 1505 1751 Constantinopoli,
1538 1679 1596 1739 S.
1633 1682 1869 1737 Anasta-

261 1789 359 1832 811.

336 1885 410 1926 vn
429 1868 535 1925 kal.
561 1867 829 1926 Januarii.
880 1868 938 1923 In
971 1868 1107 1925 urbe
1159 1867 1652 1940 Hierosolymitana
1681 1909 1696 1936 ,
1747 1867 1874 1925 villa

261 1963 668 2034 Kafargamala,
698 1961 881 2033 passio
917 1960 975 2018 S.
1007 1960 1268 2033 Stephani
1303 1960 1517 2018 diaconi
1546 2001 1563 2028 ,
1619 1961 1875 2031 martyris

263 2065 325 2111 ct
350 2055 613 2127 apostoli,
641 2055 732 2126 qui
766 2054 1038 2125 lapidatus
1065 2064 1146 2110 est
1180 2069 1208 2108 a
1236 2054 1460 2111 Judzris.
1495 2053 1683 2109 Roma:
1710 2098 1726 2124 ,
1776 2054 1874 2111 dc-

266 2148 474 2218 positio
501 2148 562 2207 S.
594 2148 861 2220 Dionysii,
897 2148 1065 2203 Heliae
1085 2189 1102 2215 ,
1132 2146 1426 2203 Dorostoli.
1464 2146 1523 2202 in
1547 2146 1835 2203 Antiochia
1857 2191 1872 2216 ,

264 2240 490 2306 Juliani,
521 2240 795 2305 Martiani,
826 2239 1091 2309 Neandri,
1122 2239 1416 2296 ianuarias.

338 2349 391 2388 vi
415 2330 520 2387 Ital.
549 2331 815 2386 Januarii.
852 2333 1170 2403 Assumptio
1219 2333 1280 2389 S.
1328 2332 1554 2390 Joannis
1603 2332 1876 2403 evangeli-

267 2437 367 2479 stre
388 2425 531 2494 apud
559 2424 854 2495 Ephesum.
887 2425 956 2479 Et
986 2426 1261 2481 ordinatio
1292 2426 1641 2496 episcopatus
1696 2426 1753 2481 S.
1785 2426 1877 2480 Ja-

266 2518 389 2573 cobi
423 2517 607 2572 fratris
637 2518 877 2585 Domini,
898 2519 992 2588 qui
1018 2519 1088 2574 ab
1125 2518 1385 2588 apostolis
1436 2520 1642 2588 primus
1692 2533 1755 2574 ex
1786 2518 1878 2574 Ju-

267 2610 405 2666 daeis
426 2611 828 2683 Hierosolymis
865 2619 949 2666 est
979 2611 1270 2681 episcopus
1299 2611 1611 2679 ordinatus,
1661 2621 1713 2668 et
1741 2621 1876 2669 tem-

269 2718 406 2774 pore
439 2704 683 2774 paschali
713 2705 979 2776 martyrio
1004 2716 1320 2760 coronatus.
1711 2698 1717 2703 ’

346 2813 375 2853 v
399 2798 506 2853 kal.
536 2797 808 2855 Januarii.
835 2798 1152 2853 Bcthlehem
1171 2840 1185 2864 ,
1224 2798 1418 2852 natalis
1453 2806 1763 2853 sanctorum
1792 2797 1880 2854 ln-

268 2890 499 2946 fantium
524 2900 580 2947 et
612 2890 953 2946 Lactentium
981 2932 995 2956 ,
1028 2891 1119 2961 qui
1157 2888 1259 2944 sub
1288 2889 1499 2946 Herode
1530 2904 1630 2960 pro
1658 2888 1878 2947 Christo

272 2983 416 3054 passi
449 2994 599 3039 sunt.
632 2987 863 3056 Ancyra
890 2983 1145 3049 Galatiae,
1176 2983 1351 3040 Eutici
1384 2983 1695 3053 Presbyteri
1723 3027 1737 3050 ,
1770 2983 1876 3038 Do-

272 3077 484 3132 mitiani
516 3076 755 3131 diaconi.
787 3078 848 3129 Et
874 3077 925 3129 in
953 3075 1158 3137 Africa,
1188 3075 1423 3141 Castori,
1457 3075 1668 3140 Octavi,
1694 3074 1877 3131 Victo-

1964 458 2088 525 diaa,
2122 457 2450 529 Enphrosini
2483 452 2753 534 episcopi,
2771 463 3063 533 Primiani,
3107 481 3159 524 et
3199 472 3431 527 aliorum
3461 484 3564 529 no-

1964 566 2108 607 vem.
2141 552 2197 607 In
2223 551 2378 607 Retia
2407 598 2420 622 ,
2452 552 2684 619 Evcntii,
2714 557 3004 612 Hermetis.
3029 558 3315 621 (Bononia:
3339 608 3352 630 ,
3411 563 3508 622 Gai
3542 606 3559 633 ,

1970 642 2219 699 lleraelii.
2245 643 2304 699 in
2335 644 2538 712 Africa,
2566 642 2822 715 Victoris,
2849 646 3048 703 Felicis
3071 692 3085 716 ,
3134 651 3371 708 Narcissi
3399 696 3412 717 ,
3465 656 3567 711 Ar-

1967 738 2093 809 giri,
2123 747 2181 793 et
2210 738 2439 793 aliorum
2464 747 2719 810 quatuor,
2748 741 2966 811 Papatis
2992 785 3006 808 ,
3048 742 3310 800 Primiani
3336 787 3350 812 ,
3379 748 3565 805 Satur-

1971 832 2105 885 nini.
2138 831 2269 885 Item
2308 832 2589 887 Saturnini
2625 876 2638 899 ,
2690 833 2924 890 Victoris
2950 877 2964 901 ,
3012 836 3314 907 Honorati,
3362 838 3523 896 Lcusi
3549 887 3564 911 ,

1970 924 2266 981 Hermelis.
2296 924 2582 981 Romtevia
2600 926 2793 997 Appia,
2820 942 3038 983 corona:
3068 929 3299 985 militum
3326 932 3566 1003 triginta.

1972 1016 2255 1072 Ravenna:
2276 1057 2290 1082 ,
2321 1016 2592 1086 depositio
2622 1019 2795 1075 sancti
2840 1018 3031 1076 Seve‘ri
3060 1021 3418 1079 confessoris.
3454 1026 3563 1078 An-

1971 1113 2272 1182 gustiduno,
2318 1112 2576 1183 depositio
2609 1112 2670 1167 B.
2704 1113 2946 1187 Agripini
2978 1117 3227 1187 episc0pi.
3264 1115 3327 1170 In
3371 1118 3572 1173 civitate

1972 1204 2261 1271 Ruspensi,
2286 1204 2543 1276 depositio
2572 1204 2724 1261 Beati
2754 1206 3025 1278 Fulgentii
3068 1210 3298 1280 episcopi
3351 1219 3399 1265 et
3441 1227 3571 1266 con-

1971 1295 2203 1365 fessoris.
3141 1328 3147 1335 .
3164 1312 3167 1313 ν

2042 1399 2094 1439 tv
2122 1400 2245 1438 non.
2278 1380 2403 1437 Jan.
2427 1383 2753 1453 Antiochiae,
2785 1385 3297 1463 Siridonieepiscolii
3326 1392 3575 1465 ejusdem

1969 1474 2095 1531 loci.
2123 1475 2690 1543 Stratonici,'uacarii
2720 1477 2982 1545 Abbatis,
3024 1480 3207 1538 Saturi
3240 1525 3253 1548 ,
3286 1485 3579 1542 Possesso-

1970 1571 2070 1638 ris,
2100 1569 2290 1638 Firmi,
2322 1569 2659 1638 Maximiani,
2694 1573 3009 1642 Acutionis,
3042 1574 3314 1633 Timothei
3343 1620 3356 1644 ,
3409 1580 3578 1635 Herc-

1969 1665 2059 1719 sii.
2088 1664 2347 1727 Arthaxa,
2366 1663 2583 1730 Vitalis,
2611 1667 2822 1732 Acutte,
2848 1667 3055 1723 Tobiae.
3082 1668 3149 1723 Et
3183 1671 3236 1725 in
3265 1670 3570 1745 Ethiopia,

1902 1747 1946 1811 Β
1975 1755 2209 1826 Rutulas,
2243 1757 2499 1823 Claudiae,
2552 1758 2770 1829 Aurigae
2804 1799 2819 1825 ,
2872 1758 3080 1818 Vitalis.
3138 1763 3531 1838 Hierosolymm
3556 1812 3571 1838 ,

1975 1848 2263 1920 Stephani.

2049 1952 2109 1993 in
2136 1956 2258 1993 non.
2283 1938 2409 1993 Jan.
2450 1939 2506 1994 In
2547 1939 2893 2012 liellesponto
2916 1985 2930 2009 ,
2963 1943 3181 2002 civitate
3219 1947 3471 2005 Paretbia
3501 1959 3526 1991 η
3555 1998 3571 2022 ,

1977 2029 2178 2103 Cyrici,
2209 2031 2400 2099 Primi,
2424 2032 2758 2103 Theugenis.
2791 2034 2857 2090 Et
2885 2035 3107 2093 civitate
3136 2040 3317 2099 Tomis
3347 2086 3360 2110 ,
3406 2044 3569 2101 Clau-

1978 2125 2178 2192 dionis,
2211 2125 2462 2195 Eugenii,
2496 2126 2653 2190 Rodi,
2685 2138 2740 2181 et
2761 2128 2923 2183 trium
2956 2128 3183 2187 fratrum
3210 2136 3400 2206 Argei,
3446 2138 3581 2194 Nar-

1978 2219 2144 2286 cissi,
2184 2230 2238 2275 et
2274 2220 2573 2276 Marcellini
2615 2222 2815 2293 pueri,
2870 2221 3245 2283 Christianiﬁli
3302 2231 3580 2302 episcopi,

1982 2314 2239 2385 Eugenti,
2274 2315 2535 2371 Rodonis.
2570 2318 2846 2387 lnAlr'ica,
2883 2322 3128 2391 Lucidei,
3152 2324 3437 2390 Martialis,
3462 2327 3583 2381 Sta.

1988 2407 2200 2472 Iuliani,
2232 2410 2566 2477 Constantis,
2600 2410 3243 2485 Possessoris,ﬂiiarini,
3289 2419 3541 2474 Pcnnica:
3566 2460 3586 2487 ,

1982 2497 2170 2564 Firmi,
2203 2499 2457 2570 Candidi,
2482 2502 2771 2574 Rogatiani
2793 2547 2810 2572 ,
2852 2506 3107 2578 Eugeniae
3133 2551 3147 2572 ,
3180 2511 3391 2565 Acutae.
3452 2498 3584 2565 Item

1980 2590 2225 2647 Candidi.
2286 2592 2505 2649 Parisiis
2532 2638 2547 2662 ,
2600 2596 2661 2652 S.
2707 2596 2988 2669 Genovefw
3035 2602 3270 2672 virginis.
3312 2602 3529 2658 Vienna:
3562 2646 3578 2671 ,

1980 2684 2127 2741 Beati
2157 2683 2417 2741 Florentii
2449 2691 2679 2761 epist-api
2704 2700 2751 2745 et
2786 2695 3118 2762 confessoris.

2052 2794 2088 2834 ll
2117 2795 2241 2834 non.
2275 2778 2402 2834 Jan.
2429 2780 2486 2835 In
2514 2782 2715 2852 Africa,
2744 2784 3006 2856 Aquilini,
3031 2787 3300 2855 Germini,
3329 2788 3585 2858 Engenti,

1983 2874 2262 2940 Martiani,
2291 2875 2499 2945 Quinti,
2532 2877 2826 2949 Theodoti,
2868 2879 3163 2950 Triphonis
3190 2926 3203 2946 ,
3248 2883 3301 2937 in
3342 2866 3590 2939 Oriente.

1986 2968 2233 3023 Bononia
2260 2968 2503 3039 civitate,
2532 2970 2824 3041 Hermetis,
2860 2974 3015 3046 Agri,
3049 2975 3170 3042 Gai,
3200 2976 3365 3045 Petri,
3399 2977 3590 3045 Marci,

1984 3061 2201 3129 Sereni,
2227 3063 2414 3129 Setini,
2448 3066 2774 3121 Anastasius.

244 3170 369 3233 .ris,
398 3168 574 3235 Gata',
601 3168 821 3238 Rogati,
857 3166 1105 3234 Eusebii,
1148 3167 1367 3222 Probati
1388 3139 1698 3234 ,IJanuarii,
1723 3167 1878 3223 Satu-
1904 3139 1952 3202 Ο
2057 3154 2201 3211 Non.
2231 3154 2356 3211 Jan.
2391 3157 2448 3211 In
2479 3159 2686 3227 Africi,
2710 3160 2909 3216 Felicis
2934 3204 2948 3225 ,
2998 3163 3236 3217 Secundi
3265 3203 3279 3226 ,
3334 3162 3535 3217 Honori
3564 3203 3584 3229 ,

270 3262 362 3324 rii,
391 3260 635 3315 Catonis.
668 3258 986 3322 Restitutus,
1037 3258 1335 3314 Saturnini.
1382 3257 1451 3313 Et
1507 3259 1561 3313 in
1604 3258 1834 3314 Thracia
1861 3301 1878 3327 ,

271 3355 489 3421 Gaiani,
529 3353 793 3408 Domitizc.
833 3353 897 3407 Et
932 3353 984 3406 in
1016 3352 1217 3408 Edessa
1240 3392 1255 3419 ,
1307 3353 1594 3408 translatio
1631 3352 1881 3424 corporis

272 3447 316 3500 S
330 3484 343 3497 .
372 3444 597 3499 Thalnae
628 3444 885 3513 apostoli.

351 3555 401 3595 tv
429 3539 533 3593 kal.
565 3538 828 3594 Januarii.
862 3539 922 3603 In
952 3538 1155 3605 Africa,
1188 3539 1429 3608 Domitii,
1485 3539 1718 3607 Victori,
1749 3539 1877 3595 Cre-

274 3633 475 3698 scenti,
502 3633 783 3698 Primiani,
802 3632 990 3689 Libosi
1012 3631 1274 3704 episcopi,
1292 3632 1551 3698 Secundi,
1576 3633 1879 3697 Saturnini,

280 3724 566 3789 tlonorati,
594 3724 870 3794 Victoriae,
905 3724 1114 3794 Saturi,
1144 3724 1366 3780 Felicis.
1398 3724 1608 3790 Romae,
1641 3724 1842 3781 Felicis
1864 3765 1881 3793 ,

276 3824 333 3870 et
360 3814 621 3871 Bonifacii
650 3817 893 3888 episcopi
927 3817 995 3874 de
1025 3815 1392 3873 ordinatione.

350 3924 407 3962 ιιι
430 3907 535 3962 kal.
565 3907 832 3963 Januarii.
863 3910 920 3965 In
954 3909 1314 3978 Alexandria,
1349 3909 1639 3974 Mansueti,
1672 3908 1882 3978 Securi,

278 4000 500 4066 Donati,
528 4001 814 4069 Honorati,
846 4002 1105 4063 Policliti,
1141 4002 1432 4073 Appiandi.
1461 4002 1677 4071 Sereni,
1710 4004 1884 4072 Pauli,

279 4092 573 4161 Stephani,
600 4094 850 4164 Papiani,
880 4093 1041 4160 Clcti,
1069 4095 1631 4151 Clementis.Turanis
1655 4098 1884 4164 civitate,

283 4189 535 4257 Perpetui
559 4190 786 4261 episwpi
819 4199 867 4245 et
903 4189 1236 4260 confessoris.
1283 4189 1385 4244 οἱα
1417 4190 1594 4246 insula
1619 4233 1634 4259 ,
1665 4191 1730 4248 S.
1756 4191 1885 4246 Flo-

278 4282 464 4337 rentii.

356 4389 392 4427 tt
423 4371 530 4425 kal.
556 4370 684 4426 Jan.
710 4358 1054 4443 Carthagine,
1088 4373 1307 4444 Donati,
1340 4372 1625 4431 C(elestini
1651 4421 1665 4445 ,
1694 4375 1887 4432 Satur-

286 4463 424 4529 nini.
463 4463 744 4529 Bononia,
776 4464 894 4527 Gai,
925 4465 1137 4521 Sereni.
1170 4466 1380 4535 Romae,
1425 4468 1651 4533 Donati,
1688 4468 1838 4525 Pauii
1869 4510 1884 4535 ,

1985 3247 2233 3317 Luciani,
2262 3251 2493 3305 Candidi
2528 3296 2541 3320 ,
2590 3253 2838 3308 Januarii
2863 3294 2879 3321 ,
2929 3254 3242 3320 Coelesi‘ori,
3300 3254 3579 3324 iocundi,

1986 3340 2173 3403 Acuti,
2234 3341 2417 3406 Petri,
2476 3343 2677 3409 Marci,
2721 3346 2951 3413 Sereni,
3004 3347 3206 3414 Senni,
3262 3347 3584 3402 Anastasiaa.

1985 3434 2402 3505 Hierosolytnr,
2433 3434 2706 3490 Simeonis
2749 3438 3028 3508 propheta:
3057 3479 3072 3504 ,
3123 3453 3243 3494 cum
3299 3438 3494 3494 obtulit
3537 3436 3589 3494 ei

1985 3530 2169 3583 Jesum
2226 3529 2507 3582 Christum
2564 3528 2775 3593 Maria,
2835 3539 2889 3584 et
2916 3530 3162 3601 Joscph:
3214 3540 3267 3585 ct
3317 3531 3590 3601 depositio

1986 3621 2155 3690 ipsius
2214 3621 2513 3689 prophetae.
2568 3620 2886 3687 Antiochiw,
2927 3623 3178 3693 depositio
3208 3624 3271 3679 S.
3329 3624 3589 3680 Simeonis

1985 3710 2245 3775 monachi,
2276 3722 2321 3765 et
2345 3711 2659 3783 confessoris
2681 3755 2694 3780 ,
2737 3715 2827 3783 qni
2857 3716 2909 3768 in
2938 3714 3183 3770 columna
3210 3720 3365 3771 stitit.

2062 3821 2158 3861 vm
2189 3808 2302 3861 idus
2329 3804 2455 3860 Jan.
2482 3807 2786 3878 Epiphania
2822 3810 3036 3865 Domini
3066 3812 3238 3866 nostri
3266 3812 3396 3868 Jesu
3422 3812 3588 3869 Chri-

1988 3898 2166 3957 stiﬁin
2189 3900 2388 3963 Africa,
2424 3900 2574 3969 Fori,
2601 3901 2855 3970 Jocundi,
2881 3904 3061 3971 Petri,
3119 3904 3281 3961 Marci
3314 3950 3330 3975 ,
3379 3907 3537 3963 Acuti
3572 3950 3587 3975 ,

1989 3993 2281 4061 Januaritr,
2312 3994 2443 4060 Juli,
2475 3995 2702 4063 Honori,
2734 3998 3019 4053 Antonini.
3051 3998 3185 4054 Itcm
3233 4000 3379 4055 Fori.
3432 4002 3591 4071 Apud

1988 4086 2267 4152 Sirmium,
2303 4088 2621 4144 Anastasim.
2646 4090 2953 4146 Antiochia:
2984 4133 2999 4160 ,
3044 4097 3227 4162 passio
3274 4102 3588 4147 sanctorum

1990 4180 2184 4235 Juliani
2215 4195 2269 4234 et
2300 4180 2589 4237 Basilissw.
2619 4183 2675 4238 in
2701 4184 2875 4252 India,
2906 4184 3052 4241 Celsi
3083 4186 3233 4257 pueri
3268 4228 3280 4250 ,
3339 4185 3543 4240 Iuliani
3572 4228 3588 4250 ,

1992 4276 2272 4332 Antonini.
2301 4277 2366 4332 Et
2394 4277 2574 4348 passio
2595 4288 2796 4334 Sancta:
2828 4279 3056 4333 Faustam
3092 4278 3157 4332 In
3182 4279 3387 4332 civitate
3416 4278 3588 4332 Redo-

1991 4386 2086 4423 nas
2114 4411 2130 4434 ,
2170 4371 2408 4431 nativitas
2459 4381 2506 4425 et
2560 4371 2824 4426 ordinatio
2849 4372 3215 4444 episco;ratns,
3251 4381 3296 4424 et
3340 4372 3590 4427 transitus

1991 4466 2155 4519 sancti
2184 4464 2381 4520 Moloni
2400 4467 2627 4538 episcOpi
2654 4477 2701 4521 et
2727 4466 3040 4539 confessoris
3066 4509 3079 4532 ,
3114 4467 3202 4536 qui
3239 4464 3429 4518 ibidem
3460 4465 3594 4519 cele—

287 4558 533 4628 liogatm,
566 4556 943 4625 Dominandac,
986 4558 1264 4615 Hilarinae.
1302 4561 1365 4615 Et
1393 4560 1663 4633 depositio
1693 4561 1751 4617 S.
1773 4534 1878 4619 Sil;
1914 4534 1968 4594 Β
1992 4558 2189 4614 bratur.

286 4650 453 4706 vestri
478 4650 719 4721 episcopi
740 4662 790 4705 et
818 4652 1176 4708 confessoris.
1201 4653 1379 4720 Retia,
1414 4655 1683 4711 Hennetis
1713 4657 1887 4713 Exor-

288 4744 460 4800 cistze.
490 4745 548 4801 in
578 4744 853 4813 provincia
878 4744 1081 4811 Sicilia,
1109 4746 1327 4802 civitate
1347 4745 1571 4815 Catana,
1594 4748 1883 4819 Stephani,

291 4837 522 4905 Potittni,
556 4837 742 4901 Attuli,
778 4836 1026 4903 Fabiani,
1072 4837 1314 4910 Cornelii
1340 4883 1353 4906 ,
1396 4840 1546 4896 Sexti
1569 4884 1583 4906 ,
1638 4841 1841 4897 Flut‘idi
1866 4882 1884 4909 ,

292 4930 482 4997 Colkc,
516 4932 817 5001 Quintiani,
840 4932 1149 4999 Minervini,
1179 4934 1353 4990 sancti
1378 4933 1691 5005 chueotis,
1723 4936 1888 4990 Amo-

294 5023 393 5087 nis,
426 5024 800 5095 Calendionis,
832 5024 1118 5095 Evelpisti,
1154 5024 1488 5096 Exupcranti
1510 5068 1525 5089 ,
1566 5025 1842 5082 Saturnini
1871 5068 1888 5094 ,

294 5112 516 5185 Agnetis
541 5158 556 5183 ,
591 5115 862 5181 Paulinae,
898 5117 1123 5172 Donata:
1148 5158 1164 5185 ,
1217 5117 1574 5173 Nominanda‘.
1602 5162 1617 5187 ,
1673 5116 1890 5190 Rogati.

297 5206 540 5271 Senonas
567 5210 811 5277 civitate,
838 5212 1027 5284 passio
1050 5212 1108 5269 S.
1142 5211 1421 5267 Colmnbze
1447 5209 1695 5281 virginis.

730 5303 982 5360 MENSIS
1035 5302 1420 5361 JANUARIUS
1447 5320 1463 5359 .'
1754 5294 1755 5297 “

798 5395 972 5451 Habet
998 5396 1115 5452 dies
1149 5396 1387 5467 triginta.

812 5490 1004 5547 Littera
1021 5491 1348 5549 lndictionis.

370 5580 497 5637 Kal.
525 5581 652 5637 Jan.
679 5583 1037 5643 Circumcisio
1068 5586 1282 5642 Domini
1306 5588 1477 5644 nostri
1530 5585 1659 5643 Jesu
1688 5585 1891 5642 Christi

376 5769 398 5797 '
424 5761 634 5821 Civium
661 5764 929 5823 Parotltia.
965 5768 1077 5824 Hoc
1104 5778 1207 5837 est,
1234 5767 1483 5827 ininsula
1518 5765 1828 5839 Peparetho.

2060 4672 2131 4711 vn
2159 4657 2277 4710 idus
2305 4655 2430 4725 Jan.
2463 4657 2520 4711 In
2553 4655 2903 4723 Nicomedia,
2965 4655 3187 4710 Luciani
3244 4654 3545 4726 presbyteri
3575 4700 3588 4724 ,

1988 4750 2077 4818 qui
2112 4750 2163 4802 in
2190 4759 2417 4820 quatuor
2450 4758 2627 4818 partes
2652 4749 2856 4803 divisus
2885 4757 2988 4803 est.
3013 4747 3068 4801 In
3093 4747 3328 4802 Militana
3353 4747 3593 4811 civitate,

1992 4843 2185 4897 nautis
2215 4842 2273 4897 S.
2306 4842 2553 4907 Poliocti,
2586 4839 2866 4896 Candidas.
2898 4841 2957 4896 In
3009 4840 3269 4894 Heraclea
3326 4840 3548 4896 civitate
3575 4881 3594 4909 ,

1992 4936 2189 4989 Felicis
2219 4946 2273 4988 et
2301 4935 2592 4990 ianuarias.
2630 4935 2684 4988 In
2713 4934 2921 4990 Graecia
2944 4977 2958 5001 ,
2999 4933 3213 4989 civitate
3246 4933 3561 4989 Policostini
3585 4976 3602 5001 ,

1997 5028 2247 5091 l’alladii,
2288 5028 2564 5084 Candida).
2598 5028 2722 5082 Alio
2746 5028 2866 5082 loco
2896 5068 2910 5092 ,
2969 5026 3189 5081 Poliarti
3217 5072 3230 5097 ,
3283 5026 3550 5082 Filoronis
3578 5071 3593 5095 ,

1994 5121 2338 5188 Candidiani,
2372 5121 2619 5193 Euthyci.

2067 5231 2121 5270 vr
2148 5216 2263 5269 idus
2292 5214 2417 5271 Jan.
2450 5217 2506 5272 In
2537 5215 2771 5287 Graecia,
2806 5214 3037 5286 Rustici,
3070 5216 3271 5280 Phisei,
3298 5215 3593 5279 Timothei,

1997 5308 2249 5375 iocundi,
2283 5309 2499 5378 Ratitis,
2546 5309 2699 5374 Luci,
2728 5308 2894 5374 Petri,
2930 5309 3105 5377 Flori,
3160 5310 3481 5366 Anastasiac.
3537 5309 3603 5363 Et

1999 5404 2105 5459 alio
2128 5403 2266 5471 loco,
2296 5403 2502 5471 Sathei,
2527 5403 2709 5459 Marci.
2741 5404 2795 5459 In
2822 5404 3020 5472 Gallia,
3053 5405 3266 5458 civitate
3296 5403 3601 5467 Helloacus,

2003 5498 2185 5566 passio
2214 5506 2522 5553 sanctorum
2556 5496 2804 5565 Luciani,
2837 5498 3060 5553 Mariani
3087 5539 3100 5562 ,
3134 5495 3425 5559 ctJuliani,
3460 5510 3603 5548 mar-

2003 5596 2205 5659 tyrum.
2240 5588 2607 5661 Augustiduno
2652 5591 2905 5662 depositio
2930 5589 2993 5646 Β.
3025 5588 3325 5659 .«iEgemonii
3351 5589 3593 5660 cpiswpi.
