4048 6324
470 235 582 293 ὶὸθ

1546 226 1605 285 S.
1647 224 2039 283 HIERONYMI
2076 224 2361 286 OPERUM
2399 220 2765 281 MANTISSA.

3666 219 3800 295 μω

535 352 714 409 vittas
741 347 872 407 Jan.
900 348 961 407 In
986 347 1196 413 Africa,
1226 344 1499 417 Epicteti,
1553 343 1816 412 Jocundi,
1850 343 2075 411 Quinti,
2106 343 2430 407 AJunellae.
2473 342 2540 397 Et
2583 335 2852 412 depositio
2893 338 3067 395 sancti
3111 337 3362 397 Marcelli
3405 339 3673 414 episcopi.
3722 342 3799 397 In

466 445 735 513 Secundi,
768 440 1321 510 Saturnini,Vitalis.
1370 439 1507 496 Item
1565 438 1791 508 Quinti,
1843 437 2073 511 Felicis,

466 542 719 609 At‘taxis,
757 537 1060 605 Fortunati,
1086 534 1316 601 Rustici,
1351 532 1496 597 Silii.
1524 531 1724 600 Quieti,
1757 538 1814 586 et
1842 530 2076 585 aliorum

465 644 701 705 septem,
733 629 1034 696 Martialis,
1081 626 1287 683 Saturi.
1334 627 1393 681 In
1443 626 1675 696 Smyrna
1703 664 1719 692 ,
1780 624 2075 690 Revocati‘,

464 726 657 789 Firmi,
687 722 832 789 Silli,
865 719 1232 785 Possessoris,
1254 718 1523 787 Januarii,
1546 717 1848 785 Saturnini,
1871 718 2072 785 Saturi,

534 818 734 879 rvidus
760 815 890 871 Jan.
916 817 975 870 In
1004 815 1211 883 Africa,
1242 812 1503 869 Revocati
1525 854 1541 878 ,
1600 812 1803 880 Firmi,
1860 811 2071 879 Nirthi,

461 911 826 978 Possessoris,
860 917 916 967 et
955 909 1185 964 aliorum
1217 906 1470 962 duorum.
1502 905 1690 960 Romae
1730 905 1785 961 in
1811 912 2078 961 cmmete-

459 1007 545 1064 rio
566 1005 781 1072 Calisti,
810 1005 897 1059 via
929 1003 1103 1075 Appia
1125 1018 1163 1069 ,'
1201 1000 1474 1073 depositio
1504 999 1782 1056 Melciadis
1805 999 2070 1071 episcopi.

460 1102 520 1155 In
551 1097 757 1164 Africa,
782 1095 985 1163 Saturi,
1017 1094 1299 1157 Vitaliani,
1329 1093 1655 1161 Felicitatis,
1695 1092 1903 1160 Quinti,
1934 1106 2072 1162 quo-

460 1208 585 1249 rum
616 1199 769 1263 gesta
805 1189 971 1245 habet
990 1187 1255 1244 Artatius.

532 1301 591 1339 III
619 1284 738 1338 idus
762 1282 891 1337 Jan.
927 1282 984 1336 In
1007 1280 1363 1348 Alexandria,
1398 1278 1581 1344 Petri,
1632 1276 1822 1333 Severi
1851 1319 1866 1344 ,
1901 1275 2075 1331 sancti

458 1378 612 1437 Lucii
640 1374 997 1441 confessoris,
1046 1383 1102 1430 et.
1155 1373 1447 1443 Assolami,
1489 1371 1698 1439 Quinti.
1746 1371 1803 1426 In
1854 1369 2071 1440 Africa,

456 1470 785 1535 Pltiloromi,
816 1466 1083 1538 Ingenui,
1139 1464 1368 1534 Quinti,
1410 1464 1691 1531 Januarii,
1738 1463 2022 1520 Saturnini
2054 1504 2071 1530 ,

439 1565 755 1622 -Vincentii.
791 1562 849 1617 In
874 1561 1172 1631 Hispaniis,
1198 1560 1451 1629 Augenli,
1478 1560 1672 1614 Donati
1698 1601 1713 1624 ,
1744 1556 2030 1628 Augustini
2057 1597 2072 1623 ,

460 1657 631 1712 Salvii
660 1698 676 1721 ,
734 1653 957 1711 Felicis.
1012 1655 1146 1709 Item
1189 1652 1386 1708 Felicis
1420 1693 1436 1718 ,
1494 1652 1689 1706 Donati
1730 1649 2069 1721 presbyteri,

2182 440 2397 507 Gallia,
2453 440 2657 493 civitate
2704 436 2968 492 Bituricus
2995 478 3010 504 ,
3065 437 3321 505 depositio
3358 439 3527 494 sancti
3570 436 3798 509 Snlpitii

2181 534 2407 605 episcOpi
2446 532 2778 601 confessoris.

2251 643 2319 681 xv
2361 625 2469 679 Ital.
2514 622 2674 679 Febr.
2737 622 3019 679 Dedicatio
3071 622 3349 678 cathedrae
3409 624 3585 680 sancti
3642 625 3794 681 Petri

2180 721 2411 794 apostoli
2437 762 2452 786 ,
2502 734 2603 791 qua
2635 720 2813 791 primo
2840 718 3026 773 Romae
3056 717 3217 773 sedit.
3265 719 3324 773 In
3360 718 3536 773 Ponto
3567 718 3796 776 civitate

2179 816 2324 872 Asiae
2349 858 2363 882 ,
2404 815 2641 886 Moysei,
2673 813 2901 869 Amonis
2923 858 2937 881 ,
2978 812 3166 877 Micze,
3213 812 3427 877 Asteri,
3462 812 3789 881 Fortunati,

2180 910 2435 975 Zenonis,
2468 907 2713 972 Zosimi,
2746 905 3073 976 Menclampi
3100 948 3115 971 ,
3150 903 3357 970 Didali,
3399 906 3670 962 Valentis.
3721 908 3797 962 Et

2179 1004 2363 1075 passio
2393 1000 2566 1057 sancti
2597 1000 2757 1073 Tyrsi
2789 1014 2911 1055 cum
2944 998 3107 1054 sociis
3137 998 3254 1053 suis
3285 1017 3297 1051 :
3333 999 3495 1054 Leuci
3535 1009 3592 1055 et
3620 999 3794 1056 Galli-

2181 1096 2311 1151 nici.
2360 1094 2417 1150 In
2461 1092 2645 1149 Africa
2675 1139 2688 1162 ,
2735 1091 2953 1148 Seonisi
2981 1136 2997 1159 ,
3046 1090 3333 1158 Successi,
3369 1091 3652 1160 Valentis,
3681 1092 3791 1148 Fe-

2179 1190 2399 1258 leriani,
2452 1190 2627 1255 Pauli,
2678 1189 2885 1259 Majuli,
2934 1188 3089 1254 Luci,
3142 1187 3447 1253 Victorini,
3498 1187 3788 1254 Honorati,

2180 1284 2484 1351 Saturnini,
2506 1282 2763 1352 Floridae,
2788 1282 2995 1347 Lurici,
3018 1290 3073 1336 et
3095 1280 3328 1336 aliorum
3349 1281 3787 1353 quatuordecim.

2179 1376 2247 1433 Et
2270 1377 2457 1449 passio
2484 1375 2543 1431 S.
2577 1375 2803 1431 Priscze.

2249 1487 2338 1526 xw
2369 1470 2475 1526 kal.
2507 1468 2664 1525 Febr.
2707 1468 2765 1524 Itt
2793 1468 2978 1524 Africa
3001 1513 3015 1537 ,
3045 1466 3230 1535 Quinti
3256 1511 3271 1536 ,
3300 1466 3485 1532 Pauli,
3517 1465 3747 1522 Geronti
3768 1508 3787 1534 ,

2178 1565 2457 1632 Januarii,
2489 1564 2803 1629 Saturnini,
2844 1563 3128 1629 Successi,
3160 1561 3476 1626 Germanae,
3504 1558 3740 1614 Tertulli
3769 1600 3786 1624 ,

2180 1669 2234 1716 et
2254 1660 2487 1715 aliorum
2520 1659 2839 1714 multorum.
2871 1654 3182 1721 Tibiritani,
3221 1654 3425 1724 Majuli,
3457 1652 3786 1720 Victuriani,

463 1750 637 1819 Flori,
666 1747 902 1813 Zemini,
927 1748 1227 1815 Pausalmi,
1255 1747 1513 1818 Engenti,
1543 1745 1773 1802 Victoris
1793 1789 1809 1813 ,
1842 1746 2071 1817 Stepha-
2101 1745 2148 1807 B
2179 1752 2464 1815 Honorati,
2496 1751 2800 1816 Fortunati,
2827 1748 2996 1814 Julii,
3029 1748 3216 1815 Lucii,
3248 1746 3530 1810 Marcusii,
3565 1744 3744 1800 Publii
3770 1786 3785 1812 ,

459 1842 549 1905 ni,
604 1850 661 1895 et
708 1840 939 1896 aliorum
986 1839 1293 1896 duodecim.
1356 1840 1424 1894 Et
1474 1838 1749 1910 depositio
1789 1839 2074 1895 Hortensis

467 1933 738 2004 episcopi.
954 1960 957 1965 -
1204 2000 1212 2007 κ

539 2027 725 2083 Pridie
752 2028 871 2082 idus
897 2024 1023 2081 Jan.
1058 2025 1114 2082 In
1150 2025 1391 2093 Achaia,
1451 2024 1667 2099 Cyriaci
1692 2073 1707 2097 ,
1768 2027 2028 2084 Moscenti
2056 2073 2071 2099 ,

456 2123 659 2180 Saturi.
688 2122 746 2176 ln
770 2121 979 2188 Africa,
1011 2122 1211 2189 Zotici,
1238 2122 1447 2178 Castuli
1474 2165 1491 2191 ,
1539 2121 1728 2189 Quinti
1763 2164 1778 2191 ,
1829 2125 2020 2194 Rogati
2052 2166 2070 2192 ,

453 2214 706 2284 Modesti,
738 2214 1009 2283 Ebiciani,
1040 2214 1301 2283 Carotici,
1349 2216 1635 2271 Castoliui.
1695 2217 1754 2272 In
1795 2216 2063 2290 Egypto,

453 2307 779 2373 Philoromi,
804 2306 1000 2374 Zotici,
1035 2306 1268 2377 Castuli,
1303 2308 1474 2379 Petri,
1504 2310 1781 2365 Aventini.

526 2398 660 2454 Idus
697 2398 825 2453 Jan.
858 2400 917 2457 In
945 2399 1133 2456 Africa
1162 2446 1177 2470 ,
1210 2400 1437 2471 Ingenui
1466 2447 1480 2470 ,
1528 2400 1819 2456 Vincentii.
1865 2401 2021 2457 Sattii
2050 2445 2065 2470 ,

456 2494 782 2561 Felicitatis,
808 2494 1059 2550 Modesti.
1086 2495 1144 2550 In
1171 2493 1491 2566 Campania,
1528 2495 1778 2568 Neapoli,
1828 2498 2064 2570 Cyriaci,

454 2586 676 2653 Cimini,
708 2587 908 2654 Zotici,
940 2587 1107 2657 Erisi,
1137 2589 1369 2655 Clereri,
1403 2588 1634 2657 Felicis,
1663 2590 1925 2644 Januarii.
1960 2592 2068 2645 Ro-

450 2695 583 2750 mte,
605 2680 893 2749 Secundte,
922 2680 1137 2751 Rogati.
1170 2681 1267 2737 Via
1292 2681 1563 2737 Lavicana
1593 2722 1609 2747 ,
1658 2697 1875 2738 coronae
1922 2682 2067 2738 mili-

456 2784 574 2832 tum
604 2774 987 2844 quadraginta.
1022 2773 1092 2829 Et
1117 2774 1246 2830 alibi
1276 2816 1292 2841 ,
1340 2775 1456 2831 Eos
1480 2817 1496 2842 ,
1539 2774 1773 2843 Quomo,
1807 2776 2061 2845 Eononis,

456 2866 716 2935 Pictavis,
747 2866 1020 2937 depositio
1051 2865 1108 2921 S.
1140 2866 1331 2921 Hilarii
1360 2867 1600 2938 episcopi
1631 2878 1686 2922 et
1713 2866 2064 2924 confessoris.

455 2962 726 3018 Ambianis
752 3002 770 3030 ,
825 2960 1052 3017 inventio
1108 2959 1171 3018 S.
1202 2959 1433 3016 Firmini
1470 2961 1696 3034 episcopi
1725 2972 1775 3017 et
1805 2962 2065 3035 confesso-

460 3074 555 3112 νη.

2178 1845 2379 1902 Felicis
2404 1886 2419 1910 ,
2463 1844 2593 1907 Gai,
2646 1843 2842 1899 Vitalis
2867 1887 2881 1912 ,
2929 1840 3200 1907 Cassiani,
3230 1839 3489 1905 Victoris,
3523 1838 3783 1902 Secundi,

2176 1940 2375 2008 Primi,
2420 1939 2681 2010 Hispani,
2718 1937 2989 1992 Cacinari.
3040 1936 3175 1991 Item
3208 1933 3397 1999 Lucii,
3434 1933 3740 1989 Saturninus
3766 1974 3781 2000 ,

2174 2034 2413 2089 Florida:
2440 2076 2455 2099 ,
2509 2031 2824 2089 Ctelesticte
2850 2072 2864 2097 ,
2914 2030 3296 2086 Molendionis.
3344 2028 3778 2101 Hierosolymis,

2175 2126 2435 2193 Marthae,
2468 2138 2520 2182 et
2555 2128 2737 2182 Maria:
2764 2140 3015 2181 sororum
3044 2124 3256 2179 Lazari.
3300 2122 3650 2194 Carthagine,
3690 2122 3781 2176 Pi—

2175 2221 2364 2291 gariae,
2395 2220 2526 2283 Pinc.
2559 2230 2615 2276 et
2641 2220 2873 2275 aliorum
2907 2217 3127 2289 triginta
3154 2226 3303 2273 octo.
3335 2216 3557 2282 Zosimi,
3588 2216 3777 2271 Mene-

2175 2311 2380 2381 lampi,
2435 2311 2768 2383 Tyberiani,
2819 2310 3127 2366 Fortunati.
3179 2308 3466 2382 Lugduni,
3517 2308 3778 2363 ordinatio

2171 2406 2495 2476 episwpatus
2526 2404 2589 2460 S.
2616 2403 2839 2458 Nicetis.

2242 2512 2339 2552 xm
2370 2497 2475 2550 kat.
2506 2494 2665 2553 Febr.
2709 2496 2897 2551 Romae
2926 2497 2979 2552 in
3003 2495 3354 2562 coemeterio,
3386 2494 3609 2551 Fabiani
3661 2495 3777 2564 epi-

2172 2589 2345 2661 scopi,
2370 2600 2422 2645 et
2449 2590 2632 2659 passio
2659 2588 2834 2644 sancti
2860 2589 3169 2646 Sebastiani
3195 2589 3474 2662 martyris.
3500 2589 3556 2643 In
3573 2603 3779 2645 cmme-

2172 2681 2331 2749 terio,
2363 2680 2512 2735 Marii
2541 2688 2597 2735 et
2624 2680 2849 2737 Martha:
2877 2685 3068 2738 uxoris
3092 2683 3234 2749 ejus,
3264 2680 3522 2750 Audifax,
3556 2690 3613 2736 ct
3636 2681 3777 2736 Aba-

2170 2789 2289 2830 cuc.
2315 2772 2667 2842 Nicomediae,
2694 2774 2931 2839 Leontii,
2958 2774 3087 2840 Biti,
3110 2774 3347 2846 Cyriaci,
3372 2773 3518 2839 Ursi,
3547 2773 3773 2839 Cendei,

2170 2866 2370 2924 Felicis
2398 2865 2744 2933 leidoniae,
2771 2866 2997 2936 Martha,
3030 2866 3247 2932 Nicetii,
3270 2867 3561 2930 Niveduni,
3592 2866 3771 2938 Tyrsi,

2170 2960 2434 3029 Quiriaci,
2459 2960 2735 3017 Gellinici.
2759 2959 3017 3032 Lugduno
3039 2960 3230 3017 Gallia:
3247 2962 3469 3026 civitate,
3495 2959 3772 3016 Clementis

2170 3056 2475 3127 presbyteri.

525 3165 620 3206 xix
648 3148 756 3204 Ital.
781 3148 939 3204 Febr.
970 3148 1027 3205 In
1059 3148 1372 3217 Antiochia,
1403 3148 1547 3206 Cleri
1578 3149 1793 3205 diaconi
1822 3150 1890 3205 de
1919 3151 2062 3206 anti-
2090 3128 2137 3195 (ἶ
2237 3166 2313 3205 xu
2343 3148 2450 3207 kal.
2487 3150 2651 3208 Febr.
2693 3151 2881 3207 Romae
2900 3192 2916 3217 ,
2944 3149 3129 3221 passio
3156 3156 3357 3204 sancta:
3384 3146 3634 3219 Agnetis,
3663 3148 3772 3203 vir-

456 3242 579 3316 quis
603 3242 787 3299 multis
811 3241 1100 3297 tormentis
1127 3241 1300 3312 passi,
1345 3250 1403 3298 et
1455 3243 1508 3296 in
1568 3257 1719 3297 mare
1773 3242 1958 3309 mersi.
2004 3244 2061 3299 In

456 3336 663 3405 Africa,
697 3336 875 3403 Pauli,
906 3335 1183 3403 Successi,
1216 3333 1504 3401 Victorini,
1538 3334 1742 3399 Saturi,
1768 3335 2058 3403 Messoris,

454 3430 726 3497 Gerontii,
755 3429 986 3497 Lucriti,
1011 3427 1287 3495 Januarii,
1312 3427 1553 3483 Floridae
1576 3468 1593 3495 ,
1620 3427 1895 3483 TCOCOStB.
1954 3428 2062 3483 No-

456 3524 528 3580 lte
555 3524 889 3595 Campaniae,
914 3525 1088 3581 sancti
1116 3521 1335 3579 Felicis.
1379 3522 1447 3577 Et
1473 3522 1629 3587 alibi,
1660 3521 1929 3593 depositio
1956 3521 2062 3577 Eu-

455 3619 645 3691 pltrasi
676 3619 940 3690 episcopi.

530 3725 669 3764 xvttt
698 3709 805 3762 kal.
835 3707 994 3764 Febr.
1045 3710 1103 3765 In
1150 3709 1385 3782 Egypto
1410 3750 1426 3778 ,
1476 3708 1765 3766 Chrisconi
1788 3751 1804 3778 ,
1856 3709 2014 3782 Tyrsi
2043 3752 2058 3780 ,

458 3802 650 3869 Leuci,
686 3802 877 3857 Gaiani
901 3843 916 3868 ,
948 3802 1228 3870 Genonis,
1260 3803 1605 3874 Menelampi.
1637 3804 1703 3859 Et
1734 3805 1785 3858 in
1815 3803 2056 3872 Oriente,

462 3894 729 3963 Cornelii,
760 3894 987 3956 Calesti.
1020 3903 1075 3950 et
1100 3902 1449 3951 caeterorum.
1499 3896 1836 3965 Antiochiae,
1872 3897 2059 3954 Leceri

457 3989 709 4045 Diaconi.
740 3986 811 4043 Et
833 3986 985 4055 alibi,
1014 3987 1289 4059 depositio
1314 3990 1530 4045 Abacuc
1557 3991 1856 4062 prophetae.
1885 3992 2057 4047 Remis

458 4079 714 4151 depositio
756 4078 819 4135 S.
852 4078 1080 4152 Remigii
1119 4081 1349 4153 episcOpi
1387 4091 1434 4137 et
1470 4083 1795 4155 confessoris.
1828 4083 2060 4141 Pictavis

458 4173 721 4229 dedicatio
753 4173 981 4228 basilica:
1008 4175 1173 4229 sancti
1201 4175 1451 4233 Amantii.

529 4281 642 4320 xvn
672 4264 779 4321 kal.
817 4264 973 4319 Febr.
1015 4266 1207 4323 Romae
1235 4268 1321 4323 via
1350 4269 1561 4327 Salaria
1585 4314 1600 4339 ,
1642 4273 1696 4327 in
1736 4274 2056 4330 coemeterio

456 4359 744 4427 Priscillae,
776 4358 1051 4430 depositio
1079 4360 1257 4416 sancti
1288 4362 1527 4420 Marcelli
1560 4366 1807 4436 episcopi
1835 4373 1893 4422 et
1919 4381 2053 4423 con-

454 4454 703 4510 fessoris.
753 4446 850 4508 Via
880 4440 1055 4525 Appia
1081 4495 1098 4523 ,
1146 4455 1200 4510 in
1230 4457 1548 4513 coemeterio
1574 4457 1780 4513 Calesti
1807 4501 1822 4526 ,
1869 4460 2053 4530 passio

2163 3247 2328 3319 ginis.
2362 3249 2430 3304 Et
2462 3250 2662 3305 natalis
2689 3248 2919 3315 Felicis,
2952 3246 3243 3303 Fructuosi
3270 3290 3284 3314 ,
3326 3243 3599 3300 Celsionis
3621 3288 3636 3311 ,
3670 3243 3771 3299 Fe-

2164 3340 2375 3412 logicte,
2404 3342 2733 3411 Caeciliane),
2770 3341 3019 3413 Augurii,
3052 3339 3339 3396 Martialis.
3373 3338 3508 3394 Item
3545 3338 3769 3404 Felicis,

2166 3437 2314 3504 Viti,
2356 3439 2562 3495 Candei
2588 3484 2601 3509 ,
2647 3439 2824 3495 Florae
2851 3480 2865 3505 ,
2907 3435 3165 3501 Leontii,
3213 3432 3458 3505 Cyriaci,
3492 3433 3765 3489 Faustaci.

2162 3530 2497 3588 Nicomedia:
2522 3575 2536 3599 ,
2571 3532 2816 3589 Deustasi
2865 3530 3219 3587 confessoris.
3252 3528 3309 3583 In
3343 3527 3547 3594 Africa,
3601 3527 3769 3584 Solu-

2165 3627 2333 3693 toris,
2377 3636 2431 3683 et
2459 3627 2747 3683 Hermetis.
2792 3626 2850 3681 In
2888 3624 3145 3695 Hispania
3177 3623 3394 3679 civitate
3424 3621 3756 3683 Tarracone,
3794 3669 3803 3683 ,

2162 3719 2343 3789 passio
2386 3728 2698 3775 sanctorum
2756 3718 3041 3774 Fructuosi
3084 3716 3369 3788 episcopi,
3421 3715 3619 3786 Augoti
3648 3760 3663 3783 ,
3712 3725 3767 3772 et

2165 3812 2357 3884 Eologi
2388 3812 2639 3878 diaconi,
2672 3812 2984 3879 Saturnini,
3020 3810 3246 3878 Quinti,
3285 3809 3517 3875 Marini,
3562 3808 3716 3864 Dacii
3748 3850 3763 3876 ,

2165 3905 2387 3978 Satyri,
2428 3906 2696 3963 Gaddiani
2725 3952 2739 3976 ,
2780 3906 3073 3961 Cteleniani
3100 3947 3115 3969 ,
3158 3903 3370 3959 Zabulii
3399 3948 3413 3972 ,
3458 3903 3761 3969 Mammas,

2164 3990 2456 4064 Vincentii,
2495 3999 2711 4069 Rogati,
2742 3997 3001 4063 Victoris,
3036 3997 3334 4069 Repositte,
3364 3992 3554 4058 Primi.
3587 3994 3760 4059 Lucii,

2162 4091 2427 4163 Majuliui,
2456 4091 2743 4157 Honorati,
2770 4091 3042 4155 Marcusii,
3067 4088 3330 4156 Secundi,
3353 4086 3585 4151 Castini,
3609 4086 3760 4156 Gagi,

2159 4184 2474 4251 leestini,
2506 4186 2686 4241 Ermis
2714 4186 2994 4257 episcopi,
3036 4194 3090 4241 et
3115 4184 3316 4239 Publii.
3359 4182 3492 4237 Item
3526 4180 3757 4237 Leontii.

2163 4278 2366 4346 Trecas,
2395 4281 2569 4351 passio
2592 4279 2655 4336 S.
2675 4279 2907 4335 Patrocli
2929 4279 3191 4350 martyris.
3213 4278 3479 4346 Arvernis,
3506 4273 3759 4345 depositio

2158 4370 2308 4426 Beati
2339 4374 2476 4427 Aviti
2507 4374 2760 4443 episcopi.

2229 4480 2283 4520 ιι
2313 4464 2417 4519 kal.
2449 4463 2612 4520 Febr.
2669 4464 2725 4519 In
2782 4462 3063 4533 Hispaniis
3098 4506 3112 4531 ,
3169 4460 3389 4517 civitate
3455 4455 3703 4514 Valentia
3738 4495 3755 4521 ,

455 4555 659 4602 sanctze
694 4545 917 4601 Marthae
940 4587 958 4613 ,
1005 4545 1271 4602 Audeinte
1312 4557 1640 4620 martyrum.
1669 4549 1767 4606 Via
1797 4528 2049 4608 Cornelia
2075 4528 2132 4592 Ῑ)
2161 4559 2341 4629 passio
2382 4558 2555 4614 sancti
2589 4557 2792 4611 Valerii
2829 4528 3109 4627 episcopi,
3153 4553 3429 4610 Vincentii
3457 4551 3671 4608 diaconi
3701 4557 3757 4606 et

454 4643 511 4698 in
540 4641 877 4711 coemeterio,
909 4640 1143 4696 militum
1171 4656 1393 4711 novem,
1426 4648 1481 4696 et
1505 4640 1737 4698 aliorum
1765 4644 2047 4712 tredecim,

454 4750 688 4807 quorum
734 4734 957 4790 nomina
999 4734 1052 4788 in
1097 4732 1236 4789 libro
1276 4733 1404 4789 vita:
1439 4741 1692 4789 tenentur
1721 4736 1943 4807 scripta.
1990 4736 2049 4792 ln

454 4827 641 4883 Africa
662 4868 678 4895 ,
712 4825 1020 4893 Saturnini,
1064 4824 1340 4891 Faustini,
1373 4826 1703 4895 Flaviniani,
1735 4837 1791 4883 et
1816 4828 2047 4884 aliorum

455 4935 574 4977 sex.
624 4920 869 4986 Arelate,
911 4918 1168 4990 depositio
1208 4920 1376 4973 sancti
1421 4917 1682 4975 Honorati
1730 4921 1959 4992 episcopi
2001 4930 2049 4976 et

454 5012 790 5082 confessoris.

527 5122 616 5160 xvi
646 5104 751 5159 kal.
782 5104 940 5162 Febr.
982 5108 1043 5163 In
1068 5109 1268 5174 Africa,
1292 5108 1737 5177 Miem,Victoris,
1758 5109 2044 5179 Mistriani,

452 5197 624 5253 Salvii
648 5242 663 5267 ,
704 5198 963 5255 Misiliani
991 5246 1006 5269 ,
1041 5201 1279 5259 Victoris
1304 5246 1320 5271 ,
1351 5204 1613 5260 Thecosae
1635 5247 1649 5272 ,
1685 5205 1999 5263 Fortunatae
2024 5253 2040 5277 ,

448 5290 727 5356 Veneria},
762 5291 927 5361 Satm,
964 5293 1283 5364 Saturnini,
1315 5297 1654 5364 Hostesiani,
1685 5298 1885 5366 Leuci,
1916 5301 2043 5357 Mis-

444 5384 675 5453 suriani,
706 5384 1012 5455 Vincentii,
1051 5389 1231 5457 Albtc,
1266 5391 1497 5458 Mossei,
1529 5392 1823 5463 lngenulte,
1861 5394 2040 5451 Victu-

444 5479 565 5534 τίω.
612 5479 670 5535 In
708 5482 932 5538 Oriente
957 5528 969 5552 ,
1004 5482 1213 5541 Natalis
1237 5527 1251 5552 ,
1278 5484 1587 5553 Rubentire,
1621 5498 1677 5545 et
1706 5491 1944 5546 Marteri.
1976 5492 2035 5547 In

444 5569 686 5641 Egypto
717 5616 731 5641 ,
793 5574 1115 5645 Thebaide,
1168 5576 1437 5649 depositio
1488 5580 1708 5637 Antonii
1756 5584 2028 5639 monachi.

437 5660 730 5734 Lingonis,
763 5665 947 5736 passio
974 5676 1287 5724 sanctorum
1317 5685 1698 5739 germanorum
1730 5684 2027 5746 martyrum

431 5751 742 5823 Speusippi,
776 5755 1087 5830 Helasippi,
1115 5760 1389 5830 Melasippi
1410 5804 1424 5831 ,
1454 5763 1724 5821 Leonellte
1751 5811 1763 5834 ,
1796 5766 2020 5837 Meonis,

2159 4651 2417 4720 martyris
2442 4692 2457 4715 ,
2500 4657 2882 4722 martyresque
2920 4648 3231 4705 octodecim
3276 4662 3400 4703 cum
3453 4646 3620 4702 sociis
3660 4659 3756 4701 eo-

2155 4761 2297 4801 rum.
2328 4744 2666 4813 Quintiliani,
2695 4744 2961 4812 Cassiani,
2990 4743 3265 4808 Matutini,
3294 4740 3495 4807 Publii,
3526 4738 3754 4805 Urbani,

2154 4837 2446 4907 Martialis‘,
2483 4836 2699 4905 Fausti,
2742 4836 2926 4904 Pauli,
2975 4834 3225 4892 Successi
3250 4875 3265 4899 ,
3301 4832 3481 4899 Petri,
3514 4831 3716 4887 Felicis
3739 4873 3752 4895 ,

2152 4933 2420 4996 Januarii,
2452 4932 2734 4999 Primitivi,
2773 4932 2952 4999 Eboti,
2982 4914 3200 5001 Optati,
3231 4928 3545 4990 Caeciliani,
3576 4928 3753 4983 Fron-

2152 5029 2329 5093 tonis,
2363 5027 2523 5094 Julii,
2551 5025 2826 5093 Januarii,
2862 5026 3129 5097 Luperci,
3168 5024 3449 5095 Apodimi,
3491 5022 3708 5081 Orionis
3732 5065 3745 5087 ,

2151 5120 2460 5185 Mennonis,
2495 5120 2799 5183 Ilermetis,
2832 5117 3127 5173 Januarite.
3175 5117 3246 5173 Et
3272 5118 3328 5173 in
3356 5116 3567 5178 Africa,
3596 5115 3747 5182 Qniri

2148 5229 2271 5269 cum
2304 5214 2473 5269 sociis
2504 5215 2641 5283 suis,
2685 5212 2937 5278 Gemelli,
2968 5211 3171 5279 Saturi,
3205 5210 3479 5277 Januarii,
3525 5208 3742 5273 Felicis,

2146 5306 2306 5372 Ticii,
2353 5308 2521 5373 Flori,
2557 5309 2798 5365 Orionis.
2851 5307 2933 5364 Ad
2960 5306 3256 5375 Gemellas,
3293 5303 3605 5372 Clementis,
3648 5300 3748 5360 Sa-

2148 5402 2347 5457 turnini
2368 5444 2381 5468 ,
2415 5402 2697 5472 Municipi.

2219 5509 2253 5546 ιε
2288 5492 2395 5547 kal.
2426 5490 2586 5547 Febr.
2628 5493 2685 5548 In
2716 5493 3070 5559 Mauritania,
3102 5493 3328 5549 civitate
3356 5491 3699 5547 Neocaesaria
3726 5534 3740 5558 ,

2142 5587 2320 5658 passio
2341 5588 2515 5642 saneti
2540 5587 2840 5652 Seven-iani,
2874 5596 2929 5643 et
2952 5587 3162 5657 Aquilae
3186 5585 3379 5640 uxoris
3407 5584 3547 5655 eius,
3583 5584 3739 5651 Belli,

2139 5679 2360 5747 Munici,
2395 5679 2621 5748 Castuli,
2655 5680 2826 5746 Flori,
2857 5679 3158 5742 Saturnini,
3188 5677 3426 5743 Basillte,
3459 5677 3736 5733 Anastasii

2134 5775 2408 5844 martyris.
2441 5773 2506 5829 Et
2528 5773 2633 5830 alio
2656 5774 2795 5846 loco,
2832 5772 3069 5830 Cornelii
3094 5770 3405 5828 exorcistte.
3434 5768 3492 5826 In
3518 5770 3729 5841 Ancyra
