4048 6328
223 237 322 296 ιιι

1286 228 1849 291 VETUS’I‘ISSIMUM
1888 230 2406 293 KALENDARIUM.

3409 246 3514 303 με

223 354 476 421 Galatiae,
506 350 729 417 Donati,
760 349 999 419 Castuli,
1026 348 1279 421 Popicae,
1313 350 1524 405 Demati
1554 365 1678 406 cum
1707 349 1821 406 suis
1847 349 1904 413 Α
1997 369 2049 408 tv
2080 369 2200 408 non.
2233 353 2395 413 Febr.
2432 355 2740 415 Puriticatio
2786 359 2847 416 B.
2888 359 3079 419 Manta
3106 401 3121 430 ,
3168 364 3387 436 quando
3428 383 3517 425 re-

220 445 499 502 omnibus.
542 445 613 500 Et
647 444 756 501 alio
784 446 940 508 loco,
981 444 1161 514 passio
1195 451 1509 499 sanctorum
1552 442 1816 513 Eugenii,

219 539 618 597 Emerentiame
640 579 659 604 ,
691 549 745 594 et
773 537 1019 601 Macarii,
1054 536 1226 593 Pulvii
1256 548 1577 609 martyrum.

292 648 349 686 rx
378 631 486 688 kal.
516 629 677 685 Febr.
719 628 776 685 In
803 628 1120 698 Antiochia,
1145 629 1330 700 passio
1356 629 1412 685 S.
1459 627 1682 701 Babylaa
1705 628 1822 700 epi-

218 725 368 793 scOpi
390 738 513 778 cum
546 723 719 779 tribus
746 722 1016 794 parvulis.
1036 724 1102 779 Et
1126 723 1179 778 in
1208 724 1428 778 civitate
1449 720 1817 789 Neocaesaria,

215 817 488 885 Marduni,
520 818 767 889 Eugenii.
802 817 859 873 In
890 815 1094 881 Africa,
1124 816 1347 886 Epiteti,
1378 816 1540 887 Rupi.
1582 815 1810 872 Cartha-

212 910 357 982 gine,
389 910 581 971 Geliei.
613 910 801 966 Romae
824 952 839 975 ,
872 909 1192 967 Felicissimi
1220 925 1343 966 cum
1367 908 1529 965 sociis
1558 909 1694 967 suis.
1796 950 1797 955 η

285 1022 379 1062 vni
408 1007 513 1063 kal.
549 1004 707 1062 Febr.
748 1004 1102 1071 Nicomediae,
1135 1004 1267 1059 Biti.
1296 1003 1505 1070 Romae,
1532 1002 1817 1058 translatio

214 1101 390 1158 sancti
422 1100 574 1157 Pauli
604 1102 871 1173 apostoli.
901 1099 1264 1169 Carthagine,
1298 1098 1516 1163 Donati,
1548 1097 1811 1165 Secundi,

212 1194 415 1265 Papiae.
448 1195 508 1251 In
538 1194 747 1261 Africa,
776 1192 999 1265 Epiteti,
1028 1191 1304 1258 Publiani,
1334 1190 1541 1247 Saturi.
1570 1186 1639 1244 Et
1663 1187 1814 1245 Prw-

198 1289 333 1359 jecti
360 1290 626 1361 martyris.
970 1328 971 1333 η

280 1396 354 1435 vn
386 1381 491 1434 kal.
523 1378 685 1436 Febr.
728 1379 787 1435 In
832 1378 1011 1436 Nicaea
1057 1376 1306 1449 Smyrnae
1332 1417 1348 1443 ,
1400 1374 1586 1446 passio
1634 1376 1809 1432 sancti

210 1477 494 1550 Polycarpi
526 1476 789 1546 episcopi.
824 1474 883 1530 In
912 1473 1209 1543 Campania
1237 1516 1251 1541 ,
1283 1471 1547 1527 Picteolis
1571 1512 1587 1539 ,
1634 1471 1662 1499 “
1708 1472 1810 1526 Ar—

219 1569 495 1635 thematis,
527 1577 584 1624 et
608 1568 868 1637 Armatae,
904 1567 1151 1622 Donatze.
1182 1565 1238 1621 In
1270 1565 1571 1633 Laodicea,
1609 1564 1806 1620 Arthe-

212 1665 328 1732 mii,
361 1664 622 1731 Fabiani,
656 1663 882 1729 Sabini,
919 1662 1173 1730 Sidonis,
1212 1661 1453 1717 Macarii.
1495 1661 1805 1729 Ravennae,

1924 457 2283 521 prmsentatus
2312 460 2396 507 est
2421 452 2577 508 Jssus
2607 453 2661 508 in
2694 454 2919 523 templo.
2965 456 3023 511 In
3065 457 3281 525 Africa,
3314 461 3513 518 natalis
3548 510 3551 511 ν

1928 545 2175 611 Victoris,
2203 545 2414 609 Marini,
2439 546 2717 615 Honorati,
2748 548 2973 614 Urbani,
2998 550 3181 620 Hilari,
3207 554 3507 625 Perpetua,

1919 638 2169 705 Julianm,
2198 640 2485 695 Brivatula:
2511 682 2527 708 ,
2574 652 2628 696 et
2655 642 2885 697 aliorum
2914 647 3253 716 septuaginta
3281 660 3511 719 quatuor

1921 745 2242 807 martyrum.
2275 733 2486 800 Romae,
2515 734 2635 789 foro
2663 733 2949 802 Sinl'ronii,
2982 737 3067 792 via
3094 737 3375 805 Flaminia,
3408 744 3511 800 mi-

1921 830 2075 885 liario
2103 829 2172 883 ab
2197 829 2332 884 urbe
2361 836 2581 884 centum
2610 832 2950 899 septuaginta
2974 842 3206 900 quatuor
3225 875 3241 899 ,
3272 832 3511 890 Lauren-

1921 923 1979 977 tii
2004 964 2018 987 ,
2050 921 2351 994 Hippolyti.
2387 921 2455 977 Et
2484 923 2682 977 natalis
2723 924 2782 977 S.
2831 923 3155 993 Fortunati,
3205 926 3464 983 Feliciani
3498 972 3514 996 ,

1920 1016 2109 1083 Firmi,
2141 1014 2393 1083 Candidi,
2425 1016 2691 1081 Castnlze,
2739 1016 3033 1084 Secundm,
3061 1018 3292 1089 Capptn,
3338 1020 3514 1091 Roga-

1918 1109 2099 1176 tianae,
2136 1106 2255 1172 Gai,
2285 1108 2536 1179 Gregori,
2568 1108 2888 1177 Felicitatis,
2919 1110 3142 1167 Placidi.
3176 1111 3308 1168 Item
3336 1113 3515 1170 Victo-

1913 1198 2010 1263 ris,
2042 1198 2327 1263 Martialis,
2357 1198 2709 1267 Corneliani,
2743 1201 2999 1268 Salustii,
3031 1204 3213 1260 Marici
3235 1246 3249 1269 ,
3284 1204 3467 1261 Urbici
3492 1248 3510 1273 ,

1914 1291 2102 1359 Pubis,
2133 1290 2488 1360 Secundiani,
2523 1292 2766 1363 Ingenui,
2795 1295 3065 1365 Mustulas,
3094 1297 3370 1365 Victoriae,
3405 1300 3513 1354 Ho-

1912 1385 2102 1448 noriaa,
2136 1383 2352 1448 Forosi,
2384 1384 2571 1440 Pruni.
2601 1385 2734 1441 Item
2759 1386 2991 1443 Victoris
3013 1431 3028 1457 ,
3060 1388 3285 1454 Natalis,
3316 1391 3507 1459 Primi,

1912 1475 2155 1541 Helarii,
2202 1476 2467 1547 Rogatae,
2514 1476 2814 1534 Saturnini.
2866 1480 3211 1547 Aurelianis,
3255 1484 3510 1556 depositio

1910 1570 2079 1623 sancti
2108 1568 2330 1624 Fusculi
2359 1570 2622 1642 episcopi,
2665 1579 2713 1625 et
2750 1571 3009 1641 depositio
3036 1572 3255 1630 Sicaria:
3282 1574 3392 1630 Deo
3424 1594 3510 1630 sa-

1912 1672 2099 1726 cratw,
2133 1680 2249 1733 quae
2277 1662 2465 1716 ibidem
2496 1663 2642 1717 obiit.

213 1756 538 1822 Antoniasii,
571 1756 781 1821 Savini,
810 1755 1069 1811 Leodocii
1092 1798 1108 1823 ,
1137 1754 1475 1824 Theogenis,
1508 1765 1563 1810 et
1589 1753 1808 1825 triginta
1842 1734 1885 1795 Β
1982 1773 2037 1812 ιιι
2068 1774 2190 1811 non.
2225 1755 2385 1811 Febr.
2426 1757 2485 1813 In
2515 1756 2693 1813 Africa
2721 1799 2737 1823 ,
2770 1757 2971 1814 Felicis
2994 1802 3009 1827 ,
3043 1758 3326 1826 Celerinm,
3356 1760 3505 1816 Feli-

206 1867 301 1908 sex
331 1861 658 1925 martyrum,
689 1850 1034 1916 Bethlehem,
1065 1848 1324 1904 dormitio
1351 1847 1409 1903 S.
1437 1847 1640 1902 Paulus.

274 1960 332 1998 vr
363 1943 471 1998 kal.
503 1944 667 1998 Febr.
712 1943 769 1997 In
796 1938 1000 2007 Africa,
1034 1941 1247 2003 Donati,
1280 1940 1477 2003 Dalivi,
1507 1940 1808 2004 Misuriani,

205 2034 409 2100 Publii,
445 2034 715 2100 Victoris,
749 2033 999 2102 Quintilli
1024 2074 1040 2099 ,
1070 2031 1348 2097 Publiani,
1380 2030 1556 2098 Festi,
1589 2031 1808 2098 Felicis,

205 2128 431 2184 Vosonii
459 2167 477 2195 ,
523 2127 775 2183 Processi
804 2167 819 2193 ,
863 2124 1115 2182 Veneriae
1136 2167 1150 2191 ,
1196 2124 1417 2180 Marinae
1439 2168 1454 2192 ,
1487 2123 1809 2191 Fortunati,

206 2221 440 2276 Tlieosa:
467 2266 482 2289 ,
526 2219 776 2292 Egoditis
799 2260 815 2285 ,
858 2218 1125 2275 Secunda:
1150 2258 1165 2284 ,
1207 2217 1459 2288 Epictili,
1493 2216 1764 2273 Vincentii
1789 2259 1807 2286 ,

210 2313 427 2383 Rogati,
462 2312 653 2382 Primi,
681 2311 914 2377 Aurelii,
948 2310 1172 2376 Ilelarii,
1203 2306 1487 2380 Perpetua:
1506 2351 1524 2376 ,
1553 2310 1805 2378 Julianm,

208 2416 267 2461 et
291 2406 525 2461 aliorum
553 2405 913 2477 quadraginta
943 2413 1197 2475 quatuor.
1225 2402 1552 2459 Nicomediae
1574 2444 1590 2468 ,
1619 2402 1803 2459 Leaci.

210 2498 264 2555 In
292 2499 562 2571 Apolonia
586 2545 601 2569 ,
634 2498 893 2556 Gallinici
918 2540 933 2564 ,
978 2496 1172 2565 Lucii,
1216 2497 1519 2565 Honorati,
1563 2496 1763 2552 Marusi
1788 2538 1804 2565 ,

208 2592 465 2660 Secundi,
497 2589 646 2647 Casti
671 2634 685 2657 ,
722 2591 855 2655 Gai,
889 2589 1194 2646 leestini.
1230 2589 1458 2660 Sulpicii
1490 2590 1721 2661 episcopi
1760 2599 1807 2644 et

207 2687 537 2760 confessoris.
573 2685 639 2740 Et
672 2684 932 2740 dedicatio
962 2683 1190 2739 basilica:
1218 2683 1386 2737 sancti
1420 2681 1658 2737 Victoris.

277 2796 313 2834 v
345 2780 453 2836 kal.
490 2779 649 2835 Febr.
691 2779 877 2834 Romae
902 2819 919 2845 ,
975 2787 1179 2833 sanctae
1226 2776 1455 2847 Agnetis
1482 2816 1497 2842 ,
1556 2775 1756 2832 Juliani
1787 2816 1805 2844 ,

205 2874 477 2941 ’I'elliani,
524 2874 705 2929 Reotti
733 2915 749 2941 ,
792 2873 1059 2943 Teliptzn,
1106 2868 1448 2932 Vincentias,
1494 2868 1803 2935 Victorini,

206 2967 469 3036 Secundi,
499 2968 820 3040 Papecanti,
854 2965 1113 3035 Victoris,
1143 2963 1422 3020 Emiliani
1444 3007 1459 3031 ,
1491 2972 1548 3020 et
1576 2964 1803 3019 aliorum

209 3063 425 3135 triginta
457 3063 693 3133 quinque
723 3070 1050 3133 martyrum.

1914 1849 2115 1903 citatis.
2171 1848 2484 1920 Vappingo,
2539 1849 2807 1920 Depositio
2844 1850 3193 1919 Eporteredi,
3250 1850 3509 1908 Remedii.

1913 1939 2183 2013 Lugduni,
2215 1942 2467 2012 depositio
2493 1939 2559 1994 Β.
2590 1940 2838 2010 Lupicini
2863 1944 3108 2014 episcopi.

1986 2032 2171 2087 Pridie
2202 2048 2324 2086 non.
2360 2029 2519 2086 Febr.
2562 2030 2705 2087 Foro
2734 2033 3067 2104 Simphronii
3093 2075 3108 2098 ,
3160 2034 3354 2090 natalis
3394 2036 3506 2091 Ge-

1913 2122 2070 2187 mini.
2096 2122 2304 2191 Gelari,
2331 2122 2530 2193 Magni,
2559 2123 2803 2188 Donatus,
2830 2123 3088 2193 Aquilini,
3113 2124 3349 2182 Gemini.
3376 2126 3507 2185 Item

1915 2217 2161 2281 Donalae,
2192 2215 2545 2287 Themophili
2574 2218 2812 2287 episcopi
2840 2232 2961 2272 cum
2992 2217 3101 2273 lilia
3132 2233 3251 2274 sua.

1936 2302 1944 2310 ’
1987 2309 2132 2364 Νοιι.
2167 2308 2327 2363 Febr.
2367 2308 2424 2363 In
2473 2308 2661 2365 Sicilia
2690 2351 2705 2375 ,
2755 2309 2957 2364 (latana
3010 2310 3273 2379 civitate,
3326 2313 3508 2381 passio

1912 2412 2115 2458 sanctm
2141 2400 2367 2472 Agathze
2394 2401 2618 2472 virginis
2643 2444 2659 2468 ,
2699 2400 2887 2457 Saturi
2915 2447 2929 2470 ,
2961 2401 3245 2471 Revocati,
3279 2402 3506 2470 Gelasii,

1911 2494 2129 2563 Felicis,
2160 2495 2465 2551 Saturnini.
2508 2495 2565 2549 In
2598 2494 2820 2550 Oriente
2852 2493 3040 2552 Patras
3066 2495 3321 2562 civitate,
3354 2498 3508 2553 ordi-

1911 2590 2057 2645 natio
2098 2590 2447 2659 episcopatus
2488 2588 2664 2643 sanCIi
2714 2587 2948 2643 Andreae
2979 2588 3225 2659 episcOpi
3264 2598 3321 2643 et
3358 2604 3508 2644 mar-

1911 2682 2063 2753 tyris.
2098 2680 2314 2735 Viennce
2334 2725 2348 2749 ,
2380 2681 2629 2752 depositio
2656 2680 2795 2734 Aviti
2820 2681 3048 2752 episwpi
3088 2691 3138 2736 et
3172 2683 3505 2754 confessoris.

1981 2791 2075 2830 vni
2103 2774 2224 2829 idus
2249 2771 2409 2829 Febr.
2452 2773 2640 2828 Romae
2670 2774 2755 2828 via
2796 2772 2969 2843 Appia
3011 2773 3065 2828 in
3108 2772 3353 2844 ejusdem
3397 2790 3509 2831 cce-

1909 2869 2181 2935 meterio,
2251 2870 2433 2938 passio
2485 2867 2695 2923 Soteris
2747 2868 2973 2937 virginis
3017 2877 3073 2923 et
3124 2870 3398 2941 martyris.
3452 2871 3506 2925 In

1909 2963 2115 3019 Achaia
2145 2962 2449 3016 Saturnini.
2500 2950 2812 3025 Revocatre,
2846 2960 3126 3017 Victurize.
3164 2961 3220 3016 In
3253 2960 3505 3021 Caesarea

1909 3057 2289 3129 Cappadociae,
2324 3057 2503 3125 passio
2530 3067 2844 3112 sanctorum
2878 3056 3204 3122 Dorotheaz,
3241 3065 3296 3111 et
3325 3057 3505 3113 Theo-

272 3130 325 3213 ιν
357 3130 659 3212 ιωιξιέθὶ.
704 3154 761 3209 In
789 3130 958 3210 Galba
983 3152 1225 3215 civitate,
1252 3150 1310 3207 S.
1335 3148 1509 3204 Pauli.
1535 3148 1595 3204 In
1620 3148 1803 3206 Africa
1833 3130 1879 3197 α
1911 3150 2040 3222 phili
2084 3149 2428 3207 Scholastici.
2478 3150 2783 3223 Syracusiae
2809 3192 2823 3217 ,
2870 3152 3055 3221 passio
3084 3160 3290 3206 sancta:
3317 3151 3503 3207 Lucize

215 3249 481 3317 Perusiae,
514 3246 782 3312 Victoris,
815 3244 1098 3300 Honorati.
1138 3244 1195 3298 In
1225 3242 1452 3310 Tursia,
1484 3242 1799 3309 Constanti,

208 3339 493 3411 Hippolyti
522 3339 759 3408 episcopi
793 3338 862 3393 de
903 3336 1160 3406 antiquis.
1189 3333 1444 3391 Treveris
1473 3376 1488 3400 ,
1534 3334 1802 3406 depositio

201 3435 263 3493 Β.
298 3433 503 3490 Valerii
534 3433 777 3502 episcopi
809 3440 869 3489 et
895 3429 1133 3487 confess.

269 3543 329 3582 ιιι
361 3526 473 3583 kal.
509 3524 668 3580 Febr.
712 3525 769 3580 In
798 3523 1086 3581 Antiochia
1116 3565 1131 3589 ,
1181 3523 1362 3593 passio
1394 3523 1567 3579 sancti
1599 3523 1801 3596 Hippo-

200 3621 291 3693 lyti
323 3620 611 3692 martyris.
644 3619 701 3675 In
732 3619 938 3687 Africa,
975 3618 1224 3685 Pelliani,
1254 3618 1425 3683 Cleri,
1469 3618 1796 3690 Felippiani,

199 3722 255 3769 et
281 3715 513 3770 aliorum
541 3724 755 3770 centum
784 3714 971 3786 viginti
997 3722 1250 3785 quatuor.
1284 3711 1437 3769 Cald.
1463 3708 1796 3781 monasterio,

198 3810 450 3883 depositio
480 3808 819 3865 Badechildis
848 3810 1065 3883 reginis.
1099 3807 1282 3864 Corbei
1317 3809 1635 3865 monasterio
1654 3849 1669 3876 ,
1699 3808 1794 3863 de-

197 3902 382 3957 dicatio
408 3902 656 3958 Basilica:
680 3903 847 3958 sancti
867 3900 1093 3957 Joannis
1118 3900 1464 3973 evangelium.

263 3995 450 4050 Pridie
482 3995 588 4050 kal.
619 3994 779 4051 Febr.
824 3996 879 4049 In
905 3994 1273 4061 Alexandria,
1306 3993 1515 4049 Tarsici
1537 4035 1553 4061 ,
1584 3993 1759 4050 Zotici
1779 4036 1797 4063 ,

196 4090 493 4156 Ammonii,
520 4090 815 4154 Commini,
843 4088 1058 4158 Cyriaci
1081 4129 1095 4152 ,
1127 4086 1378 4154 Gemini,
1412 4086 1626 4153 Gelasi,
1661 4088 1795 4158 Ilip-

193 4184 385 4256 polyti,
425 4181 628 4249 Ursini,
654 4182 834 4253 Tyrsi.
871 4180 937 4236 Et
956 4180 1138 4251 passio
1161 4185 1473 4233 sanctorum
1497 4189 1794 4249 martyrum

193 4273 465 4341 Galliniei,
484 4284 538 4329 et
560 4274 788 4329 aliorum
806 4272 1119 4344 quindecim
1140 4268 1571 4326 sacerdotumJn
1587 4270 1793 4337 Africa,

193 4368 446 4438 Victoris,
476 4368 679 4435 Publii,
714 4367 1017 4436 Saturnini,
1051 4375 1106 4421 et
1133 4365 1452 4439 Polycarpi,
1488 4366 1610 4422 Gai.

602 4460 855 4517 MENSIS
895 4457 1361 4516 FEBRUARIUS.

712 4560 886 4615 Habet
917 4557 1035 4613 dies
1065 4573 1254 4613 xxvnt.

258 4655 381 4711 Kal.
418 4654 579 4711 Febr.
624 4653 681 4709 In
713 4654 957 4720 Graecia,
1000 4662 1314 4709 sanctorum
1355 4654 1642 4727 Polycarpi
1673 4657 1789 4727 epi-

193 4750 350 4817 scopi,
388 4748 596 4812 Ptenis,
626 4747 895 4818 Dionysii.
925 4745 1059 4801 Item
1093 4746 1335 4816 Dionysii
1364 4763 1377 4801 :
1414 4747 1541 4801 item
1574 4746 1779 4816 Poenis,

193 4846 239 4891 et
264 4839 492 4894 aliorum
521 4838 832 4910 quindecim
866 4848 1190 4910 martyrum.
1233 4836 1289 4891 In
1332 4838 1541 4906 Africa,
1577 4838 1777 4909 Publii,

194 4928 486 4999 Saturnini,
513 4931 860 4996 Mauriniani,
891 4929 1096 4996 Libosi,
1126 4929 1449 4999 Vincentire,
1476 4940 1531 4985 et
1552 4932 1779 4988 aliorum

192 5022 368 5093 viginti
397 5035 654 5096 quatuor.
684 5025 741 5079 In
773 5024 1055 5090 Ravenna,
1090 5022 1276 5079 Severi
1304 5022 1567 5095 episcopi,
1603 5024 1784 5082 Victo-

195 5115 262 5170 ris
286 5160 300 5183 ,
338 5120 562 5175 Lttciani
589 5160 603 5183 ,
647 5118 980 5188 Apollinaris
1006 5162 1020 5184 ,
1069 5117 1295 5185 Ilelarii,
1329 5118 1551 5184 Amoni,
1584 5120 1777 5188 Zolici,

193 5208 411 5282 Cyriaci.
451 5214 586 5270 ltcm
618 5214 807 5271 Severi
848 5214 1203 5270 confessoris.
1244 5213 1613 5284 Etdepositio
1643 5216 1777 5270 Pieli

193 5306 489 5382 presbyteri
530 5327 543 5362 :
588 5321 643 5365 et
690 5310 873 5382 passio
918 5319 1229 5365 sanctorum
1280 5308 1673 5376 Vindemialis,
1723 5320 1777 5366 et

196 5396 429 5472 Eugenii.
461 5403 531 5457 In
564 5403 743 5459 Scotia
775 5404 837 5459 S.
865 5402 1095 5476 Brigidte
1126 5404 1362 5476 virginis.

256 5568 281 5640 ξι
322 5560 384 5617 In
409 5561 715 5633 Campania,
746 5564 1017 5640 Picteolis.
1052 5564 1148 5619 Hic
1180 5571 1433 5640 sanctum
1458 5563 1769 5640 quemdam,

196 5636 336 5709 cuius
368 5649 565 5709 nomen
597 5644 743 5709 esset
788 5636 1102 5709 Piet‘eolos,
1143 5637 1433 5709 memorari
1466 5637 1768 5692 arbitratus

195 5702 592 5771 estAeherius;
638 5715 691 5761 at
724 5706 1008 5779 legendum
1040 5702 1270 5764 Puteolis
1298 5749 1312 5774 ,
1356 5724 1476 5780 qua:
1517 5709 1645 5765 urbs
1685 5716 1770 5764 est

194 5768 510 5845 Campania.

1908 3242 2129 3314 virginis
2153 3283 2167 3307 ,
2213 3242 2489 3298 Antoliani
2514 3286 2529 3311 ,
2566 3243 2867 3300 Saturnini.
2906 3243 3121 3298 Elnone.
3149 3246 3464 3298 monasterio
3486 3286 3501 3310 ,

1907 3336 2162 3407 deposilio
2185 3334 2249 3391 S.
2274 3336 2499 3390 Amandi
2521 3338 2750 3409 episwpi
2774 3345 2821 3390 et
2841 3338 3175 3408 confessoris.
3204 3335 3504 3403 Attrebatis,

1904 3428 2159 3500 depositio
2192 3426 2252 3483 S.
2294 3426 2502 3481 Vedasli
2530 3428 2758 3499 episcOpi
2784 3436 2831 3482 ct
2857 3428 3192 3497 confessoris.

1974 3534 2045 3574 vn
2077 3520 2193 3573 idus
2222 3517 2377 3571 Febr.
2424 3516 2481 3572 In
2510 3518 2786 3585 Britaniis,
2807 3519 3024 3574 civitate
3044 3521 3286 3589 Augusta
3308 3519 3506 3577 natalis

1903 3612 2098 3684 Augnli
2129 3612 2395 3681 episcopi,
2429 3612 2699 3677 Anatolii,
2734 3611 3004 3681 Andreas,
3034 3614 3351 3681 Ammonis,
3380 3615 3500 3671 Sta-

1903 3706 2056 3773 tiani,
2088 3705 2400 3775 Nepotiani,
2429 3706 2730 3774 Saturnini,
2767 3707 2941 3773 Lucii,
2970 3707 3237 3765 Saturum.

1971 3814 2025 3861 vt
2054 3799 2176 3853 idus
2208 3796 2367 3854 Febr.
2411 3799 2467 3853 In
2516 3801 2774 3855 Armenia
2819 3800 3068 3869 minore,
3115 3801 3325 3861 Natalis
3373 3805 3501 3861 Dio-
3578 3852 3583 3861 .

1900 3891 2067 3964 nysii,
2101 3890 2400 3956 Emiliani,
2429 3892 2759 3948 Sebastiani.
2792 3893 3000 3961 Romae,
3033 3894 3302 3967 depositio
3326 3900 3501 3955 sancti

1898 3985 2049 4041 Pauli
2080 3986 2347 4057 episcopi.
2381 3986 2445 4040 Et
2472 3986 2627 4053 alibi,
2661 3986 2835 4044 Lucii.

1970 4094 2005 4133 v
2033 4079 2150 4132 idus
2174 4075 2331 4132 Febr.
2374 4078 2555 4135 Suevo
2580 4080 2722 4148 apud
2745 4081 3003 4153 Cyprum,
3036 4083 3231 4138 natalis
3255 4082 3501 4139 Alexan-

1897 4170 2003 4236 dri,
2032 4170 2337 4238 Ammonis,
2369 4172 2732 4241 Alexandrire,
2770 4174 2921 4229 Pauli
2943 4215 2959 4241 ,
3006 4175 3271 4248 Dionysii.
3324 4176 3390 4229 Et
3422 4176 3489 4231 ad

1900 4264 2174 4320 Membras
2202 4264 2254 4332 δ,
2287 4265 2573 4321 Ammonis
2599 4308 2614 4335 ,
2663 4266 2938 4323 IEmiliaui
2970 4310 2985 4335 ,
3029 4269 3213 4324 Lassa:
3239 4312 3253 4335 ,
3285 4269 3493 4341 Poeini,

1896 4356 2131 4429 Didymi.
2161 4356 2294 4413 Item
2322 4358 2627 4428 Ammonis,
2663 4371 2717 4416 et
2738 4361 2971 4417 aliorum
2997 4362 3219 4433 triginta
3244 4372 3495 4433 quatuor.

1901 4451 1967 4506 Et
1995 4452 2267 4523 depositio
2296 4453 2539 4510 Thomas.
2577 4456 2635 4510 In
2676 4440 2913 4528 Egypto
2938 4498 2954 4523 ,
2988 4455 3191 4512 Juliani
3217 4497 3231 4521 ,
3273 4456 3449 4511 Plesci
3475 4498 3492 4525 ,

1812 4520 1867 4581 Ῑ)
1892 4520 2109 4618 Thyrsi,
2146 4546 2309 4615 Boni,
2340 4548 2597 4604 Germani
2625 4590 2639 4615 ,
2680 4520 2858 4605 Οτῗᾷέί
2882 4592 2896 4614 ,
2938 4520 3493 4620 Milignti,0riilion,

1890 4639 2165 4709 Agathon,
2198 4640 2483 4709 Reeumbi,
2520 4642 2779 4710 Baslami,
2819 4643 3091 4710 Annals},
3122 4642 3491 4710 Protbiorion,

1889 4734 2087 4803 Coloti,
2117 4736 2292 4803 Arati,
2323 4736 2601 4801 Theonize,
2630 4734 2949 4805 Yppullusi,
2982 4735 3295 4791 Saturnilla:
3319 4779 3335 4804 ,
3367 4738 3494 4808 Epi-

1890 4829 2040 4899 timi,
2073 4830 2341 4899 Serapion
2370 4872 2385 4897 ,
2417 4830 2716 4885 Liastinoni
2737 4873 2752 4896 ,
2789 4829 2967 4899 Papia;
2989 4872 3004 4896 ,
3034 4829 3295 4900 Pampiri,
3329 4830 3490 4887 Dios-

1886 4925 2023 4987 cori,
2054 4924 2266 4988 Erndii,
2297 4924 2583 4989 Potanion,
2604 4924 2862 4991 Peteeon,
2890 4925 3189 4989 Decomini,
3212 4924 3491 4994 Dioscodi,

1888 5012 2096 5083 Zulim,
2129 5016 2327 5071 Ciriaci
2353 5058 2368 5083 ,
2403 5014 2602 5084 Papia}.
2643 5013 2711 5067 In
2746 5012 2989 5067 Parrona
3015 5056 3029 5079 ,
3077 5016 3273 5071 natalis
3304 5016 3491 5073 Fursri

1886 5108 2217 5181 confessoris.

1955 5215 2010 5256 tv
2057 5204 2177 5257 idus
2220 5202 2377 5257 Febr.
2412 5201 2469 5256 In
2517 5198 2882 5270 Alexandria,
2935 5202 3112 5272 passio
3158 5205 3482 5275 Apollonis;

1881 5300 2103 5357 Protliei
2123 5341 2136 5365 ,
2160 5297 2378 5353 Orionis
2402 5344 2416 5365 ,
2446 5297 2599 5351 Plavi
2621 5338 2634 5363 ,
2659 5306 2716 5352 et
2747 5298 2979 5352 aliorum
3014 5299 3226 5370 viginti.
3261 5299 3448 5354 Romae
3471 5340 3487 5365 ,

1881 5394 2153 5462 Sotberie,
2185 5392 2385 5458 Zotici,
2414 5391 2633 5457 Jacinti,
2667 5391 2907 5459 Hircnei,
2932 5392 3197 5465 Dionysii.
3240 5392 3298 5447 In
3326 5391 3487 5447 Cant-

1951 5558 1980 5595 ι)
2017 5558 2097 5612 Ad
2140 5554 2419 5611 Meinbras.
2463 5554 2631 5610 Forte
2659 5556 2727 5608 ad
2758 5554 3011 5611 Mundi-as
3039 5598 3052 5621 ,
3092 5555 3169 5611 ait
3199 5555 3482 5615 Acherius.

1881 5631 2085 5688 Locum
2119 5630 2239 5698 ejus
2271 5626 2766 5699 nominisagnosco
2796 5626 2939 5699 haud
2972 5630 3129 5699 longe
3158 5643 3185 5681 a
3210 5628 3478 5686 Constan-

1879 5701 2108 5772 tinopoli
2135 5696 2158 5767 ;‘
2196 5716 2263 5755 an
2288 5713 2418 5753 vero
2450 5696 2561 5773 illic
2586 5700 2733 5773 passi
2764 5698 2910 5770 sint,
2956 5701 3047 5773 qui
3069 5696 3241 5758 'nunc
3270 5715 3477 5760 memo-

1880 5770 2071 5833 rantur
2099 5780 2390 5842 martyres,
2424 5770 2519 5826 alii
2546 5770 2803 5829 viderint.
