4048 6344
503 241 611 298 διδ

1535 229 1592 287 S.
1634 228 2021 287 IIIERONYMI
2058 222 2342 284 OPERUM
2381 222 2749 281 MANTISSA.

3696 217 3814 275 ιιι

499 360 663 431 pania
684 398 700 425 ,
732 356 929 413 natalis
956 353 1162 411 Silvani
1203 351 1445 422 episcOpi
1467 392 1480 418 ,
1512 357 1568 405 et
1598 349 1953 405 confessoris.
1992 347 2095 405 Be-
2123 348 2174 411 Α
2199 345 2483 402 Fructuosi
2504 385 2519 409 ,
2558 342 2758 411 Primi,
2798 338 2954 397 Cicili
2974 380 2987 406 ,
3020 338 3284 406 Fabiani,
3321 338 3505 409 Pauli,
3536 336 3760 394 Mximi
3789 379 3813 406 ,

504 452 779 517 thlehem,
824 449 926 504 sub
982 444 1198 501 Herode
1239 445 1417 514 passio
1472 450 1787 497 sanctorum
1837 441 2099 507 Andrem,

508 544 701 616 Apori.
739 541 1029 597 Sanctoaas
1066 539 1301 603 ciuitate,
1346 534 1597 609 depositio
1640 533 1841 590 Urbani
1876 534 2107 607 episcopi

515 647 565 693 et
591 628 920 705 confessoris.
958 630 1022 685 Et
1051 629 1409 702 Baldegundw
1427 629 1718 683 abbatissaz.
1792 637 1796 640 ‘

579 743 640 785 ιιι
678 727 796 779 idus
833 720 965 778 Feb.
1017 722 1071 777 In
1126 722 1390 791 Apamia,
1444 721 1654 782 l‘mnis,
1709 720 1957 790 Eolraxi,
2002 721 2104 775 Ar-

511 829 692 874 matae.
726 817 782 873 in
807 814 1142 885 Campania,
1180 813 1433 869 Basiliani
1460 855 1475 881 ,
1507 812 1774 878 Atnantii,
1816 812 2009 867 Talici.
2048 813 2104 867 In

509 912 721 976 Africa,
747 909 1011 976 Victoris,
1044 908 1244 964 Felicis
1266 947 1283 973 ,
1320 906 1599 971 Januarii,
1645 905 1862 971 Vitalis,
1903 904 2103 971 Zetici,

508 1003 739 1068 Ciriaci,
768 1002 1086 1069 Ammonis,
1112 999 1369 1056 Pelionici
1390 1043 1403 1064 ,
1440 998 1650 1066 Basilii,
1693 997 1968 1053 Germani.
2001 997 2107 1053 Ro-

509 1112 611 1151 mae
625 1137 641 1162 ,
674 1093 977 1149 Sorotedis.

580 1186 762 1241 Pridie
788 1186 907 1241 idus
939 1182 1099 1239 Febr.
1148 1183 1208 1239 in
1254 1181 1465 1243 Africa,
1512 1182 1692 1251 passio
1728 1180 1789 1238 S.
1820 1180 2066 1236 Domiani
2090 1222 2105 1247 ,

509 1279 784 1333 Victuriae.
812 1275 1140 1345 Carthagine
1169 1319 1182 1344 ,
1230 1275 1483 1343 Posinni,
1530 1273 1791 1340 Modesti,
1826 1272 2104 1328 Revocati.

508 1370 565 1425 In
588 1356 950 1437 AleXandria,
984 1367 1190 1423 Juliani
1212 1408 1226 1431 ,
1262 1366 1530 1429 Victoris,
1571 1364 1800 1429 Felicis,
1833 1364 2105 1433 Secundi,

510 1462 825 1530 Severiani,
885 1462 1140 1530 Corpori,
1192 1460 1412 1526 Germi,
1466 1459 1735 1524 Quiriaci,
1785 1458 2105 1527 Ammonis,

511 1554 817 1624 Pamphili,
867 1551 1199 1620 Dorotheae,‘
1240 1549 1548 1621 Theophili.
1604 1550 1734 1605 Item
1778 1548 1999 1604 Juliaoi.
2048 1548 2108 1605 In

511 1647 702 1715 Italia,
738 1647 966 1713 Donati,
1016 1643 1287 1712 Heraclii,
1328 1642 1634 1710 Vincentii,
1673 1643 1973 1711 Susanna},
2004 1643 2106 1699 0r-

2208 440 2429 497 Urbani.
2457 439 2514 494 In
2547 436 2807 506 llispania
2829 477 2842 502 ,
2878 432 3180 489 Barcinone
3205 474 3219 498 ,
3254 435 3452 504 passio.
3480 434 3536 489 S.
3570 431 3815 488 Cucufa-

2206 534 2293 590 tis.
2323 533 2381 588 In
2423 532 2607 589 Africa
2629 575 2643 599 ,
2694 526 2934 585 Maximi.
2968 526 3100 582 Item
3128 525 3400 582 Vincentii
3423 565 3437 592 ,
3471 525 3657 593 Pauli,
3695 524 3811 581 ilo-

2207 628 2413 689 norati,
2448 626 2604 681 Mart.
2655 624 2788 680 item
2832 622 3068 678 Maximi.
3116 620 3246 677 Item
3269 620 3460 689 Pauli,
3505 619 3809 683 Martialis.
3882 621 3899 632 '

2204 719 2398 789 'l'erapi
2422 761 2437 784 ,
2471 719 2633 774 Marci
2659 763 2672 786 ,
2704 718 2896 788 Marpi.
2928 714 3241 771 Nicomedia
3274 715 3456 785 passio
3483 717 3542 771 S.
3575 713 3812 771 Julianm

2206 831 2240 870 γ
2264 813 2431 886 rginis
2453 856 2466 878 ,
2517 822 2571 868 et
2599 812 2873 884 Martyris.
2905 811 3036 867 Item
3080 804 3283 879 Marci,
3330 807 3592 865 Martialis
3613 850 3628 875 ,
3660 808 3810 865 Mar-

2206 910 2328 965 celli
2350 950 2363 974 ,
2398 909 2624 978 Donati,
2656 906 2923 972 Secundi,
2958 905 3227 975 Marcopi,
3252 903 3516 961 Lucellae.
3546 902 3686 959 Item
3709 902 3814 960 Se-

2207 1003 2367 1059 cundi
2394 1044 2409 1067 ,
2450 1001 2734 1068 Maxume,
2778 999 2972 1063 Sauli,
3022 995 3314 1066 Stuputis,
3360 995 3618 1064 Mustaci,
3662 996 3815 1051 Prte-

2100 1130 2101 1133 η
2207 1098 2409 1163 sentis,
2436 1095 2731 1161 Secundae,
2761 1094 3019 1157 Junellaa,
3051 1101 3104 1147 et
3135 1107 3258 1146 cum
3289 1091 3371 1147 eis
3399 1102 3620 1147 centum
3648 1090 3816 1161 quin-

2208 1191 2463 1260 quaginta
2484 1201 2731 1259 quatuor.
2764 1186 2996 1243 Fisinari
3022 1230 3035 1255 ,
3064 1184 3367 1254 Pamphili,
3402 1185 3648 1240 Valentis
3690 1183 3817 1241 dia-

2209 1284 2371 1347 coni,
2426 1280 2673 1345 Seleuci,
2728 1279 2960 1342 Prolidi,
3014 1276 3341 1346 Theophili,
3393 1276 3632 1343 luliani,
3684 1290 3815 1332 cum

2210 1375 2478 1448 Egyptiis
2517 1388 2784 1439 numero,
2826 1373 3068 1444 quinque
3109 1371 3357 1426 millium.
3398 1371 3462 1425 Et
3514 1371 3683 1437 alibi,
3714 1369 3819 1426 de-

2212 1469 2410 1540 positio
2444 1468 2677 1524 Sctradii
2703 1467 2966 1547 episcopi.

2285 1578 2376 1617 χιιι
2408 1562 2512 1615 kal.
2543 1560 2743 1614 Martii.
2778 1560 2833 1614 In
2867 1559 3047 1614 Africa
3073 1558 3292 1614 civitate
3311 1555 3651 1621 Concordiae,
3682 1570 3825 1626 pas-

2210 1654 2293 1711 sio
2348 1664 2657 1710 sanctorum
2715 1652 2941 1718 Donati,
2999 1650 3364 1715 Secundiani,
3410 1647 3700 1719 Pamphili.
3753 1645 3821 1703 In

512 1741 699 1809 hante,
744 1739 1010 1806 Donata),
1053 1737 1302 1793 Eulaliae.
1345 1737 1412 1792 Et
1452 1736 1720 1807 depositio
1761 1739 1931 1795 sancti
1966 1737 2109 1795 Sim-
2147 1737 2185 1797 Il
2220 1746 2499 1818 Aquileia,
2549 1746 2913 1812 Crisanliani,
2964 1745 3169 1811 Eutici,
3203 1743 3557 1805 Concordiae,
3600 1742 3816 1808 Iusta,

515 1831 661 1904 plicii
695 1832 957 1903 episcopi.

585 1926 717 1981 ldus
759 1924 889 1980 Feb.
930 1925 987 1995 In
1041 1921 1392 1988 Nicomedia,
1443 1922 1623 1992 passio
1674 1921 1733 1978 S.
1778 1922 2000 1980 Juliani.
2054 1923 2107 1980 In

512 2018 881 2083 Alexandria,
932 2002 1196 2082 Tulliani,
1249 2013 1551 2069 Ammonis.
1594 2014 1661 2069 Et
1701 2012 1866 2083 alibi,
1915 2015 2111 2072 natalis

512 2110 757 2177 Dicenti,
807 2109 1093 2182 Simplicii.
1135 2107 1415 2180 Lugdune,
1459 2108 1713 2181 depositio
1754 2107 1822 2165 Β.
1857 2108 2113 2181 Stephani

512 2206 759 2277 episcopi.

585 2317 671 2357 xvi
698 2299 805 2355 kal.
842 2299 1042 2354 Martii.
1077 2298 1132 2355 In
1155 2298 1343 2353 Tusrit
1373 2340 1385 2363 ,
1417 2297 1643 2369 Spolcto
1670 2298 1888 2353 civitate
1909 2339 1922 2363 ,
1956 2307 2109 2353 nata-

510 2395 579 2452 lis
606 2394 798 2449 Vitalis
821 2432 839 2461 ,
866 2394 1087 2466 Cyrion.
1122 2393 1188 2447 Et
1213 2392 1460 2447 Martiani
1484 2437 1498 2461 ,
1536 2392 1739 2446 Vitalis.
1774 2390 2111 2459 lutcramnc,

516 2487 602 2542 via
646 2487 910 2543 Flaminia
961 2486 1031 2541 ab
1076 2486 1207 2541 urbe
1254 2485 1425 2539 Roma
1468 2484 1723 2540 milliaria
1777 2487 2114 2554 sexagesimo

511 2588 738 2651 quarto,
789 2580 982 2634 natalis
1026 2580 1082 2635 8.
1121 2578 1391 2634 Vincentii
1420 2624 1433 2643 ,
1463 2577 1657 2637 Talici.
1690 2577 1744 2632 lit
1772 2576 1934 2647 Licya
1957 2618 1972 2643 ,
2015 2594 2115 2632 na-

516 2673 639 2729 talis
700 2682 1014 2730 sanctorutn
1071 2683 1370 2743 martyrum
1429 2671 1727 2737 Germani,
1787 2671 2003 2726 Juliani.
2058 2671 2114 2727 in

516 2767 880 2834 Alexandria,
931 2767 1129 2823 natalis
1174 2777 1484 2821 sanctorum
1534 2766 1789 2829 Basiani,
1847 2765 2111 2835 Tonioni,

516 2862 763 2930 Moseos,
792 2859 990 2915 Basion
1015 2901 1031 2927 ,
1072 2859 1353 2932 Dionysii,
1381 2867 1436 2915 et
1464 2859 1667 2914 Ermon
1688 2900 1702 2925 ,
1732 2858 1951 2915 At‘fasii.
1985 2858 2115 2914 Item

518 2954 763 3025 Dionysii
796 2953 1071 3023 episcopi,
1106 2952 1324 3019 Paulis,
1359 2940 1624 3014 L‘eviorii,
1657 2950 1892 3019 Orfasii,
1926 2951 2112 3008 Plebii.

516 3046 651 3103 Item
681 3046 1196 3115 Dionysiiepiscopi,
1222 3045 1506 3101 Amandei.
1534 3045 1591 3100 In
1615 3045 1851 3100 lllilitana
1873 3045 2116 3113 civitate,

2216 1838 2426 1893 Romoli
2454 1883 2467 1906 ,
2501 1835 2726 1901 Saloni,
2766 1835 3011 1901 Silvani,
3039 1844 3093 1890 et
3113 1834 3345 1890 aliorum
3380 1834 3657 1903 octoginta
3682 1849 3820 1903 qua-

2212 1941 2357 2000 tuor,
2387 1947 2616 2002 quorum
2648 1931 2868 1986 nomina
2897 1931 3040 1986 Deus
3065 1930 3190 1985 scit.
3236 1930 3299 1984 Et
3339 1928 3471 1983 alibi
3490 1970 3505 1993 ,
3528 1927 3773 1984 Januarii
3802 1972 3818 1995 ,

2212 2024 2497 2080 Feliciani.
2534 2024 2664 2078 Item
2694 2022 2967 2085 Januarii,
2995 2023 3207 2087 Donati,
3242 2020 3408 2079 Casti.
3440 2020 3571 2074 item
3596 2020 3820 2084 Donati,

2214 2116 2452 2172 Victoris
2471 2158 2485 2181 ,
2538 2118 2741 2187 Agztpzn
2759 2157 2773 2181 ,
2831 2117 3141 2169 Uoltaliante
3162 2156 3175 2175 ,
3232 2113 3499 2168 Guddinis
3524 2157 3538 2179 ,
3608 2113 3781 2166 Dativi
3805 2154 3821 2178 ,

2215 2208 2601 2273 Fortun‘ionis,
2652 2208 2954 2273 Marcellae,
2987 2205 3309 2275 Quintiani,
3348 2205 3527 2261 Julian.
3562 2207 3693 2260 Item
3724 2206 3825 2261 Ja-

2216 2300 2437 2367 nnatii,
2490 2299 2811 2366 Crescenti,
2868 2299 3155 2355 Ctelestini
3212 2299 3467 2366 Saturni,
3530 2297 3826 2368 Giptonis,

2218 2395 2521 2451 Felicitatis
2547 2440 2561 2462 ,
2601 2395 2891 2451 DOoatiaai
2911 2437 2925 2461 ,
2953 2394 3199 2447 victuriac
3220 2434 3235 2456 ,
3269 2391 3481 2447 Emilize
3502 2432 3517 2456 ,
3550 2391 3826 2458 Bassnltn,

2216 2490 2431 2553 Saturi,
2475 2489 2668 2553 Ehasi,
2714 2488 2986 2549 Secundi,
3030 2485 3261 2551 Felicis,
3305 2483 3617 2548 Octaviani,
3678 2482 3835 2537 Fau—

2217 2583 2369 2651 stini,
2406 2583 2644 2647 Albintc,
2678 2580 3023 2650 Rogatianm,
3062 2578 3316 2645 Victuris,
3350 2576 3557 2640 Martii,
3583 2573 3830 2632 Cetula.

2219 2676 2435 2730 Rutula:
2464 2674 2669 2730 Silvani
2698 2715 2714 2739 ,
2746 2672 2987 2728 Cuovili.

2289 2782 2364 2822 ιιι
2394 2765 2502 2820 kal.
2538 2764 2701 2820 Mart.
2733 2765 2788 2819 In
2817 2762 3027 2830 Africa,
3060 2761 3265 2819 natalis
3284 2768 3603 2815 sanctorum
3632 2759 3832 2830 Rituli,

2221 2859 2463 2923 Silvani,
2529 2856 2763 2923 Clasici,
2832 2854 3163 2919 Secundini,
3226 2852 3495 2915 Fructnli,
3566 2851 3834 2918 Damasi,

2221 2952 2408 3006 Orion.
2436 2948 2767 3018 Interrapis,
2796 2948 2970 3011 Pauli,
3006 2945 3255 3012 Maximi,
3285 2943 3526 3000 Marcelli
3557 2942 3833 3009 Marcobi,

2223 3044 2521 3109 Martialis,
2550 3041 2762 3098 Gemini
2786 3082 2800 3107 ,
2839 3038 3087 3108 Romuli,
3122 3038 3352 3106 Sivinze,
3397 3037 3598 3093 Castici
3622 3080 3638 3105 ,
3686 3035 3837 3092 Fru-

442 3148 464 3159 '
521 3140 718 3194 natalis
746 3138 807 3196 8.
859 3138 1073 3195 Policti.
1106 3137 1163 3192 In
1207 3138 1464 3194 Ileraclea
1508 3137 1705 3191 natalis
1745 3137 1844 3191 SS.
1888 3135 2118 3208 Felicis,
2151 3129 2195 3193 C
2226 3136 2390 3201 ctuli,
2422 3135 2687 3191 Januarii.

516 3231 778 3289 Januarii.
814 3231 870 3287 In
900 3230 1139 3296 Graecia,
1177 3229 1427 3296 Palladii,
1456 3228 1799 3297 Candidiani,
1844 3229 2114 3296 Poliarcti,

522 3323 809 3381 Fileronis.
855 3324 1244 3387 Passamonas,
1294 3323 1495 3387 Jonas,
1524 3322 1868 3377 Ammonius.
1910 3321 2115 3392 Toppi,

519 3414 754 3479 Proditi,
800 3415 1080 3481 Praeconi,
1133 3414 1374 3485 Moysei,
1419 3412 1699 3476 Leotoris,
1748 3413 2009 3467 Januarii.
2056 3412 2117 3466 In

517 3509 736 3567 civitate
783 3507 1054 3578 Spolisio,
1092 3506 1307 3569 Vitalis,
1348 3517 1397 3561 et
1434 3506 1664 3561 militum
1699 3505 1992 3574 nonaginta
2022 3520 2119 3557 n0-

518 3620 662 3660 t'em.
689 3604 745 3659 ln
774 3602 954 3658 Africa
974 3645 989 3670 ,
1026 3602 1221 3657 natalis
1252 3599 1546 3657 Valentini.
1579 3600 1886 3654 Interamna
1910 3640 1926 3663 ,
1972 3596 2115 3652 mili-

524 3706 634 3749 tum
680 3696 1065 3765 quinquaginta
1110 3702 1367 3764 quatuor.
1405 3691 1498 3748 Via
1536 3691 1834 3756 Flaminia,
1874 3688 2071 3745 Atheni
2098 3731 2115 3756 ,

435 3844 447 3859 ,
522 3787 821 3853 Martiani,
885 3787 1119 3850 'l‘iiioni,
1189 3784 1473 3851 Celerini,
1538 3783 1736 3853 Magni.
1792 3783 1849 3838 lit
1898 3782 2115 3850 Sicilia,

520 3878 708 3946 Egias,
731 3875 931 3933 Juliani
955 3918 968 3941 ,
993 3876 1171 3946 passio
1193 3874 1249 3930 S.
1282 3874 1471 3930 Sereni
1492 3877 1770 3945 martyris.
1794 3873 1853 3930 In
1884 3876 2121 3935 Alexan-

519 3969 636 4037 dria
665 4010 680 4033 ,
714 3967 1028 4035 Saturnini,
1058 3967 1353 4032 Prmconii,
1383 3967 1620 4023 Maximi.

593 4077 662 4117 xv
676 4060 781 4119 kal.
801 4059 1035 4116 Mai-Ha
1062 4059 1372 4125 Antiochia,
1393 4061 1585 4116 natalis
1602 4060 1847 4131 Joseppi,
1872 4061 2116 4124 Diaconi,

524 4154 791 4224 Zenonis,
825 4152 1135 4224 Apollonis,
1181 4154 1400 4218 Phoebi,
1444 4155 1705 4219 Romani,
1746 4156 1984 4222 Zosimi,
2014 4155 2121 4211 Ba-

523 4249 673 4314 radi,
720 4247 938 4315 Ruﬁni,
994 4247 1116 4303 Zosi
1167 4247 1489 4320 presbyteri.
1537 4248 1882 4315 Interamna,
1926 4248 2121 4305 natalis

525 4354 725 4399 sancta:
756 4341 958 4413 Agapm
986 4342 1244 4414 virginis,
1277 4342 1586 4410 Saturnini,
1618 4343 1857 4398 Castulm
1876 4385 1890 4410 ,
1917 4344 2119 4417 Magni,

524 4435 713 4507 Lucii,
738 4435 962 4505 Rogati,
993 4434 1220 4490 Jomnis
1241 4480 1255 4503 ,
1286 4444 1339 4489 et
1369 4435 1603 4491 aliorum
1647 4435 1933 4491 duodecim
1980 4448 2123 4490 mar-

2296 3246 2352 3285 at
2382 3229 2488 3283 kal.
2524 3229 2685 3282 Mart.
2717 3228 2775 3281 In
2805 3226 2982 3281 Africa
3008 3270 3020 3293 ,
3056 3224 3253 3281 natalis
3276 3233 3595 3281 sanctorum
3620 3223 3835 3292 Publii,

2220 3322 2451 3391 Juliani,
2486 3320 2715 3376 Marttbi.
2758 3320 2894 3374 Item
2940 3319 3174 3385 Juliani,
3220 3316 3514 3385 Barechci,
3544 3316 3784 3372 Marcelli
3816 3358 3831 3384 ,

2222 3415 2364 3469 'l'ulii
2385 3456 2398 3479 ,
2435 3414 2685 3478 Latnpasi
2704 3454 2718 3479 ,
2750 3412 2930 3480 Majnli
2953 3456 2966 3480 ,
2994 3412 3124 3469 Julii
3143 3455 3158 3478 ,
3185 3411 3491 3467 Saturnini.

2294 3524 2326 3564 κ
2357 3507 2463 3562 Ital.
2519 3507 2678 3562 Mart.
2733 3508 2885 3577 Apud
2928 3505 3198 3580 Cyprum,
3250 3506 3443 3562 natalis
3492 3504 3832 3572 Potaminas,

2223 3596 2430 3667 MiSsis,
2466 3599 2709 3670 Didymi,
2742 3599 3014 3661 iocundi,
3061 3599 3225 3653 Flori.
3272 3599 3460 3653 Roma:
3493 3598 3573 3651 via
3614 3597 3832 3668 Appia,

2223 3700 2274 3754 in
2323 3699 2644 3755 cmineterio
2690 3696 2928 3761 Calesti,
2978 3696 3247 3765 depositio
3290 3695 3391 3751 Gai
3439 3693 3705 3764 episcopi.
3760 3692 3837 3749 Et

2221 3789 2377 3853 alibi,
2412 3790 2645 3844 Victoris
2666 3828 2681 3853 ,
2717 3787 2976 3857 Coronae,
3012 3799 3067 3843 et
3096 3788 3330 3843 aliorum
3359 3787 3574 3842 decem.

2294 3898 2347 3936 rx
2374 3880 2479 3934 kal.
2512 3879 2676 3935 Mart.
2714 3880 2770 3934 In
2799 3883 2878 3934 At:
2893 3881 3009 3944 ica,
3050 3882 3246 3936 natalis
3285 3890 3601 3936 sanctorum
3624 3880 3833 3949 Viruli,

2224 3975 2556 4040 Secundini,
2586 3975 2837 4040 Servuli,
2884 3972 3101 4047 Syrici,
3143 3974 3341 4031 Felicis
3366 4015 3382 4039 ,
3430 3974 3657 4030 iocundi
3683 4017 3698 4040 ,
3732 3976 3835 4033 Sa-

2228 4069 2460 4139 turnini,
2517 4068 2843 4136 Fortunati,
2896 4078 2952 4124 et
3001 4069 3234 4124 aliorum
3289 4068 3697 4137 septemdecim.
3762 4071 3831 4126 lit

2225 4160 2403 4226 alibi,
2467 4158 2775 4223 Victurini,
2832 4160 3117 4230 Mappalici
3155 4201 3168 4221 ,
3231 4159 3493 4225 Pusitini,
3548 4160 3827 4227 Tltedrar,

2224 4252 2497 4322 Crispini,
2526 4254 2702 4318 Petri,
2736 4253 3061 4313 Secundola:
3088 4295 3102 4318 ,
3138 4254 3357 4309 Dinaris
3378 4294 3392 4318 ,
3420 4253 3666 4320 Rustici,
3695 4255 3827 4320 Titi,

2227 4350 2480 4417 'I‘ntnuli,
2526 4350 2793 4416 Massedi,
2845 4349 3015 4416 Iusti,
3066 4349 3282 4405 Securi.
3334 4350 3503 4415 Item,
3549 4348 3823 4418 Massedi,

2227 4441 2460 4497 Gloriosi
2481 4486 2495 4509 ,
2531 4441 2845 4498 Alciatoris.
2877 4443 3006 4498 item
3036 4440 3177 4497 δυξιί
3203 4483 3217 4508 ,
3265 4440 3541 4498 Amatoris
3564 4485 3579 4510 ,
3620 4440 3832 4497 Secun—

522 4539 718 4599 tyrnm.
765 4529 1071 4584 Barcinone
1099 4530 1153 4582 in
1197 4528 1505 4598 Hispaniis,
1558 4529 1738 4597 passio
1784 4538 1984 4583 sancta:
2018 4530 2123 4589 Lee
2150 4527 2200 4588 Ι)
2227 4535 2343 4599 dae,
2377 4533 2586 4604 Syrici,
2616 4533 2871 4589 Jocundi.

517 4622 786 4695 quomlas.
829 4622 887 4676 In
937 4621 1124 4693 Syria,
1175 4620 1409 4686 Aventi,
1453 4620 1621 4685 Sixti,
1668 4620 1954 4689 Pompini.
2006 4622 2118 4681 Ge-

527 4714 697 4778 melli,
730 4712 986 4778 Victoris,
1011 4711 1301 4769 Generosi.
1333 4712 1463 4768 Item
1492 4713 1744 4778 Victoris,
1776 4713 2116 4782 Gentelliani,

519 4804 775 4877 Coturni,
823 4805 1030 4862 Castuli
1057 4846 1073 4875 ,
1112 4805 1338 4861 Januari
1364 4847 1379 4872 ,
1411 4816 1467 4862 et
1505 4805 1775 4877 depositio
1813 4808 1983 4862 sancti
2013 4806 2120 4864 Sil-

521 4899 679 4955 vinii.

590 5008 680 5047 xw
720 4992 825 5048 kal.
876 4992 1035 5047 Mart.
1079 4992 1134 5048 In
1180 4992 1504 5059 Britanniis,
1558 4994 1750 5051 natalis
1799 5006 2115 5053 sanctorum

519 5082 793 5146 Faustini,
826 5085 1107 5141 Jovcntiai.
1137 5086 1204 5140 Et
1232 5087 1400 5154 alibi,
1435 5087 1573 5143 Blesi
1594 5130 1608 5155 ,
1651 5088 1845 5143 Donasi
1866 5130 1880 5155 ,
1909 5089 2111 5160 Diony.

519 5177 618 5243 sii,
692 5176 985 5249 Ilierappi,
1056 5181 1345 5248 Martialis,
1413 5182 1768 5248 Nundinarii,
1835 5184 2113 5252 Prusiani,

520 5271 698 5341 Pauli,
728 5270 1001 5341 Gallonio,
1037 5274 1282 5345 linoorii,
1312 5275 1573 5343 Jocundi,
1607 5277 1807 5346 Mcmii,
1840 5277 2112 5346 Vincenti,

588 5469 614 5536 ξ
640 5460 670 5514 1
678 5472 779 5536 tem
802 5460 1098 5536 Nicomedi.
1126 5461 1332 5533 Duplex
1356 5461 1459 5516 hoc
1486 5462 1606 5518 loco
1628 5462 1832 5536 librarii
1864 5464 2070 5536 σφάλμα
2087 5504 2101 5523 .

514 5531 808 5588 Aclterium
852 5533 903 5586 in
953 5531 1223 5601 duplicem
1259 5548 1503 5588 errorem
1554 5534 1813 5589 induxit:
1868 5531 2005 5589 Nam
2051 5544 2107 5589 et

517 5601 859 5659 Nicomedem
887 5604 1137 5676 agnovit,
1171 5605 1257 5663 ubi
1292 5605 1581 5676 legendum
1622 5617 1741 5661 erat
1776 5605 2101 5670 Nicomedia,

513 5688 617 5740 qua
650 5676 700 5729 in
732 5680 869 5743 urbe
899 5674 1041 5745 passi
1074 5674 1370 5744 erantqui
1395 5694 1535 5731 nunc
1580 5686 1931 5741 recensentur
1963 5694 2105 5731 mar-

517 5751 662 5810 tyres
686 5780 701 5809 ,
733 5756 789 5801 ot
817 5746 957 5801 inter
986 5760 1082 5803 eos
1110 5761 1275 5804 unum
1303 5747 1638 5815 numeravit,
1669 5752 1754 5807 cui
1787 5764 1986 5807 nomen
2019 5764 2106 5808 eas

2294 4641 2388 4680 VIII
2417 4625 2523 4681 kal.
2554 4625 2718 4683 Mart.
2751 4626 2958 4682 Natalis
2979 4625 3257 4682 cathedrae
3281 4625 3337 4682 S.
3382 4625 3528 4681 Petri
3556 4626 3827 4697 apostoli,

2226 4733 2329 4783 qna
2361 4719 2503 4774 sedit
2532 4720 2673 4789 apud
2705 4720 3074 4775 Antiochiam.
3105 4719 3439 4775 Nicomedizr
3458 4762 3473 4785 ,
3500 4720 3697 4775 natalis
3719 4719 3830 4775 Te-

2226 4813 2324 4867 cla:
2365 4812 2589 4882 virginis
2619 4813 2902 4883 discipula:
2940 4815 3021 4891 S.‘
3044 4814 3195 4868 Pauli
3235 4814 3491 4883 apostoli.
3524 4813 3579 4868 In
3612 4813 3828 4881 Africa,

2227 4906 2422 4965 natalis
2448 4916 2760 4962 sanctorum
2812 4905 3105 4976 Victurini,
3138 4906 3366 4974 Nuceri,
3402 4906 3671 4975 Palatini,
3718 4908 3830 4963 Do-

2226 5002 2367 5065 nati.
2401 5001 2679 5067 Fortunae,
2712 5015 2762 5058 et
2795 5002 3028 5058 aliorum
3060 5002 3248 5073 viginti
3283 5018 3499 5059 novent.
3531 5003 3719 5059 Roma:
3742 5004 3828 5057 via

2224 5092 2507 5151 Tiburtina
2552 5095 2619 5150 ad
2671 5106 2921 5151 sanctum
2952 5082 3338 5163 Laurentium,
3386 5096 3581 5151 natalis
3615 5103 3828 5151 sanctae

2224 5188 2573 5257 Concordiae,
2607 5189 2839 5259 Felicis,
2881 5190 3094 5263 Syrmia
3117 5236 3131 5259 ,
3174 5192 3368 5247 natalis
3399 5190 3453 5244 S.
3495 5189 3724 5254 Seueri,
3772 5178 3830 5245 et

2224 5283 2455 5340 aliorum
2501 5285 2845 5356 septuaginta
2873 5286 3002 5341 duo.
3034 5284 3169 5341 Item
3199 5282 3471 5341 Nicomedi
3496 5291 3519 5317 ει
3544 5324 3559 5349 ,
3589 5281 3782 5337 Eutcri
3808 5324 3826 5352 ,

2215 5472 2297 5517 set
2341 5463 2656 5527 Palatinus,
2708 5476 2831 5517 cum
2882 5462 2968 5517 illa
3014 5476 3147 5517 voce
3186 5456 3554 5532 Martyrologii
3584 5458 3828 5528 scriptor

2216 5549 2313 5588 nos
2343 5536 2543 5589 docere
2582 5534 2851 5600 voluerit,
2889 5534 3169 5589 Euteriutn
3203 5531 3369 5588 unum
3411 5531 3617 5597 fuisse,
3649 5533 3705 5593 ix
3725 5540 3827 5588 τῶν

2212 5608 2263 5661 ἐν
2287 5606 2583 5679 ﬂagitatori;
2605 5608 2842 5667 οἰκετείαις
2854 5651 2871 5679 ,γ
2892 5616 2949 5660 ut
2970 5604 3369 5679 cumllusebio
3398 5601 3826 5679 llistur._Eccle-

2214 5672 2368 5733 sia'st.
2399 5677 2497 5730 lib.
2532 5692 2625 5730 vnt
2647 5693 2764 5745 cap.
2802 5681 2824 5733 l
2862 5678 3069 5747 lotiuar.
3104 5676 3252 5747 Idem
3301 5690 3461 5747 error
3491 5672 3828 5747 variislocis

2213 5748 2488 5814 occurrit;
2538 5763 2662 5805 nam
2707 5742 2760 5803 et
2812 5742 2967 5805 sexto
3016 5745 3122 5803 kal.
3178 5745 3339 5801 lllart.
3390 5744 3537 5799 Petri
3589 5742 3827 5801 Palatini
