4048 6310
194 275 301 337 “9

1262 270 1830 336 VETUSTISSIMUM
1866 272 2391 334 KALENDARIUM.

3380 283 3490 344 650

190 391 465 451 Theodori
487 392 825 468 presbyteri.
850 391 911 449 In
938 389 1255 455 Provincia,
1286 388 1576 458 Carmillze,
1607 388 1785 457 Pauli,
1813 389 1867 451 A
1895 389 2130 459 Agapiti,
2166 392 2431 467 Dionysii.
2481 402 2535 451 et
2580 378 2810 452 aliorum
2843 412 2858 451 :
2890 396 3256 471 Gordonioni,
3289 399 3489 473 Magni,

190 486 466 557 Caesarne,
494 489 727 555 Juliani,
754 487 890 545 Juli.
920 488 979 543 1η
1008 487 1237 543 civitate
1265 484 1503 543 Cmsaria
1527 527 1541 549 ,
1573 484 1752 554 Agatii
1771 525 1786 550 ,

188 582 509 639 Alexandri.
542 582 674 639 Item
716 580 963 649 Fidelis,
1007 578 1285 653 Tyomoli,
1337 576 1607 650 Dionysii.
1653 574 1788 632 ltem

191 671 463 747 Dionysii,
488 674 721 731 Rustici.
1318 722 1329 731 .

262 782 323 823 ιι
354 767 459 823 kal.
487 767 655 841 April.
684 767 743 823 In
774 758 956 839 Syr'ia,
988 765 1191 823 Seluci.
1220 766 1277 823 In
1305 765 1509 830 Africa,
1533 763 1749 835 Agapiti
1774 803 1789 830 ,

206 858 368 915 Molai
386 900 401 926 ,
426 859 665 927 Romuli,
687 858 928 932 Physon,
952 858 1272 927 Alexandri,
1299 857 1534 928 DiOphy.
1555 855 1612 910 In
1644 852 1794 909 Afri-

190 965 277 1016 ca,
310 949 529 1031 Rogati,
581 952 814 1020 Catular,
842 952 957 1021 Uti,
988 950 1286 1018 Victorini,
1316 948 1621 1007 Saturnini.
1656 947 1790 1003 Item

191 1045 506 1116 Saturnini,
529 1047 802 1115 Salitoris,
834 1047 1038 1118 Aprilis
1056 1088 1074 1115 ,
1096 1045 1323 1117 Joseph.

264 1154 361 1195 vni
389 1137 495 1195 kal.
523 1140 695 1214 April.
718 1140 1115 1212 Hierosolyma,
1135 1138 1396 1194 Dominus
1413 1135 1791 1193 nosterJesus-

190 1228 444 1290 Christus
475 1234 767 1291 cruciﬁxus
813 1244 919 1290 est.
953 1233 1021 1287 Et
1049 1231 1410 1288 Annuntiatio
1439 1239 1644 1285 sancta:
1673 1228 1788 1283 Ma—

192 1328 290 1384 rias
320 1344 421 1398 per
449 1329 727 1399 angelum.
761 1327 830 1383 Et
860 1326 1046 1399 passio
1076 1325 1134 1381 S.
1181 1324 1369 1380 Jacobi
1397 1321 1668 1392 apostoli,
1694 1320 1788 1391 qui

190 1429 244 1477 et
276 1420 449 1476 frater
476 1420 729 1488 Domini,
753 1420 897 1475 sicut
918 1420 971 1474 in
1000 1417 1229 1473 Aetibus
1255 1417 1638 1491 apostolorum
1661 1430 1789 1471 con-

193 1510 415 1567 tinetur.
445 1510 503 1566 ln
543 1510 879 1573 Nicomedia,
911 1510 1091 1565 natale
1120 1508 1297 1575 Dulce,
1327 1507 1618 1574 Victurini,
1661 1506 1791 1561 Ale-

192 1604 401 1673 xandri,
420 1603 639 1660 Eulrasi
656 1601 942 1671 ,Castulze,
964 1601 1556 1666 Nicostrati,Lucell:e,
1580 1611 1634 1657 et
1656 1614 1790 1670 qua-

191 1696 598 1770 dringentorum
628 1709 955 1768 martyrum,
1004 1704 1214 1752 sancta:
1239 1694 1541 1751 Theodola:
1563 1736 1578 1761 ,
1611 1702 1668 1750 et
1697 1694 1788 1750 de-

192 1792 389 1862 positio
416 1790 597 1848 Juvini
625 1790 1049 1862 Burgundionis.

273 1899 347 1941 vn
374 1883 954 1956 kal.April.Roma2,in
983 1881 1302 1941 cmmeterio
1331 1880 1671 1952 ejusdemvia
1688 1881 1793 1935 La-

189 1980 421 2046 vicana,
467 1979 648 2035 natale
690 1989 892 2034 sancta:
938 1976 1204 2041 Castulaa,
1253 1974 1504 2048 Syrmiae.
1549 1973 1607 2029 ln
1663 1972 1795 2045 Syr-

198 2070 340 2135 mia,
394 2068 598 2125 Munati
630 2067 969 2140 presbyteri,
999 2067 1253 2122 Maxima:
1299 2065 1487 2120 uxoris
1517 2065 1670 2134 ejus,
1698 2063 1794 2119 Jo-

190 2163 381 2221 cundi.
414 2163 469 2219 lu
502 2163 754 2220 Sabastia
790 2163 1037 2229 civitate,
1066 2161 1212 2217 Petri
1245 2160 1526 2231 episcopi,
1560 2155 1791 2213 Paulini.

193 2257 250 2312 ln
280 2257 544 2319 Thracia,
576 2255 943 2312 Sarmatinite.
973 2254 1033 2310 ln
1080 2253 1366 2321 Heraclea,
1406 2250 1651 2308 Martiani
1683 2251 1796 2322 epi-

193 2351 369 2422 scopi.
402 2349 460 2405 ln
488 2348 721 2405 Celer...
755 2350 936 2405 natale
962 2349 1135 2404 sancti
1162 2346 1410 2404 Cassiani
1437 2345 1707 2416 episcOpi.
1738 2343 1795 2399 In

195 2440 516 2507 Antiochia,
542 2440 846 2497 Timothei.
882 2439 1161 2511 Diogenis,
1187 2438 1488 2504 Madiarite,
1520 2437 1794 2505 Maximaz,

196 2534 472 2591 Theodori
503 2533 775 2606 episcOpi,
806 2532 983 2589 Hiriui
1010 2532 1256 2599 diaconi,
1290 2532 1633 2605 Syrapionis,
1659 2534 1795 2587 Am-

196 2627 344 2683 moui
385 2626 636 2691 lectoris,
681 2626 904 2683 Juliani.
950 2625 1008 2681 ln
1040 2624 1254 2695 Africa,
1290 2624 1557 2691 Pictoris,
1603 2624 1795 2681 Satur-

195 2718 336 2787 nini,
363 2717 639 2775 Solutoris
669 2729 722 2775 et
752 2718 983 2773 aliorum
1016 2716 1449 2788 quatuordecim.

268 2827 321 2867 v1
342 2809 626 2881 kal.April.
652 2810 1053 2883 Hierosolyma,
1078 2809 1429 2866 Resurrectio
1457 2808 1673 2865 Domini
1701 2824 1799 2865 no-

197 2907 297 2962 stri
323 2904 716 2961 Jesu-Cbristi.
750 2904 809 2960 ln
846 2904 1050 2971 Africa,
1084 2903 1328 2972 Romuli,
1362 2903 1795 2971 Acuti,Marobi,

204 2996 454 3065 Pinnnri,
484 2997 770 3065 Successi,
802 2995 994 3067 Misias,
1025 2995 1328 3063 Matutime,
1360 2994 1577 3064 Donati,
1610 2995 1802 3051 Satur-

202 3108 339 3150 111111.

1888 479 2040 548 Julii,
2092 482 2309 539 Donati.
2351 486 2610 559 Lugdune
2640 488 2846 556 Gallice,
2880 490 3135 560 depositio
3167 494 3230 549 S.
3264 493 3441 551 Niceti
3473 510 3493 549 :

1889 583 1938 629 et
1967 573 2205 631 Luxovio
2232 584 2569 650 monasterio,
2592 584 2845 654 depositio
2872 583 3105 639 Eustasii
3128 585 3344 641 abbatis.

1963 684 2024 724 ιιι
2049 686 2172 725 non.
2206 670 2333 740 Apr.
2362 671 2422 727 ln
2454 674 2660 743 Sicilia,
2684 677 2880 731 natalis
2910 690 3217 734 sanctorum
3239 678 3484 751 Thomm,

1892 764 2114 837 Evagri.
2142 766 2413 839 Benignm,
2444 767 2670 833 Christi.
2695 771 2881 841 Aristi,
2914 772 3197 840 Sinnidiaz,
3218 771 3363 836 Ruﬁ,
3386 773 3490 828 Pa-

1894 858 2055 926 tricii,
2083 858 2310 916 Zosimi.
2339 861 2499 933 Apud
2524 863 2935 920 Taurominium
2975 865 3028 920 in
3065 865 3270 931 Sicilia,
3300 865 3492 921 natalis

1892 953 2061 1007 sancti
2086 952 2357 1010 Prancati.
2382 952 2439 1011 ln
2469 955 2681 1020 Moesia,
2710 956 3118 1028 Agathaemeriti
3144 956 3212 1013 de
3231 957 3488 1027 antiquis.

1892 1044 1950 1101 ln
1975 1044 2208 1101 Caesaria
2253 1046 2582 1116 Palaestina,
2629 1050 2830 1106 natalis
2882 1049 3207 1107 Theodosia:
3245 1048 3489 1120 virginis.

1891 1138 1949 1194 ln
1980 1138 2312 1205 Nicomedia,
2338 1140 2553 1208 Donati,
2588 1151 2643 1197 et
2672 1144 2853 1211 passio
2898 1141 3189 1214 Amphiani
3216 1143 3489 1215 martyris.

1892 1230 1949 1286 In
1981 1231 2203 1287 civitate
2232 1232 2445 1301 Eumis,
2478 1234 2695 1305 Evagri,
2729 1236 2977 1308 Benigni.

1962 1339 2000 1378 ιι
2051 1341 2179 1379 non.
2214 1327 2341 1397 Apr.
2393 1324 2453 1380 ln
2505 1326 2917 1394 Thessalonica,
2949 1330 3145 1387 natalis
3185 1340 3495 1389 sanctorum

1890 1418 2190 1488 Agathonis
2218 1418 2458 1485 diaconi,
2504 1420 2792 1477 Theodoli.
2826 1423 2891 1479 Et
2928 1424 3077 1481 alibi.
3114 1426 3288 1497 Pauli,
3320 1427 3493 1484 Matu-

1893 1510 2009 1565 tini.
2046 1510 2368 1573 Mediolano.
2402 1512 2630 1579 Urbani,
2658 1514 2957 1581 Saturnini,
3006 1517 3348 1586 Quintiliani,
3391 1521 3492 1576 Pu-

1891 1602 2005 1669 blii,
2032 1603 2257 1675 Ingenii.
2296 1605 2552 1662 Victoris.
2597 1607 2870 1675 Successi,
2903 1608 3127 1678 Juliani,
3172 1623 3224 1667 et
3260 1613 3493 1670 aliorum

1891 1697 2146 1764 duorum,
2178 1699 2427 1767 Palatini,
2452 1699 2599 1756 Julii.
2636 1700 2957 1771 Mediolano,
2990 1704 3248 1776 depositio
3277 1704 3337 1761 Β.
3363 1708 3525 1761 Am-‘

1817 1783 1866 1844 B
1894 1790 2051 1846 brosii
2078 1793 2305 1864 episcopi
2334 1803 2383 1848 et
2408 1797 2736 1861 confessoris.

1969 1884 2141 1941 Nonis
2187 1887 2315 1955 Apr.
2374 1887 2433 1942 In
2478 1888 2818 1956 Nicomedia,
2872 1893 3067 1949 natalis
3119 1895 3295 1950 sancti
3336 1893 3498 1952 Clau-

1895 1979 2067 2036 diani.
2100 1979 2158 2034 In
2190 1977 2446 2051 Egypto,
2492 1983 2686 2038 natalis
2717 1994 3027 2041 sanctorum
3071 1986 3374 2057 Martianm,
3404 1989 3493 2045 Ni-

1896 2074 2132 2141 canoris,
2173 2074 2466 2144 Apollonii.
2501 2073 2557 2131 ln
2588 2075 3164 2145 Alexandria,‘natalis
3182 2090 3491 2139 sanctorum

1900 2167 2109 2240 Didymi
2152 2169 2475 2241 presbyteri.
2507 2169 2575 2224 Et
2606 2169 2755 2238 alibi,
2779 2171 2988 2239 Quinti,
3019 2172 3330 2241 Panchrati,
3356 2176 3496 2232 Suc-

1897 2265 2057 2321 cessi.
2109 2262 2164 2319 ln
2212 2262 2419 2335 Sicilia,
2470 2265 2667 2321 natalis
2706 2267 2882 2322 sancti
2930 2267 3155 2323 Honorii
3208 2270 3405 2340 magni.
3438 2270 3494 2325 ln

1897 2356 2283 2412 Thessalonica
2312 2402 2326 2425 ,
2380 2357 2573 2411 natalis
2600 2366 2907 2414 sanctarum
2936 2358 3205 2430 virginum
3226 2358 3491 2429 Chionite,

1900 2447 2151 2514 llerentc,
2197 2457 2251 2504 et
2298 2451 2515 2519 Agapar.
2573 2448 2629 2504 In
2682 2448 2939 2520 Czcsaria,
2981 2451 3167 2519 Lictae,
3199 2461 3255 2508 et
3302 2453 3499 2509 natalis

1900 2542 2079 2599 sancti
2108 2540 2420 2611 Amphiani.
2453 2542 2509 2597 In
2552 2541 2777 2611 Cilicia,
2828 2546 3024 2602 natalis
3056 2554 3370 2603 sanctorum
3398 2546 3505 2603 Ta-

1898 2637 2029 2701 raci,
2077 2634 2396 2703 Andronici,
2456 2635 2637 2692 Probi.
2687 2635 2757 2692 Et
2785 2637 2913 2693 alibi
2959 2639 3132 2695 Arulli
3163 2638 3405 2712 episcopi
3447 2647 3502 2696 et
3604 2696 3611 2701 .

1900 2726 2250 2785 confessoris.

1971 2836 2062 2876 vtn
2095 2821 2212 2875 idus
2239 2821 2370 2890 Apr.
2418 2821 2476 2878 In
2525 2821 2861 2892 Nicomedia,
2910 2808 3108 2895 Firmi,
3165 2824 3333 2882 Henei
3381 2828 3500 2899 epi-

1902 2915 2077 2985 sc0pi,
2102 2915 2373 2983 Himnari,
2408 2916 2704 2985 Solutoris,
2729 2918 2991 2987 Quiriaci,
3024 2919 3217 2993 Moysi,
3246 2921 3501 2993 Romani,

1903 3007 2120 3074 Donati,
2148 3006 2306 3071 Sixti.
2337 3006 2594 3075 Victoris,
2626 3007 2781 3080 Cagi,
2824 3009 3007 3066 Satiri.
3059 3010 3130 3067 Et
3172 3012 3226 3067 in
3264 3012 3501 3085 Syrmia,

1904 3098 2136 3163 Rullum,
2181 3098 2494 3163 Moderatio,
2524 3100 2808 3167 Romsnze,
2842 3102 3078 3157 Secundi
3106 3117 3229 3158 cum
3252 3103 3373 3159 aliis
3411 3119 3504 3160 se-

273 3203 305 3243 v
334 3187 442 3242 kal.
472 3188 644 3257 April.
672 3185 732 3241 ιη
764 3183 1260 3255 Cmsaria,Rogati,
1280 3183 1597 3249 Alexandri,
1632 3183 1799 3239 Doro-
1825 3177 1873 3242 C
1907 3200 2077 3261 ptem.
2103 3190 2429 3258 Florentini,
2451 3190 2785 3259 Geminiaui,
2810 3191 3014 3248 Saturi.
3037 3194 3093 3248 ln
3118 3192 3322 3258 Africa,
3352 3204 3505 3249 nata-

201 3281 347 3348 thei,
373 3280 656 3346 Audactte,
688 3278 941 3335 Modesti.
976 3279 1033 3335 In
1063 3280 1235 3336 Tarso
1264 3279 1501 3347 Ciliciae,
1526 3278 1761 3335 Castorii
1785 3321 1800 3347 ,

198 3372 551 3443 Menelampi.
580 3369 910 3435 Cavillonno,
935 3372 1158 3444 deposit.
1189 3370 1592 3427 Gundibrammi
1618 3371 1801 3444 Regis.

272 3482 327 3521 tv
358 3465 462 3519 kal.
494 3465 666 3535 April.
724 3465 784 3519 In
827 3463 1161 3534 Nicomedia,
1211 3466 1473 3532 Pastoris,
1519 3465 1799 3533 Victorini,

198 3557 505 3623 Saturnini,
543 3555 800 3622 Julianae,
843 3566 900 3611 et
939 3557 1171 3614 aliorum
1218 3568 1449 3630 quatuor
1481 3550 1801 3632 martyrum.

198 3652 259 3709 lu
311 3650 622 3719 Antiochia,
678 3649 948 3707 Theodori
999 3652 1324 3723 presbyteri,
1364 3650 1663 3720 Pocntalis,
1713 3653 1808 3708 Ju-

201 3745 358 3812 liani,
385 3744 604 3801 Achaei.

275 3863 334 3902 ιιι
361 3846 463 3903 Ιςαι.
496 3846 667 3920 April.
712 3845 769 3901 In
811 3844 1195 3903 Thessalonica
1237 3844 1480 3913 civitate,
1529 3843 1804 3912 Domnini,

202 3938 587 4011 Philippopoli,
627 3937 785 3995 Acaci
817 3937 1086 3994 Palatini:
1114 3947 1167 3993 et
1194 3936 1323 3993 alibi
1357 3936 1588 3992 Victoris
1622 3956 1635 3990 :
1670 3935 1806 3991 Mar-

200 4034 405 4099 cellini,
440 4032 658 4098 Satulli,
700 4031 909 4100 Crusis,
943 4030 1281 4102 Agathoniur,
1308 4030 1517 4101 Aquila:
1557 4030 1804 4099 virginis,

204 4127 525 4193 Saturnini,
567 4125 793 4181 Eulalia:
847 4125 1093 4195 virginis.
1147 4122 1552 4193 Pbilippopoli,
1605 4122 1803 4189 Dativi,

204 4218 472 4276 Pastoris.
512 4217 573 4273 ιη
622 4216 826 4283 Africa,
858 4216 1050 4285 Anesi,
1080 4215 1298 4281 Felicis,
1326 4213 1583 4284 Protidac,
1606 4212 1812 4272 Corne«

206 4311 314 4378 iiiP,
351 4308 658 4366 Valeriae...

661 4399 969 4457 MENSIS
1006 4397 1362 4457 APRILIS.

782 4496 955 4551 Habet
978 4495 1095 4551 dies
1114 4511 1239 4549 xxx.

725 4587 933 4643 Litania
998 4588 1296 4643 indicendo.

281 4682 407 4739 Kal.
440 4681 609 4755 April.
636 4680 693 4738 In
717 4682 999 4751 Armenia,
1025 4683 1203 4738 natale
1223 4691 1533 4739 sanctorum
1560 4681 1804 4750 Fortuni,

210 4776 509 4845 Quintiani,
564 4776 818 4843 Victoris,
867 4775 1125 4832 Secundi.
1184 4776 1242 4832 ln
1262 4776 1529 4833 Heraclea
1566 4777 1804 4845 civitate,

211 4869 338 4925 item
376 4870 626 4935 Victoris,
659 4868 928 4933 Cbioniae,
954 4869 1183 4945 Agapre,
1230 4868 1499 4937 llazrenei,
1551 4866 1716 4923 CaSti.
1750 4868 1806 4925 In

211 4962 617 5027 Thessalonica,
649 4963 831 5019 natale
862 4975 1171 5018 sanctorum
1196 4962 1466 5032 Ingenua‘,
1502 4962 1801 5031 Saturnini,

214 5055 415 5112 Patrini
445 5097 459 5121 ,
494 5055 778 5129 Dionysii,
816 5056 1067 5122 Panteri,
1110 5055 1429 5111 Alexandri.
1458 5054 1515 5109 In
1552 5053 1808 5127 Egypto,

213 5151 393 5221 passio
435 5164 747 5206 sanctorum
780 5149 1037 5215 Victoris,
1071 5147 1402 5218 Stephani...
1458 5145 1661 5219 lganau
1705 5163 1814 5201 mo-

220 5242 470 5309 nasterio,
503 5242 757 5312 depositio
781 5240 928 5296 Beati
959 5238 1215 5297 Walarici
1234 5240 1560 5311 confessoris.

286 5352 337 5393 tv
365 5352 490 5390 non.
523 5335 657 5405 Apr.
679 5334 739 5390 1η
760 5334 938 5390 Africa
967 5343 1276 5390 sanctorum
1296 5332 1604 5403 Ampltiani,
1624 5332 1811 5389 Victo-

214 5429 293 5485 ris
315 5439 370 5485 et
395 5430 626 5485 aliorum
649 5438 883 5499 quatuor
911 5436 1232 5500 martyrum.
1270 5426 1340 5482 Et
1364 5427 1516 5497 alibi,
1549 5427 1810 5495 Marcelli,

212 5521 450 5590 Satulli,
498 5519 828 5587 Marcellini,
880 5518 1192 5585 Saturnini,
1241 5519 1509 5586 Quiriaci.
1568 5518 1811 5589 Regina),

215 5612 464 5680 Proculi,
512 5622 567 5667 et
606 5612 837 5667 aliorum
877 5611 1307 5682 quatuordecim.
1343 5611 1397 5667 In
1429 5612 1815 5668 TlteSSalonica

217 5705 571 5768 Macedoniae,
598 5702 884 5771 Theodoli,
918 5705 1206 5775 Agat0pbi,
1239 5705 1445 5772 Martis,
1470 5704 1668 5771 Publii,
1710 5704 1817 5761 Va-

225 5799 351 5860 lerii
376 5815 503 5858 cum
533 5798 656 5856 aliis
685 5797 876 5855 tribus.
905 5796 1128 5869 Urbani,
1156 5797 1372 5867 Juliaui,
1402 5796 1637 5868 Proculi,
1659 5796 1811 5870 Gagi,

1909 3283 1977 3339 lis
2005 3294 2315 3341 sanctorum
2346 3285 2637 3357 Epiplianii
2659 3287 2923 3357 episcopi,
2956 3287 3173 3354 Donati,
3197 3287 3359 3352 Sixti,
3391 3286 3503 3343 Ru-

1908 3377 2024 3441 ﬁni,
2057 3378 2332 3443 Modestre,
2365 3390 2420 3435 et
2471 3381 2701 3435 aliorum
2744 3379 3021 3436 undecim.
3069 3382 3125 3437 lu
3167 3382 3500 3451 Macedonia,

1907 3469 2200 3537 Timothei,
2259 3472 2532 3542 Diogenis.
2587 3471 2644 3525 ln
2692 3471 3046 3539 Alexandria,
3090 3474 3283 3530 natalis
3328 3476 3503 3531 sancti

1906 3562 2055 3619 Clusi
2086 3564 2411 3635 presbyteri.
2437 3562 3340 3633 Pentapoli,Timothei,Macari:c.
3363 3568 3505 3624 Mar-

1907 3656 2017 3721 tize,
2067 3656 2332 3711 Maximrc.
2378 3655 2563 3728 Libyae
2610 3656 2931 3725 superioris,
2990 3659 3185 3715 natalis
3235 3661 3501 3732 Superiaa,

1908 3748 2179 3803 Theodori
2237 3748 2475 3818 episcOpi
2507 3789 2522 3815 ,
2574 3748 2808 3805 llerenei
2854 3749 3109 3819 diaconi,
3164 3752 3500 3825 Serapionis,

1907 3839 2159 3896 Ammoni
2203 3839 2443 3908 lectoris,
2496 3840 2827 3907 Summistae,
2877 3843 3102 3911 Apricii.
3157 3845 3404 3902 Victoris.
3438 3848 3509 3904 Et

1908 3933 2057 3999 alibi,
2094 3934 2291 3989 natalis
2317 3944 2517 3990 sanctae
2542 3934 2786 4004 Marinze,
2821 3945 2876 3991 et
2908 3936 3208 4008 Teguliani,
3244 3940 3467 3998 Urbani.

1984 4043 2059 4082 vn
2088 4027 2209 4082 idus
2231 4028 2357 4098 Apr.
2403 4026 2459 4082 In
2484 4028 2765 4084 Antiochia
2809 4028 3008 4100 Syriae,
3056 4034 3250 4088 natalis
3292 4047 3504 4092 sanctod

1910 4136 2028 4176 rum
2084 4119 2376 4182 Timothei.
2434 4120 2706 4191 Diogenis,
2758 4121 3069 4189 Macharizc,
3126 4124 3391 4181 Maximus.
3430 4126 3501 4183 Et

1910 4214 2063 4283 alibi,
2097 4213 2257 4268 Leusi
2290 4213 2611 4284 presbyteri.
2666 4212 2835 4287 Libya
2890 4216 3195 4285 superiore,
3229 4216 3500 4286 Copricae,

1913 4305 2172 4373 Victoris,
2199 4305 2413 4362 Donati.
2442 4305 2499 4361 In
2531 4306 2890 4376 Alexandria,
2918 4310 3114 4365 natalis
3142 4310 3315 4366 sancti
3336 4310 3507 4368 Pelu-

1910 4402 1974 4457 sii
2002 4401 2325 4472 presbyteri.

1983 4511 2036 4549 vt
2061 4496 2178 4550 idus
2216 4497 2342 4565 Apr.
2379 4494 2433 4550 lu
2467 4494 2669 4564 Africa,
2707 4497 2904 4554 natalis
2933 4505 3245 4554 sanctorum
3272 4498 3501 4570 Timori,

1836 4566 1892 4627 Ῑ)
1918 4586 2196 4653 Moechari,
2228 4587 2454 4657 Conexi,
2490 4589 2727 4646 Maximi.
2766 4589 2833 4645 Et
2856 4590 3006 4654 alibi.
3041 4588 3322 4661 Concessi,
3350 4566 3505 4650 δειυέ

1917 4681 2070 4748 toris,
2096 4682 2335 4749 Pinnari,
2369 4682 2646 4750 Ammoni,
2676 4683 2946 4753 Successi,
2980 4684 3221 4741 Donatus.

1988 4792 2020 4829 v
2048 4776 2163 4829 idus
2188 4775 2315 4843 Apr.
2354 4774 2411 4828 In
2443 4775 2675 4846 Syrmia,
2720 4776 2913 4831 natalis
2951 4785 3181 4845 quatuor
3205 4778 3501 4850 virginum,

1915 4881 2143 4937 quarum
2168 4865 2383 4919 numina
2413 4865 2554 4919 Deus
2582 4866 2704 4921 scit.
2741 4866 2806 4921 Et
2832 4866 2984 4933 alibi,
3012 4869 3249 4924 Demetri
3267 4869 3500 4941 diaconi,

1920 4956 2136 5023 l‘lilarii,
2161 4956 2442 5020 Concessi,
2476 4957 2627 5011 Mari.
2660 4958 2957 5028 Syrmium,
2986 4958 3292 5027 Fortunati,
3315 4964 3510 5021 Donati

1915 5060 1971 5106 et
1988 5049 2215 5103 aliorum
2248 5064 2364 5103 sex.
2397 5046 2465 5100 Et
2486 5049 2679 5101 natalis
2715 5060 2908 5121 septem
2947 5054 3206 5126 virginum
3237 5059 3513 5114 canonica-

1916 5159 2049 5197 rum.
2081 5138 2146 5193 In
2171 5138 2437 5203 Ravenna,
2471 5140 2734 5195 dedicatio
2765 5145 2983 5199 oratorii
3005 5148 3172 5201 sancti
3200 5147 3407 5207 Policti.

1988 5251 2038 5289 tv
2066 5234 2181 5287 idus
2204 5231 2374 5302 April.
2409 5233 2464 5287 ln
2498 5232 2847 5301 Alexandria,
2880 5238 3165 5308 Apollonis
3183 5245 3509 5315 presbyteri,

1916 5328 2131 5393 Gaiani,
2168 5325 2380 5390 Hilarii,
2429 5326 2646 5391 Donati,
2674 5327 2954 5401 Concessi,
2983 5334 3280 5404 Saturnini,
3306 5340 3508 5394 Saturi.

1917 5418 1977 5476 ln
2006 5420 2258 5486 Thracia,
2308 5420 2502 5474 natalis
2531 5417 2739 5477 Gaiani.
2777 5421 2833 5475 ln
2876 5423 3056 5480 Africa
3098 5438 3395 5501 martyrum
3423 5444 3512 5487 se-

1918 5514 2265 5587 ptemdecim,
2298 5528 2528 5583 quorum
2562 5515 2780 5569 nomina
2806 5516 2947 5573 Deus
2976 5519 3098 5576 scit.
3136 5520 3203 5577 Et
3224 5522 3353 5578 alibi
3384 5523 3509 5580 Pin-

1919 5608 2053 5673 nati,
2084 5606 2354 5670 Successi,
2380 5605 2637 5662 Marcelli.
2672 5606 2727 5663 1η
2756 5606 3064 5684 Antiochia,
3097 5614 3296 5672 natalis
3328 5616 3510 5676 Sancti
3554 5612 3561 5619 ’

1921 5699 2193 5758 Theodori
2224 5699 2549 5771 presbyteri.

1992 5809 2051 5852 ιιι
2106 5794 2223 5853 idus
2277 5794 2465 5873 April._
2496 5793 2556 5855 ln
2618 5795 2932 5859 Mauritania
2958 5841 2975 5875 ,
3027 5802 3222 5863 natalis
3276 5803 3505 5883 Saloni,
