4048 6304
509 255 607 319 liii

1554 260 1611 313 S.
1655 250 2037 313 HIERONYMI
2072 242 2360 307 OPERUM
2398 242 2768 304 MANTISSX.

3708 234 3819 293 35S

515 377 754 444 Maximi,
800 375 1028 443 Ilelarii,
1074 375 1335 434 Concessi
1382 388 1504 431 eum
1555 370 1769 429 caeteris
1805 367 2029 437 sanctis,
2060 374 2113 420 et
2141 364 2485 430 AFa’ustini,
2537 360 2909 419 Lueiani......~
2950 353 3198 427 episcopi
3232 361 3289 412 et
3335 353 3689 422 edniesseris,
3720 354 3817 410 ubi

516 468 769 526 Doniniui
810 468 1075 540 episcopi.
1114 467 1173 525 In
1221 469 1424 525 Salona
1486 463 1805 532 Dalmatiae,
1858 460 2111 515 Dotnioni

515 565 780 635 episcopi,
815 574 869 620 et
897 565 1127 621 militum
1153 579 1371 633 novem,
1414 570 1471 618 et
1503 560 1789 615 Dalmatae.
1817 555 1876 611 In
1900 555 2109 624 Africa,

516 656 817 720 Fortunati,
850 657 1061 724 Donati,
1097 667 1154 713 et
1197 656 1427 712 aliorum
1478 653 1837 710 ducentorum
1882 648 2114 720 quadra-

514 750 681 818 ginta.
719 750 776 805 In
805 748 1149 815 Nicomedia,
1178 750 1375 805 natalis
1400 755 1715 803 sanctorum
1741 743 1925 799 Eustoi
1960 756 2114 812 pres-

513 826 713 912 byteri,
737 841 1007 909 Nestoris,
1040 841 1245 909 Filoni,
1277 836 1654 896 Czeremonire.
1686 835 1950 907 Lugdune
1981 832 2110 889 Gal-

511 933 621 1000 lias,
651 933 917 1003 depositio
941 935 1160 1004 Siagrii,
1184 945 1235 989 et
1263 932 1505 989 Patricii.

2214 467 2339 513 sunt
2358 456 2590 512 condita:
2617 452 2858 524 reliquiae
2882 448 3056 506 sancti
3082 449 3307 505 Joannis
3339 449 3712 520 evangelistae.
3744 446 3814 503 Et

2215 551 2471 605 dedicatio
2500 550 2683 606 altaris
2724 546 2886 603 sancti
2911 543 3118 601 Iuliani
3145 544 3410 615 martyris,
3454 544 3547 615 qui
3589 542 3816 599 Briruw

2215 660 2399 714 passus
2430 653 2525 698 est.
2698 694 2705 702 ,

2288 751 2381 792 xw
2411 737 2515 791 Ital.
2554 736 2703 791 Maii.
2739 735 2796 789 In
2834 732 3056 798 Achaia,
3102 730 3371 787 Corintlto
3393 729 3633 797 civitate,
3666 738 3817 784 nam-

2214 830 2281 887 Iis
2309 839 2618 885 sanctorum
2648 822 2872 893 Calesti,
2903 824 3130 887 Carissi,
3162 821 3445 889 Leonidis,
3480 822 3653 885 Lota,
3686 821 3817 877 Ter-

2216 926 2325 991 tite,
2369 923 2715 989 Christianae,
2748 921 2934 985 Gallae,
2984 918 3279 983 Theodori,
3309 917 3533 981 Cat-issi,
3576 917 3815 973 omnium

546 1078 549 1081 .
586 1026 771 1081 Pridie
798 1028 915 1081 idus
943 1028 1114 1099 April.
1161 1026 1214 1080 In
1247 1026 1406 1091 Asia,
1443 1025 1728 1094 Pergamo,
1762 1017 1959 1075 natalis
1985 1028 2125 1071 san—'
2217 1018 2272 1074 in
2304 1034 2451 1073 mare
2477 1033 2643 1072 mers.
2672 1014 2967 1084 Caritonis,
2995 1012 3244 1070 leestm
3274 1028 3398 1067 cum
3429 1013 3570 1077 aliis,
3606 1011 3813 1080 Unica,

513 1128 722 1178 ctorum
763 1120 924 1189 Carpi
970 1119 1249 1190 episcopi,
1294 1118 1482 1181 Pauli,
1522 1113 1736 1181 Isaaeh,
1783 1110 2109 1182 Agathonis.

2214 1111 2485 1179 Galliniaa,
2514 1111 2780 1176 Monicim,
2808 1108 2998 1180 Nigize.
3032 1108 3098 1164 Et
3118 1106 3270 1174 alibi,
3300 1105 3569 1172 Martiaui,
3600 1103 3815 1168 Eniani,

516 1210 703 1267 Romae
731 1214 782 1267 in
823 1214 1138 1268 cmmctcrio
1166 1211 1470 1280 Calepodii,
1514 1207 1780 1279 Lupicini.
1812 1204 1908 1261 Via
1940 1206 2113 1257 Aure-
2215 1206 2433 1273 Felicis,
2466 1203 2846 1274 Hermogenis,
2901 1200 3191 1265 Vlncentii,
3246 1197 3440 1265 Tertii,
3490 1196 3710 1254 Calesti.
3760 1195 3818 1251 In

515 1307 610 1371 lia,
642 1307 802 1361 tertio
827 1305 1103 1369 milliario,
1127 1305 1395 1374 depositio
1421 1301 1548 1359 Julii
1571 1298 1831 1371 episcopi.
1869 1296 1938 1350 Et
1958 1295 2107 1361 alibi,

514 1399 751 1470 Agapiti,
796 1399 975 1466 Bassi,
1014 1398 1237 1462 Juliani,
1282 1395 1502 1460 Felicis,
1536 1392 1712 1460 I’anli,
1747 1390 1938 1453 Mauri,
1976 1388 2109 1442 Iler-

514 1491 673 1559 culte,
724 1490 1084 1558 Verecundm,
1116 1498 1172 1545 et
1220 1489 1451 1544 aliorqu
1496 1502 1724 1541 numero
1758 1483 2109 1554 quadraginta

515 1586 648 1650 duo,
701 1584 928 1650 Quarti,
978 1582 1288 1647 Saturnini,
1340 1579 1597 1645 Secundi,
1657 1576 1883 1639 Decimi,
1939 1573 2105 1628 Darii.

515 1679 645 1733 Item
676 1676 933 1733 Secundi.
971 1676 1101 1733 Item
1134 1676 1436 1743 Saturnini,
1461 1673 1671 1740 Quinti,
1703 1668 2109 1737 Dextri,Victo-

2215 1300 2559 1365 Mauritania,
2614 1297 2809 1353 natalis
2839 1295 3073 1350 Basilim.
3136 1292 3193 1348 In
3240 1291 3439 1357 Ponto,
3495 1290 3817 1359 Insclacelli,

2212 1392 2487 1459 Martizil;s,
2520 1391 2732 1457 Felicis,
2765 1388 3065 1456 Fortunati,
3100 1386 3323 1452 Silvani,
3377 1384 3622 1451 L-oiani,
3669 1385 3819 1440 Gua-

2214 1488 2365 1554 mili,
2412 1485 2665 1548 l’areilai,
2716 1481 3006 1548 Leonedis,
3037 1478 3213 1546 Micaz,
3245 1478 3494 1545 Gallieni,
3542 1477 3822 1543 lartiani,

2214 1578 2482 1643 Faustini,
2508 1588 2560 1633 et
2582 1576 2826 1641 Luciani,
2860 1573 3110 1630 Jocundi.

2286 1687 2353 1725 xv
2382 1669 2487 1725 kal.
2536 1669 2688 1723 Maii.
2749 1666 2804 1723 Iit
2858 1666 3173 1732 Antiochia,
3225 1666 3419 1722 natalis
3462 1668 3638 1721 sancti
3671 1663 3826 1720 Petri

514 1776 612 1841 ris,
670 1774 883 1838 Donati,
933 1772 1130 1836 Varici,
1181 1771 1350 1839 Butti,
1400 1768 1648 1830 Venusti,
1706 1766 1928 1821 Titiani.
1976 1763 2107 1817 Item
2140 1754 2449 1827 Bdiaconi,
2491 1772 2545 1817 et
2588 1760 2943 1831 Hermogenis
2985 1760 3239 1825 ministri,
3286 1758 3455 1824 Petri,
3505 1756 3821 1822 Fortunati,

517 1866 773 1932 Victoris,
794 1864 1025 1935 Sytillaz,
1052 1863 1205 1930 Luci,
1233 1861 1395 1928 Justi,
1421 1860 1670 1915 Orbantc.
1697 1857 1828 1913 Itettt
1856 1855 2107 1920 Orbanrc,
2218 1856 2483 1911 Mattiarii.
2513 1856 2570 1910 In
2599 1854 2798 1924 Africa,
2830 1856 3048 1923 Buruci,
3083 1854 3289 1921 Quinti,
3316 1852 3818 1923 Mappalici,Victu-

514 1960 693 2027 Marti,
724 1958 987 2023 Januarii,
1021 1956 1233 2021 Cittini,
1279 1954 1522 2020 Paterni,
1570 1951 1773 2017 Pacini,
1797 1947 1966 2012 Putti,
1996 1947 2113 2002 Mu-
2216 1952 2337 2022 rici,
2368 1950 2583 2018 Donati,
2617 1949 2880 2013 Januarii.
2934 1950 3152 2011 Mzicori,
3200 1947 3367 2014 Galli,
3400 1946 3694 2012 Theodori,
3720 1946 3821 2001 Ju-

510 2053 632 2117 riei,
671 2051 870 2121 Optati.
917 2049 1049 2105 Item
1094 2047 1325 2110 Victori,
1355 2046 1589 2117 Migune,
1639 2042 1893 2108 Demetri,
1925 2040 2111 2105 Marci,
2217 2043 2344 2097 lizini
2393 2043 2720 2115 presbyteri,
2749 2052 2805 2097 et
2842 2042 3106 2107 Mcceoni,
3143 2038 3354 2111 Migini,
3402 2038 3699 2105 Diomedis,
3731 2037 3825 2093 Fi-

512 2141 780 2206 Flaviani,
809 2139 1018 2208 Vitalis,
1054 2139 1296 2207 Dittaliaa,
1330 2135 1671 2206 Clementiae,
1700 2134 1980 2197 \‘icturire,
2013 2131 2114 2188 Fe-
2214 2135 2463 2206 lippinni.

507 2235 668 2301 licire,
709 2233 978 2297 Maximrc,
1010 2231 1215 2287 Mustze.
1253 2232 1386 2287 Item
1414 2229 1602 2296 Marci,
1653 2229 1939 2296 Honorati,
1973 2227 2113 2282 Lau-
2287 2247 2375 2286 xw
2402 2228 2506 2285 kal.
2540 2228 2691 2285 Maii.
2742 2228 2797 2283 In
2846 2229 3046 2285 Salona
3077 2228 3318 2291 civitate,
3372 2226 3571 2281 natalis
3601 2227 3826 2279 sancto-

509 2328 675 2395 rcnti,
717 2325 939 2390 Arbitri,
980 2323 1456 2395 Crispini,'I‘et-tii,
1496 2322 1791 2391 Quintulze,
1833 2321 2110 2385 Restituti,
2214 2342 2335 2381 rum
2365 2324 2593 2395 Septimi
2624 2325 2865 2391 diaconi,
2916 2322 3192 2378 Vieturiei.
3231 2322 3299 2376 Et
3324 2321 3475 2386 alibi,
3524 2320 3823 2389 Iler‘mogeo

510 2418 788 2483 Revocati.
840 2417 1083 2483 Paterni.
1135 2418 1383 2485 Buttzisi.
1428 2415 1629 2481 Vatici.
1675 2414 1848 2481 Pauli.
1907 2413 2112 2483 Οριιιιῑ,
2217 2422 2323 2480 nis.
2358 2417 2619 2489 Dionysii.
2656 2417 2712 2471 tn
2756 2416 2959 2479 Africa,
2993 2415 3247 2483 Victoris,
3282 2412 3571 2484 Pamphili,
3600 2412 3822 2482 Donati,

510 2514 696 2584 Speci,
732 2512 967 2577 Valenti,
1002 2513 1214 2579 Donati,
1258 2510 1463 2579 Manili,
1496 2510 1666 2574 Petri,
1716 2508 1933 2573 Felicis,
1982 2508 2113 2563 Pro-
2214 2512 2479 2574 Januarii,
2526 2510 2802 2575 Micionis,
2843 2510 3069 2575 Domni,
3114 2508 3424 2573 'I‘ttremini,
3466 2505 3664 2579 Syrici,
3693 2506 3827 2560 Pri-

507 2607 639 2662 culi.
693 2606 822 2661 Item
879 2607 1092 2671 Donati,
1150 2604 1433 2670 Gemellai,
1485 2603 1701 2667 Evanti,
1753 2602 1967 2666 Laznri,
2009 2600 2113 2656 Ve-
2214 2606 2412 2669 sciani,
2443 2603 2696 2659 Jucundi.
2728 2602 3273 2667 Romae,sanctorum
3299 2598 3599 2664 Eleutheri,
3628 2606 3685 2653 et
3706 2599 3829 2652 An-

507 2699 673 2763 nusti,
708 2696 942 2764 Fluvini,
985 2695 1190 2760 Rufini,
1223 2694 1488 2765 CriSpini,
1538 2693 1760 2763 Naburi,
1819 2693 2108 2759 Victorini,
2217 2698 2344 2753 tliire
2371 2697 2559 2751 matris
2580 2698 2719 2768 ejus,
2748 2695 3050 2764 Parthenii,
3080 2694 3356 2764 Coloceri,
3390 2693 3543 2771 Febi,
3568 2692 3821 2763 Proculi,

511 2791 813 2856 Donatulre,
852 2789 1107 2854 Vicwris,
1141 2789 1412 2858 Agutinai,
1436 2794 1492 2841 et
1519 2787 1740 2855 Tertiae,
1772 2787 2019 2843 Mameri.
2054 2784 2090 2840 Ii

2214 2790 2516 2860 Apollonis,
2551 2789 2851 2856 Fortunati,
2882 2790 3144 2862 Crispini,
3182 2788 3468 2860 Expediti,
3506 2787 3823 2858 Mappalic’i,

509 2883 717 2955 Capua,
762 2882 961 2936 natalis
997 2892 1314 2937 sanctorum
1355 2880 1644 2952 Cypriani,
1679 2881 1960 2945 Musculaz,
2004 2880 2111 2934 ι)οη
2215 2882 2499 2954 Victorini,
2532 2894 2587 2939 et
2615 2883 2767 2953 Gagi.
2810 2882 3169 2939 Autissiodoro
3215 2883 3269 2937 in
3306 2880 3508 2950 Gallia,
3559 2880 3825 2936 dedicatio

510 2985 676 3044 natze,
721 2973 954 3040 Novelli,
1006 2972 1275 3039 Januarii,
1322 2972 1553 3037 Silvani,
1604 2972 1869 3036 Pluriani,
1906 2971 2108 3036 Saturi,
2214 2978 2400 3032 altaris
2429 2978 2646 3032 senioris
2676 2977 2939 3033 Ecclesiaz.

507 3069 663 3125 Julii.
698 3066 765 3122 Et
811 3066 963 3134 alibi,
1004 3066 1192 3134 Primi,
1233 3065 1420 3131 Cltari,
1467 3065 1675 3137 Cyrilli,
1708 3064 1967 3129 Machari,
2004 3066 2112 3119 Sti-
2287 3087 2379 3125 snt
2405 3070 2511 3125 kal.
2546 3070 2696 3123 Maii.
2733 3070 2790 3125 In
2826 3070 3065 3126 Militana
3096 3070 3317 3126 civitate
3339 3067 3645 3137 Armeniae,
3677 3066 3828 3123 Her-

518 3163 641 3231 Iari,
674 3161 919 3217 VenuSti.
971 3159 1103 3215 Item
1150 3159 1395 3224 Venusti,
1447 3157 1626 3225 Julia',
1675 3158 1894 3222 Felicis,
1938 3157 2102 3215 Vere-
2131 3138 2177 3203 (ἶ
2208 3169 2477 3237 mogenis,
2530 3164 2651 3232 Gai,
2699 3164 2845 3230 Ruﬁ,
2902 3160 3190 3236 Expediti,
3229 3162 3549 3222 Aristonici,
3602 3159 3822 3217 Galam:

505 3256 723 3322 cundia,
764 3270 890 3310 eum
930 3253 1050 3308 aliis
1102 3268 1323 3308 novem.
1370 3251 1593 3322 Eocapi,
1645 3251 1903 3318 Tertulla,
1933 3255 2099 3305 Anto-

507 3351 634 3419 nite,
662 3349 931 3415 Mustulae,
957 3347 1161 3417 Migiui.
1197 3348 1327 3402 Item
1354 3346 1621 3400 Donastaa.
1652 3345 1719 3399 Et
1738 3342 1888 3409 alibi,
1908 3342 2105 3413 Euplti-

509 3445 659 3510 mitu,
697 3441 955 3512 Maeliari,
1016 3440 1208 3507 Primi,
1256 3451 1310 3496 et
1360 3439 1591 3494 aliorum
1646 3454 1861 3493 novent.
1896 3435 1961 3491 In
2004 3438 2102 3492 ιά-

505 3541 667 3611 pingo
695 3538 920 3605 civitate,
948 3534 1207 3604 depositio
1237 3531 1302 3587 B.
1332 3531 1661 3588 Constantini
1687 3531 1935 3602 episcopi.

577 3633 604 3687 1
614 3634 711 3688 dus
732 3629 947 3701 Aprilis.
984 3630 1038 3683 In
1067 3626 1399 3690 Calcedona,
1433 3626 1629 3680 natalis
1653 3632 1857 3679 sanctae
1882 3622 2103 3693 Euphe-

506 3727 654 3792 miai,
679 3732 735 3779 et
764 3724 1003 3792 Evapize,
1029 3720 1329 3776 Seeutoris.
1354 3721 1420 3775 Et
1446 3720 1598 3787 alibi,
1629 3718 1896 3785 Januarii,
1924 3718 2096 3783 I’auli,

505 3818 709 3883 Passae,
740 3816 946 3883 Caroli,
990 3816 1206 3877 Caritze,
1257 3813 1447 3878 Arobi,
1493 3813 1825 3879 Azatoniem,
1872 3812 2093 3868 Decimi.

506 3909 769 3979 Pergamo
795 3907 961 3973 Asiae,
992 3905 1271 3976 l’olycarpi
1290 3906 1555 3977 episcopi,
1584 3916 1638 3960 et
1658 3905 1810 3960 Pauli
1830 3904 2066 3960 diaconi.

576 4018 706 4059 xvut
733 4001 838 4056 kal.
874 3998 1025 4055 Maii.
1070 3999 1279 4066 Romat,
1323 3999 1409 4054 via
1458 3998 1633 4070 Appia
1680 4000 1731 4054 in
1780 3997 2096 4056 cmmetcrio

504 4093 846 4160 Prmtexwti,
880 4091 1077 4155 natalis
1130 4100 1440 4148 sanctorum
1495 4091 1747 4157 Tiburtii,
1796 4089 2092 4155 Valeriani,

501 4185 1047 4256 Maximi,-Quiriaci,
1098 4185 1304 4256 Optati,
1358 4185 1501 4252 Pati,
1530 4184 1832 4251 Saturnini,
1863 4185 2091 4252 Martiae,

501 4281 798 4348 Frontine,
849 4278 1124 4346 Coralli-.12,
1173 4276 1505 4344 Conditoris,
1538 4277 1724 4333 Tituli.
1758 4277 2089 4344 Interamna,

500 4375 739 4443 Proculi,
789 4372 1078 4439 Valentini,
1131 4372 1452 4438 Pruusduci,
1513 4371 1756 4436 Lanrini,
1810 4370 2094 4428 Domninte

498 4468 725 4540 virginis
745 4484 869 4531 cum
894 4466 1009 4522 suis
1038 4465 1336 4536 virginibus
1365 4464 1524 4520 simul
1552 4476 1850 4531 coronatae,
1882 4475 1938 4519 et
1966 4480 2092 4520 Sun-

494 4562 569 4617 cti
589 4538 894 4617 Valeriani.
948 4559 1013 4614 Ει
1053 4557 1179 4614 alibi
1223 4557 1427 4627 Optati,
1470 4557 1769 4623 Saturnini,
1823 4555 2086 4623 Arcltilai,
2118 4538 2171 4599 D

495 4654 858 4725 Simpltronii,
912 4650 1197 4718 Frontini,
1243 4649 1489 4716 Maximi,
1542 4650 1797 4714 Decimae,
1856 4649 2085 4715 Martiae,

494 4746 767 4805 Cornilite.
802 4747 859 4802 Iit
894 4743 1243 4807 Alexandria,
1279 4741 1576 4797 Frontonis
1606 4742 1877 4797 monachi.

564 4839 802 4895 xvnkat.
834 4838 986 4894 Maii.
1042 4836 1258 4904 Piceno,
1308 4836 1362 4889 in
1409 4850 1573 4891 aureo
1602 4844 1787 4891 monte
1826 4834 2083 4901 Maronis,

494 4936 772 5002 Messoris,
810 4934 1099 5000 Proelium,
1134 4930 1364 4994 Mositis,
1411 4929 1664 4986 Jocnndi.
1699 4931 1754 4985 In
1786 4930 2089 5001 Mcs0pota-

494 5033 608 5087 mia
639 5032 871 5091 At'celai,
923 5028 1209 5101 Cypriani,
1254 5024 1487 5091 Comati,
1545 5025 1833 5090 Virouicar,
1869 5027 2077 5094 Acutae,

493 5124 746 5194 Diogenis
792 5122 1005 5178 diaconi
1055 5136 1177 5177 cum
1226 5119 1441 5175 duobus
1481 5117 1761 5173 fratribus.
1802 5116 1861 5173 In
1894 5117 2084 5173 Antio-

489 5219 611 5274 ebia
655 5217 850 5288 Syriae,
885 5214 1167 5280 Prosduci,
1214 5213 1516 5291 Veronicae,
1557 5221 1613 5267 et
1664 5212 1908 5266 Dioninae
1955 5212 2082 5266 lilia:

488 5314 627 5385 ejus.
671 5310 928 5374 Octaviae,
976 5308 1255 5375 Potamite,
1302 5306 1585 5372 Prudenti,
1634 5305 1781 5372 Fuci,
1832 5305 1979 5377 Syri.
2023 5305 2081 5361 In

487 5406 694 5465 Taudia
717 5402 978 5467 Galliciae,
1032 5402 1337 5469 Quoamali,
1366 5402 1599 5462 Arcelai,
1634 5400 1865 5469 Potanii,
1897 5401 2076 5454 Dona-

488 5501 655 5555 tellte.
692 5498 746 5554 In
773 5495 1068 5566 Hispaniis,
1099 5493 1377 5560 Caesarius,
1410 5495 1592 5563 passio
1626 5502 1936 5550 sanctorum
1968 5493 2075 5549 Luo

485 5591 680 5657 berci,
734 5586 985 5660 Apomidi
1045 5600 1167 5641 cum
1223 5586 1438 5641 duobus
1482 5586 1768 5653 fratribus,
1806 5586 2073 5649 Martiani.

487 5681 623 5736 Item
654 5679 931 5747 Martiani,
980 5676 1198 5743 Felicis,
1242 5676 1451 5743 Fausti,
1488 5676 1789 5746 Fortunati,
1844 5680 2067 5743 Silvani,

488 5771 738 5830 Luciani.
781 5769 1018 5837 Goniali,
1039 5768 1289 5838 Parcilai,
1316 5770 1572 5838 Eonedis,
1606 5772 1778 5843 κίοιτε,
1810 5773 2068 5842 Gallieni,

2208 3276 2312 3317 una
2352 3260 2440 3316 die
2473 3270 2880 3317 coruiiatorum.
2920 3258 3164 3314 Militina:
3196 3258 3499 3324 Armeniae,
3531 3256 3676 3325 Rufi,
3718 3255 3822 3313 Hi-

2207 3352 2329 3419 lari,
2364 3353 2675 3421 Aristonici,
2724 3352 3030 3420 Fortunati,
3081 3352 3295 3419 Donati,
3342 3351 3498 3422 Gagi,
3543 3350 3813 3420 Majulini.

2207 3446 2263 3502 In
2292 3444 2474 3501 Africa
2507 3445 3047 3516 Screciani,Donati,
3080 3445 3310 3501 Ileladii.
3342 3444 3477 3499 Item
3501 3438 3811 3511 Sereclani,

2202 3548 2257 3594 et
2283 3538 2642 3609 Hermogenis
2672 3553 2796 3595 cum
2823 3540 2946 3595 aliis
2980 3540 3216 3596 duobus.
3250 3537 3617 3605 Gaucoliberi,
3647 3547 3813 3594 nata-

2205 3631 2273 3687 lis
2301 3630 2363 3687 S.
2389 3631 2684 3688 Viucentii.

2275 3743 2346 3783 χιι
2375 3726 2485 3782 Ital.
2519 3726 2674 3782 Maii.
2715 3727 2773 3783 In
2819 3727 3026 3795 Africa,
3085 3726 3280 3782 natalis
3317 3734 3628 3781 sanctorum
3671 3723 3812 3781 Ser-

2202 3824 2370 3893 viani,
2402 3823 2635 3895 Arajaci,
2677 3824 2991 3891 Silvaniani,
3039 3824 3343 3893 Fortunati,
3386 3821 3632 3893 Joannis,
3668 3821 3809 3879 Ora-

2201 3917 2291 3983 cii,
2323 3915 2538 3983 Donati,
2570 3917 2793 3983 Martiae,
2828 3916 3035 3981 Gemite,
3068 3914 3349 3981 Corneliae,
3375 3914 3639 3982 Geminis,
3668 3911 3808 3970 Cor-

2201 4009 2367 4075 nilize,
2401 4008 2706 4074 Fortunati,
2743 3999 3063 4065 Vincentite.
3087 4008 3299 4075 Romae,
3324 4007 3595 4079 depositio
3625 4009 3803 4064 sancti

2199 4102 2434 4159 Victoris
2460 4103 2721 4176 episcopi,
2767 4102 2984 4169 Felicis,
3018 4103 3339 4173 Alexandri,
3382 4102 3584 4173 Papiae.
3626 4101 3800 4158 Ever-

2197 4193 2368 4263 duno,
2393 4195 2663 4266 depositio
2684 4196 2857 4250 sancti
2879 4194 3173 4251 Marcellini
3204 4192 3467 4267 episcopi,
3499 4206 3551 4250 et
3576 4192 3799 4250 confes-

2197 4289 2367 4355 soris,
2420 4289 2679 4355 Silviani,
2724 4288 2954 4354 Tiriaci,
3006 4288 3228 4350 Donati,
3284 4287 3489 4355 Quinti.
3555 4286 3801 4344 Autisio-

2197 4380 2333 4437 dero
2364 4382 2615 4449 civitate,
2657 4382 2927 4453 depositio
2952 4388 3122 4439 sancti
3155 4383 3369 4439 Martini
3403 4384 3710 4455 presbyteri
3739 4394 3796 4439 et

2195 4475 2540 4530 confessoris.

2265 4583 2318 4623 χι
2338 4567 2440 4621 kal.
2480 4566 2628 4624 Maii.
2661 4567 2720 4623 In
2742 4566 3066 4624 Alexandria
3094 4568 3291 4624 natalis
3310 4577 3620 4625 sanctorum
3648 4568 3786 4625 For-

2194 4660 2401 4727 tunati,
2448 4661 2692 4716 Aratoris
2725 4663 3055 4734 presbyteri,
3109 4662 3307 4720 Felicis
3351 4663 3469 4729 lilii,
3520 4662 3795 4719 Vitalisin

2192 4770 2417 4812 carcere
2459 4758 2814 4825 quiescentis.
2860 4757 3076 4829 Romae,
3118 4760 3172 4813 in
3222 4759 3546 4815 emmeterio
3591 4758 3793 4814 Calesti

2190 4848 2281 4903 via
2308 4846 2482 4917 Appia
2511 4848 2710 4903 natalis
2746 4861 3062 4905 sanctorum
3100 4850 3396 4917 Valeriani,
3430 4850 3672 4918 Maximi,
3697 4849 3792 4904 Τί-

2194 4940 2394 5007 burtii,
2433 4941 2645 4996 Donati.
2696 4942 2763 4997 Et
2792 4943 2843 4997 in
2877 4943 3173 4998 Terracina
3225 4943 3560 5013 Campania),
3592 4944 3789 4999 natalis

2190 5035 2365 5089 sancti
2395 5035 2723 5106 Ampltelici,
2754 5036 3007 5093 Jocundi.
3038 5038 3104 5093 Et
3130 5036 3261 5092 alibi
3295 5036 3549 5105 Victoris,
3580 5036 3781 5105 Papiae,

2189 5126 2411 5183 Felicis.
2447 5129 2513 5184 Et
2541 5129 2671 5185 alibi
2704 5129 2980 5198 depositio
3014 5131 3310 5199 Aprunculi
3333 5129 3594 5200 episcopi.

2259 5236 2292 5273 χ
2312 5219 2416 5274 kat.
2450 5220 2599 5275 Maii.
2633 5221 2687 5274 lu
2716 5220 2924 5288 Africa,
2943 5220 3197 5277 Silviani.
3223 5220 3448 5276 Civitate
3475 5218 3779 5288 Hierapoli,

2188 5313 2384 5368 natalis
2410 5315 2582 5368 sancti
2608 5315 2844 5385 Philippi
2876 5314 3135 5385 apostoli.
3164 5313 3425 5371 Romaein
3451 5315 3780 5369 etemeterio

2185 5406 2408 5475 Calesti,
2460 5412 2543 5461 via
2594 5409 2788 5480 Appia,
2839 5409 3114 5481 depositio
3165 5409 3264 5466 Gai
3316 5421 3499 5479 papae,
3549 5406 3781 5463 Primoli

2166 5500 2483 5555 ,Tierdiani‘.
2539 5502 2802 5571 Lugdune
2846 5503 3063 5570 Galliae,
3114 5504 3295 5573 passio
3337 5503 3513 5558 sancti
3542 5500 3777 5573 Epolidi.

2184 5593 2251 5647 Et
2281 5594 2432 5660 alibi,
2486 5595 2761 5663 Leonidis,
2796 5596 3069 5660 Aratoris,
3098 5595 3337 5664 Quiriaci
3366 5637 3381 5661 ,
3425 5595 3667 5651 Basilite.
3714 5593 3781 5650 In

2184 5688 2407 5741 Seminis
2432 5688 2660 5756 civitate,
2681 5690 2936 5759 depositio
2975 5688 3157 5744 Leonis
3181 5688 3431 5761 episcopi.

2255 5794 2309 5833 rx
2335 5779 2439 5834 Ital.
2476 5779 2626 5836 Maii.
2654 5781 2711 5837 In
2738 5782 2944 5851 Africa,
2967 5782 3161 5837 natalis
3180 5790 3500 5836 sanctorum
3523 5780 3779 5849 Caudini,
