4048 6316
239 304 351 362 453

1336 308 1898 373 VETUSTISSlMUM
1937 310 2455 375 KALENDARlUM.

3432 323 3542 386 ΔΜ

236 417 556 487 Saturnini,
597 420 799 487 Ghori,
846 420 1068 489 Felicis,
1110 421 1376 492 Thoante,
1407 423 1683 481 Theodori
1705 469 1718 492 ,
1748 427 1839 481 Vi-
1872 434 1920 489 Α
1952 427 2155 497 Afrosi,
2182 430 2444 500 Carilippi
2467 433 2795 504 presbyteri,
2821 434 3024 505 Agapi'
3047 434 3319 507 Lectnris,
3340 438 3540 499 Eusebi

234 511 730 578 ctorini,Venusti,
747 513 979 583 Victuri,
1000 515 1229 585 Nabori,
1251 518 1453 587 Soluti,
1473 518 1648 585 Pleni,
1666 518 1843 588 Silvii,

234 602 469 673 Felicis,
535 605 745 676 Vitalis,
777 606 1081 674 Theodori,
1114 609 1386 678 Faustini,
1432 612 1652 678 Valerii,
1698 612 1844 669 Ursi.

236 697 452 765 Bomze,
482 699 736 755 Naboris.
784 700 917 757 item
951 701 1129 759 Silvii.
1167 703 1302 761 item
1338 706 1553 761 Vitalis.
1591 707 1721 763 ltem
1745 708 1848 764 Fe-

236 789 382 857 licis,
412 790 638 846 Nonum.
665 792 722 849 ln
745 793 1101 859 Alexandria,
1134 796 1389 867 Cornute,
1421 799 1662 855 Valentia
1707 801 1843 855 civi-

236 888 353 938 tate
391 883 444 939 in
475 882 672 949 Gallia,
698 888 896 942 natalis
940 887 1144 945 Felicis
1192 890 1530 964 Presbyteri,
1565 894 1846 951 Fortunati

235 974 475 1044 diaconi,
509 977 721 1034 Achilei
754 980 997 1051 diaconi,
1051 994 1105 1038 et
1133 988 1589 1043 commemoratio
1626 986 1845 1059 Georgii

234 1067 517 1139 martyris.

314 1176 406 1216 vnt
439 1160 545 1216 kat.
582 1162 737 1219 Maii.
765 1164 826 1220 1n
855 1166 1225 1235 Alexandria,
1270 1170 1467 1226 natalis
1520 1179 1839 1228 sanctorum

233 1251 474 1309 Coronae
508 1256 754 1326 virginis,
784 1258 1037 1325 Victoris,
1071 1259 1313 1326 Zoticiae,
1338 1261 1587 1331 Fortuni,
1621 1264 1836 1332 Donati,

232 1343 465 1415 Felicis,
499 1347 801 1417 Saturnini,
834 1350 1091 1418 Secundi,
1130 1354 1391 1410 Silviani.
1424 1354 1555 1411 Item
1585 1356 1835 1425 Silviani,

232 1433 471 1505 Ruﬁnze,
510 1437 805 1509 Liberalis,
834 1441 1060 1506 Meteri,
1087 1443 1290 1512 Toniti,
1324 1445 1550 1514 Firiani,
1581 1448 1835 1527 Baraelii,

232 1527 471 1599 Nabori,
525 1531 728 1602 Fusci,
790 1533 1063 1606 Naventi,
1118 1536 1351 1606 Serani,
1407 1540 1657 1596 Fortuni.
1702 1541 1835 1597 Item

233 1620 471 1689 Donati,
504 1621 783 1694 Floriani,
843 1627 1060 1683 Theoni
1110 1631 1439 1703 presbyteri.
1490 1631 1549 1686 In
1602 1633 1780 1689 Africa
1815 1678 1830 1703 ,

236 1714 438 1770 natalis
487 1728 803 1774 sanctorum
855 1720 1145 1790 Faustini,
1210 1723 1476 1781 Victurini
1509 1766 1527 1794 ,
1594 1728 1783 1782 Saluni
1814 1772 1829 1796 ,

1947 520 2200 575 eunuclﬁ.
2249 521 2307 576 ln
2364 522 2578 590 Africa,
2614 525 2924 583 Provincia:
2966 529 3288 598 Diomediaz,
3342 537 3539 594 natalis

1946 620 2258 666 sanctorum
2288 613 2520 680 Manilii,
2551 615 2769 686 Donati,
2803 618 3042 688 Maurili,
3071 621 3322 692 aniaui,
3358 626 3540 684 Victo-

1946 701 2079 766 rini,
2112 702 2279 758 Nicia:
2326 706 2579 776 virginis,
2629 711 2947 768 ctaliornm
3000 712 3363 773 ducentorum
3395 729 3538 775 octo-

1946 795 2092 864 ginta
2123 799 2307 854 trium.
2333 800 2391 855 In
2423 801 2677 859 Betorive
2726 805 2974 874 civitate,
3010 808 3289 879 depositio
3312 809 3372 868 S.
3400 812 3542 870 Euse

1948 887 2274 959 presbyteri.

2019 996 2079 1034 ιιι
2111 980 2217 1036 kal.
2255 982 2406 1038 Maii.
2453 985 2508 1040 In
2560 988 2915 1058 Alexandria,
2970 992 3163 1046 natalis
3189 992 3248 1048 S.
3281 994 3536 1051 Germani

1944 1073 2273 1144 presbyteri,
2325 1076 2587 1133 Prosduci
2643 1079 2881 1136 diaconi.
2928 1082 2985 1138 ln
3028 1084 3543 1153 Nicomedia,Pru-

1942 1163 2134 1231 deotii,
2178 1165 2460 1237 Martialis,
2492 1171 2733 1242 Sabatii,
2789 1175 3113 1241 Eodomoni.
3167 1180 3370 1237 Bareli.
3406 1182 3540 1239 Item

1942 1254 2217 1324 Germani,
2258 1257 2502 1327 Filicosi,
2537 1262 2794 1331 Budcnti,
2830 1266 3055 1337 Urbani,
3092 1282 3146 1326 ct
3174 1271 3401 1343 Pigataz,
3434 1274 3538 1331 Sil-

1942 1348 2086 1416 vani,
2119 1349 2257 1406 Joci.
2313 1351 2368 1405 ln
2404 1353 2618 1422 Africa,
2652 1356 2865 1426 Gtacti,
2923 1372 2977 1416 et
3005 1363 3239 1419 aliormn
3272 1381 3367 1423 sex
3395 1382 3545 1423 mar-

1941 1450 2143 1514 tyrum.
2178 1443 2245 1498 Et
2278 1444 2504 1501 Perusio
2537 1447 2775 1517 Tuscia),
2804 1451 3103 1521 Valentini,
3137 1456 3405 1526 Martiani,
3436 1461 3543 1515 Bo-

1938 1537 2093 1601 noni,
2150 1536 2367 1606 Vitalis,
2402 1542 2655 1611 Augusti,
2703 1543 2992 1611 Victnrini,
3046 1548 3251 1618 Manili,
3277 1552 3540 1610 Matrona:

1937 1628 2190 1700 virginis,
2248 1633 2463 1704 Maculi,
2518 1634 2736 1707 Megini.
2769 1638 2825 1694 In
2884 1639 3244 1710 Alexandria,
3280 1645 3534 1719 Pudenti,

1939 1722 2215 1793 Martiani,
2252 1725 2543 1799 Filocusae,
2577 1731 2899 1790 Theodosia:
2930 1735 3174 1807 virginis,
3223 1738 3386 1798 Padis
3410 1758 3535 1811 eum

235 1806 497 1877 Theonm,
552 1810 805 1879 Valeriae,
856 1813 1103 1882 Fortuni,
1152 1815 1332 1885 Publi,
1382 1817 1634 1886 Foriani,
1668 1821 1837 1878 Mem-
1871 1814 1916 1874 Β
1942 1816 2062 1870 aliis
2093 1816 2328 1875 duobus.

233 1904 397 1969 meri,
422 1903 634 1972 Fausti,
664 1906 895 1975 Martiae,
920 1908 1223 1976 Saubacim,
1259 1911 1631 1977 Tlit-udestize.
1678 1916 1837 1971 Vale-

233 1995 403 2061 riani,
439 1998 663 2065 Urbani,
694 2000 893 2068 Herus,
929 2001 1082 2067 Luci,
1118 2002 1372 2059 Victoris.
1406 2005 1472 2060 Et
1504 2007 1557 2062 in
1589 2006 1695 2061 hoc
1726 2009 1833 2077 die,

232 2086 507 2158 Sytlrach,
544 2090 765 2157 Misach,
794 2092 1109 2164 Abdenago,
1164 2095 1358 2150 iterato
1388 2101 1631 2165 nomine,
1662 2099 1755 2170 qui
1782 2109 1839 2156 et

233 2180 496 2247 Ananias,
532 2182 782 2252 Διετίας,
813 2194 871 2240 et
917 2185 1166 2257 Misahel,
1216 2190 1267 2243 in
1300 2189 1600 2262 Bibylonia
1621 2192 1691 2247 ab
1717 2195 1837 2264 igne

235 2273 453 2328 ardenti
482 2273 699 2330 liberati
731 2286 860 2332 sunt
888 2295 901 2331 :
937 2278 1265 2336 benedictus
1289 2283 1450 2338 Dens.
1486 2285 1540 2339 ln
1574 2284 1838 2355 Lngduno

236 2363 446 2431 Galliae,
473 2366 655 2436 passio
667 2380 983 2425 sanctorum
1003 2373 1440 2444 Alexandri_curn
1463 2376 1588 2432 aliis
1609 2392 1836 2432 numero

239 2457 462 2528 triginta
506 2472 783 2530 quatuor:
818 2461 886 2516 Et
935 2462 1209 2521 dedicatio
1230 2477 1458 2537 cryptae,
1485 2468 1578 2523 ubi
1607 2484 1838 2541 Corpora

241 2564 429 2605 eorum
457 2552 832 2621 requiescunt.

319 2658 391 2698 vn
437 2643 543 2698 kal.
580 2644 730 2701 Maii.
760 2646 815 2700 In
836 2645 1111 2718 Syracu>a
1133 2649 1359 2705 civitate
1379 2649 1605 2718 Sicilire,
1638 2652 1836 2707 natalis

238 2747 549 2792 sanctorum
600 2738 813 2807 Evodii,
845 2739 1203 2813 Hermogenis
1232 2760 1244 2796 :
1272 2745 1456 2815 passio
1501 2745 1558 2799 S.
1595 2744 1835 2816 Georgii,

238 2829 489 2886 Calestae.
516 2832 571 2887 In
594 2832 798 2903 Africa,
829 2834 1058 2903 Nobilis,
1088 2837 1304 2904 Marem,
1329 2839 1680 2912 Hermenphi,
1706 2841 1840 2896 For-

241 2925 436 2991 tunati,
488 2924 743 2981 Jocundi.
776 2926 1069 3000 Lugdune,
1123 2929 1380 3003 depositio
1436 2932 1583 2988 Beati
1632 2933 1838 2989 Rustici

237 3017 487 3089 episcOpi.
514 3016 733 3072 Letania
762 3023 954 3092 major.

312 3123 366 3163 Vl
391 3108 501 3164 kal.
545 3110 695 3165 Maii.
747 3111 803 3167 In
852 3115 1128 3197 Axiopoli,
1160 3117 1394 3174 Aurelii.
1438 3118 1493 3174 In
1522 3119 1834 3189 Antiochia,

2013 1906 2194 1962 Pridie
2215 1909 2320 1966 kal.
2366 1910 2518 1967 Maii.
2544 1914 2601 1968 In
2628 1914 2981 1985 Alexandria,
3021 1921 3278 1979 DorOthei
3308 1927 3539 1999 presby-

1942 2000 2066 2063 teri.
2102 2001 2400 2059 Rodociani
2428 2006 2675 2074 diaconi,
2713 2010 2968 2079 Victoris,
3002 2015 3247 2087 Terenti,
3290 2019 3533 2089 Martini,

1943 2092 2241 2161 Majoricm.
2270 2095 2402 2152 Item
2430 2096 2688 2169 Victoris,
2719 2099 2933 2169 Claudi,
2987 2104 3216 2175 Silvani,
3250 2108 3535 2180 Demetrii,

1940 2184 2089 2254 Julii,
2124 2184 2420 2244 Secmidini
2455 2191 2725 2264 episcopi,
2761 2195 2967 2262 Meriti,
3002 2195 3231 2253 Honori.
3270 2197 3401 2255 ltetn
3431 2202 3539 2258 Sil-

1942 2279 2091 2344 vani,
2124 2280 2423 2347 Saturnini,
2484 2280 2707 2352 Afliodi,
2756 2285 2955 2356 Dugdi,
2985 2285 3227 2345 Pastoris
3275 2292 3536 2363 episcOpi,

1942 2372 2301 2438 Secundiani,
2338 2375 2681 2444 Concordiae,
2731 2378 2980 2448 Mariani,
3011 2380 3225 2449 Jacobi,
3269 2381 3534 2453 Floriani,

1941 2463 2129 2529 Gabri,
2170 2465 2393 2536 Gaiani,
2432 2468 2696 2537 Postumi,
2746 2470 2988 2541 Momini,
3023 2474 3325 2543 Quintiani,
3358 2477 3539 2545 Cassi,

1942 2556 2126 2627 Fasili,
2177 2558 2444 2622 Florenti,
2494 2560 2756 2627 Demetri,
2813 2564 3048 2634 Gadudi,
3105 2568 3357 2639 Crispini.
3401 2571 3535 2627 item

1940 2646 2199 2720 Crispini,
2257 2650 2474 2718 Donati,
2509 2652 2763 2721 Zenonis,
2819 2656 3138 2713 Pomodiani
3170 2660 3385 2716 diaconi
3414 2678 3535 2717 cum

1940 2740 2065 2796 aliis
2094 2742 2283 2812 viginti
2303 2755 2557 2814 quatuor,
2584 2744 2916 2801 St-cundiaoi
2945 2750 3209 2820 episcopi,
3242 2755 3541 2809 Alexandri

1942 2835 2182 2902 diaconi,
2214 2836 2426 2907 Bubati,
2479 2839 2683 2907 Saturi,
2720 2841 2909 2906 Dietri,
2944 2842 3271 2913 llopodiani,
3302 2843 3540 2902 Nomen-

1941 2929 2036 2984 sis.
2062 2927 2254 2984 Romte
2284 2929 2554 3000 depositio
2584 2930 2821 2999 Quirini,
2866 2932 3189 2991 Secundini.
3224 2934 3280 2991 In
3318 2936 3536 2993 Afrodi-

1942 3024 2039 3088 ris,
2089 3022 2390 3079 Hodociani
2420 3025 2655 3093 diaconi,
2689 3026 2932 3094 Terenti,
2966 3030 3159 3085 Marini
3206 3033 3535 3104 presbyteri,

1942 3119 2176 3193 Dagari,
2231 3138 2350 3179 cum
2394 3125 2519 3180 aliis
2572 3126 2897 3195 duodecim,
2930 3128 3156 3198 Metnri,
3208 3131 3536 3203 Clementis,

238 3202 519 3270 Leonidis,
570 3205 803 3272 Vendei,
855 3209 1032 3263 Marii.
1068 3210 1127 3264 In
1176 3213 1379 3283 Africa,
1413 3216 1573 3282 Julii,
1610 3216 1834 3285 Victuri,
1866 3201 1913 3269 C
1943 3214 2168 3285 Lucini,
2217 3216 2514 3285 Telesfori,
2560 3219 2823 3289 Primosi,
2872 3223 3187 3291 Saturnini,
3240 3201 3533 3298 Emiliani,

240 3297 444 3368 Syrici,
506 3298 799 3364 Honorati,
842 3300 1061 3367 Felicis,
1094 3302 1272 3372 Pauli,
1301 3305 1540 3377 Maximi,
1579 3308 1834 3378 Victoris,

237 3389 518 3461 Simplici,
571 3392 860 3461 Pollionis,
893 3394 1020 3462 Viti,
1052 3396 1360 3469 Calendini,
1387 3403 1664 3472 Apolloni,
1690 3404 1835 3459 Mar-

237 3482 427 3553 tiantc,
459 3485 830 3554 Felicissimaz,
863 3500 918 3544 et
948 3490 1184 3560 Hernite,
1216 3494 1484 3563 Martiani,
1518 3496 1831 3568 Lictissirni,

236 3577 454 3644 Fimias,
490 3580 709 3650 Felicis,
734 3581 1012 3650 Germani,
1044 3586 1288 3654 Felicite,
1320 3589 1550 3660 Evasitc,
1579 3592 1837 3649 Gemelli-

239 3686 328 3727 ηαδ
349 3687 471 3727 cum
497 3675 666 3739 sociis
693 3691 905 3743 eorum,
929 3678 1157 3734 Silvani.
1192 3680 1413 3738 Centqu
1442 3687 1755 3743 monasterio
1781 3687 1835 3742 in

242 3760 437 3833 Gallia,
464 3766 719 3836 depositio
748 3771 915 3824 sancti
936 3769 1195 3831 Richarii.

315 3872 348 3909 v
370 3856 474 3913 kal.
524 3857 677 3914 Maii.
704 3860 759 3917 ln
780 3862 1002 3921 civitate
1019 3866 1187 3923 Tarso
1200 3867 1426 3937 Ciliciae,
1448 3870 1647 3928 natalis
1666 3874 1838 3930 sancti

242 3949 475 4019 Castori,
509 3954 790 4014 Germani.
825 3958 879 4015 ln
923 3960 1268 4033 Nicomedia,
1300 3966 1546 4023 Antbimi
1571 3971 1837 4041 episcopi,

242 4043 513 4115 Stephani
559 4050 833 4122 episcopi,
891 4054 1117 4127 Antonii
1178 4059 1504 4129 presbyteri.
1547 4061 1602 4116 ln
1648 4062 1840 4131 Lydia,

245 4138 474 4206 Genesi,
529 4140 763 4210 Sodalis,
817 4143 1013 4213 Zotici,
1059 4146 1274 4218 Marini,
1320 4150 1533 4219 Zetoni,
1584 4153 1838 4223 llelpidii,

246 4229 512 4302 Eutbicii,
547 4232 817 4303 Lupicini.
868 4237 928 4292 In
975 4240 1270 4309 Armenia,
1313 4242 1532 4299 civitate
1577 4246 1842 4315 Militana,

246 4324 568 4397 Heremitis,
605 4328 852 4402 llilpidii,
901 4333 1068 4403 Eppei
1098 4337 1423 4409 presbyteri,
1465 4339 1841 4412 Hermogenis.

247 4419 313 4474 Et
344 4421 500 4487 alibi,
533 4422 731 4488 Mauri,
767 4435 823 4480 et
868 4428 1013 4498 capti
1062 4429 1308 4499 Diaconi,
1334 4432 1597 4501 llusaudi,
1636 4436 1841 4504 Priani,

244 4510 431 4584 Cypri.
467 4513 523 4568 ln
555 4514 816 4589 Aﬂgypto,
874 4518 1225 4591 Nicomediae,
1272 4524 1536 4596 Victoris,
1587 4528 1839 4597 Maximi,

245 4607 521 4676 Martiani,
554 4610 733 4677 Pauli,
763 4612 1021 4670 Germani
1052 4632 1172 4673 cum
1202 4619 1322 4674 aliis
1351 4635 1470 4688 sex,
1494 4624 1840 4692 Gcmcllinaa,

247 4699 612 4773 Laetissimze,
642 4704 885 4774 Felicitc,
931 4709 1239 4781 Germanae,
1290 4712 1516 4783 Felicis,
1571 4717 1842 4787 Evantite,

245 4791 555 4863 Victorini,
608 4796 883 4869 Nicol’ori,
925 4801 1192 4873 Dioscuri,
1243 4805 1448 4877 Papiae,
1501 4808 1841 4881 Serapionis,

246 4884 504 4954 Joannis,
547 4890 699 4947 Julii.
744 4893 800 4949 ln
842 4898 1154 4965 Antiochia,
1204 4897 1472 4972 Thimiae,
1499 4901 1691 4971 Mauri,
1717 4906 1841 4963 Arri

247 4977 488 5047 diaconi,
520 4982 785 5055 Cenonsi,
812 4988 1050 5043 Sodalis.

316 5089 369 5128 tv
417 5074 525 5129 kal.
560 5075 711 5132 Maii.
762 5081 817 5134 ln
870 5080 1172 5150 Pannonia,
1217 5084 1416 5140 Eusebi
1466 5084 1753 5157 EpiscOpi,
1785 5100 1842 5147 et

249 5164 465 5235 Vitalis,
495 5166 777 5239 Pollionis.
812 5170 867 5227 In
894 5174 1250 5244 Alexandria,
1282 5177 1565 5235 Victorini.
1590 5180 1645 5236 in
1671 5181 1843 5241 Tarso

247 5255 499 5328 Cilicize,
560 5261 774 5318 Malitia:
830 5279 952 5322 cum
1004 5268 1128 5324 aliis
1178 5278 1396 5327 centum
1453 5277 1841 5347 septuaginta,

322 5446 564 5528 f_Agapi.
615 5450 727 5507 Etsi
746 5467 789 5528 _a
822 5453 982 5528 nobis
1003 5471 1187 5528 nemo
1217 5468 1524 5528 exspectet,
1556 5472 1612 5517 ut
1643 5465 1841 5520 merula

249 5515 445 5599 quibus
491 5515 943 5599 Martyrologium
1001 5526 1103 5583 hoc
1150 5515 1488 5587 deformatur
1510 5515 1533 5599 ’,
1562 5515 1841 5591 "iniiinii;

250 5588 455 5671 omnia,
483 5586 563 5647 vel
588 5586 1067 5671 sa'lteni‘plcraqne
1098 5617 1112 5654 :
1143 5611 1320 5657 tamen
1350 5586 1721 5671 occasionem,
1751 5607 1842 5663 ubi

252 5670 315 5745 se
340 5659 1108 5745 ioil‘ert,”aliquid-monendi,
1164 5674 1306 5742 φιοᾶ
1353 5677 1539 5730 lectori
1578 5659 1844 5745 prodesse

253 5741 435 5814 queat,
469 5736 673 5814 nullam
710 5736 1134 5814 praetermittere
1164 5736 1435 5814 uolumus.
1468 5736 1842 5814 Quamobrem

259 5809 508 5861 notamus
562 5806 665 5862 hoc
710 5808 830 5866 loco
879 5826 1091 5870 errasse
1144 5806 1659 5884 Acheriumfdum
1707 5820 1844 5877 duos

1940 3311 2241 3384 Majoricae,
2269 3313 2567 3381 Saturnini,
2599 3316 2879 3387 depositio
2924 3317 3238 3375 Polocronii
3270 3321 3534 3392 episcopi.

2465 3448 2715 3507 MENSIS
2762 3449 2999 3507 MAlUS.

2464 3560 2634 3616 [labet
2681 3562 2800 3617 dies
2858 3578 3015 3618 xxxt.

2016 3696 2144 3752 Kal.
2196 3697 2353 3765 Maii,
2405 3697 2615 3753 initium
2650 3697 3065 3756 Prmdicationis
3094 3700 3310 3759 Domini
3362 3706 3535 3762 nostri

1939 3789 2068 3847 Jesu
2118 3789 2343 3845 Christi;
2396 3788 2454 3845 lo
2490 3791 2614 3846 Asia
2667 3791 2965 3864 Hierapoli,
2999 3796 3196 3851 natalis
3224 3808 3538 3857 sanctorum

1944 3883 2181 3954 Philippi
2225 3882 2499 3953 Apostoli,
2531 3895 2585 3940 ct
2628 3884 2839 3953 JaCobi,
2869 3886 3150 3954 Quintiani
3194 3889 3536 3961 Heleotheri,

1942 3978 2065 4043 Gai,
2084 3976 2395 4042 Alexandri,
2416 3977 2714 4033 Saturnini.
2734 3979 2798 4033 Et
2818 3979 2970 4044 alibi,
2993 3980 3291 4051 Apollonii,
3321 3984 3541 4055 Euphei

1944 4071 2062 4128 mii.
2106 4070 2441 4137 Interamna,
2472 4072 2727 4128 milliaria
2757 4075 3099 4144 sexagesimo
3144 4086 3375 4146 quarto,
3408 4078 3541 4135 Pro-

1945 4166 2077 4236 culi,
2107 4166 2333 4231 Pelesti,
2378 4167 2593 4238 Agapiti
2616 4209 2631 4235 ,
2666 4178 2721 4226 et
2765 4171 2995 4226 militum
3026 4173 3242 4242 triginta
3275 4173 3457 4237 trium,
3485 4183 3540 4230 et

1944 4259 2140 4314 natalis
2168 4258 2427 4327 Mattbaei,
2464 4270 2517 4315 et
2541 4259 2731 4316 Jacobi
2764 4263 3164 4330 apostolorum.
3202 4263 3257 4319 ln
3286 4264 3534 4331 Oriente,

1945 4349 2209 4419 Quintini.
2243 4352 2298 4407 ln
2324 4352 2724 4425 Hierosolyma,
2756 4354 2953 4410 natalis
2982 4355 3040 4412 S.
3068 4355 3242 4422 Judae,
3267 4358 3381 4412 sive
3408 4357 3541 4425 Qui-

1947 4443 2078 4499 riaci
2108 4444 2371 4514 episcopi.
2406 4445 2692 4511 Emerita),
2725 4448 2921 4502 natalis
2944 4450 3118 4504 sancti
3143 4448 3447 4525 Saturnini.
3480 4450 3538 4506 In

1948 4538 2141 4596 Tolosa
2174 4541 2371 4595 natalis
2400 4541 2631 4597 Orientii
2660 4541 2922 4611 episcopi.
2955 4542 3330 4609 Autisiodero,
3362 4543 3536 4613 depo-

1952 4632 2079 4688 sitio
2125 4632 2184 4689 S.
2218 4633 2495 4689 Amatoris
2526 4634 2791 4704 episcopi.
2837 4634 3064 4705 Bigerra
3096 4636 3340 4701 civitate,
3374 4637 3545 4707 depo-

1948 4728 2072 4782 sitio
2091 4727 2149 4782 S.
2182 4727 2379 4783 Justini
2412 4729 2653 4798 episc0pi
2685 4729 2890 4799 magni,
2924 4727 3072 4796 lsici,
3096 4729 3283 4798 Phoci,
3319 4729 3540 4788 Ambia-

1948 4823 2029 4876 nis
2060 4823 2303 4885 civitate.
2349 4822 2544 4877 natalis
2592 4831 2909 4877 sanctorum
2941 4822 3082 4891 Agii,
3107 4832 3160 4879 et
3191 4822 3365 4879 Acioli
3397 4840 3544 4882 mar-

1948 4925 2147 4987 tyrum:
2203 4915 2449 4982 Agawro,
2478 4914 2648 4986 passio
2667 4914 2991 4984 Sigismundi
3012 4916 3170 4987 regis.

2020 5022 2074 5061 vi
2100 5022 2226 5060 non.
2269 5005 2421 5058 Maii.
2452 5004 2732 5071 Germani,
2764 5005 3068 5071 CmIeStini,
3096 5006 3312 5077 Felicis,
3346 5009 3544 5077 Cotini,

1950 5098 2179 5164 Urbani,
2232 5097 2458 5151 Privati.
2493 5096 2549 5152 ln
2582 5096 2938 5163 Alexandria,
2975 5097 3254 5157 Saturnini
3285 5117 3408 5159 cum
3439 5104 3547 5161 Eo-

1951 5190 2062 5262 poli
2093 5187 2243 5244 socio
2269 5202 2390 5243 suo.
2418 5187 2475 5243 ln
2524 5188 2790 5245 Armenia
2821 5190 3044 5247 civitate
3071 5192 3331 5261 Militana,
3362 5197 3546 5268 llelpi-

1956 5281 2055 5347 dii,
2085 5288 2141 5338 et
2172 5278 2552 5351 Hermogenis,
2587 5280 2743 5352 Lupi.
2773 5279 2832 5337 in
2866 5281 3224 5355 Alexandria,
3263 5287 3550 5355 Germani,

1956 5480 2180 5526 sanctos
2209 5469 2439 5535 elﬁnxit,
2473 5480 2700 5540 quorum
2724 5474 2868 5535 alter
2893 5471 3174 5539 Lectores,
3202 5473 3346 5530 alter
3371 5474 3552 5530 Eunu-

1954 5540 2087 5615 chus
2117 5542 2424 5599 diceretur:
2471 5560 2592 5599 nam
2623 5554 2677 5598 nt
2711 5545 3083 5615 Martyrologii
3116 5547 3349 5615 scriptor
3394 5547 3553 5602 Cari-

1954 5612 2155 5686 lippum
2182 5614 2585 5684 presbyterum,
2614 5616 2684 5669 ita
2710 5612 2970 5686 Agapium
2998 5612 3281 5685 lectorem,
3302 5629 3354 5686 et
3379 5618 3549 5676 Ense-

1955 5682 2125 5761 bittm_
2152 5678 2461 5761 eunuchum
2504 5678 2671 5744 fuisse
2699 5678 2926 5746 nota-vit.
2955 5687 3151 5746 Statim
3185 5678 3303 5761 lege
3326 5678 3550 5749 Provin-

1952 5755 2046 5809 citc
2070 5754 2125 5810 Ν
2128 5757 2364 5814 αηιίἀὶω.
