4050 6198
148 195 256 252 457

1236 180 1803 244 VETUSTISSlMUM
1840 179 2366 240 KALEND.\RlUM.

3347 180 3456 241 458

150 306 419 373 Reﬂenti,
451 303 642 371 Tinni,
672 300 885 360 Felioni
909 343 926 368 ,
965 299 1181 366 Tuinti,
1216 300 1472 368 Seleuci,
1513 300 1738 366 Zetulae,
1769 311 1824 371 Α
1848 297 2095 361 siodero,
2128 297 2251 352 vico
2291 295 2525 363 Caiaco,
2570 295 2753 367 passio
2803 294 2975 352 sancti
3017 294 3296 367 Peregrini
3337 297 3454 366 epi-

152 398 450 464 Januariaz,
481 397 782 462 Fortunati,
811 395 1074 460 Tedetiaz,
1099 394 1314 459 Tonati,
1341 393 1584 463 Rogatus,
1613 391 1750 445 Pau-

162 492 313 557 linm,
343 491 566 558 Januari
591 533 606 556 ,
637 490 822 556 Ninm,
857 487 1094 556 Honori,
1143 487 1460 555 Candedite,
1494 486 1753 549 Secundi,

156 583 466 648 Saturnini,
501 583 728 648 Donati,
772 579 1074 646 Salutoris,
1121 580 1352 646 Felicis,
1389 580 1578 647 Marci,
1615 577 1758 647 Nap-

159 679 296 750 poli,
323 676 552 741 Coddei,
586 678 728 742 Dati,
757 675 924 742 Naso,
950 676 1106 742 Mosi,
1135 675 1329 740 Satuli,
1361 673 1625 740 Victuris,
1651 672 1760 727 Ma-

161 773 304 836 suti,
337 771 575 837 Malchi,
621 771 850 833 Severi,
894 769 1144 824 Martiani
1171 808 1186 835 ,
1235 767 1463 823 Fortuni
1490 809 1504 834 ,
1554 765 1758 832 Saturi,

161 867 422 935 Quintali,
452 866 678 932 Fidelis,
711 865 999 930 Severioli,
1028 864 1248 933 Quinti,
1284 864 1496 927 Fausti,
1543 861 1757 927 Donati,

163 960 443 1026 Excruati,
479 959 665 1024 Birici,
699 957 948 1028 Septimi,
980 957 1205 1022 Lucini,
1239 955 1521 1019 Restituti,
1557 953 1756 1016 Dativi,

163 1051 460 1117 Januariai,
505 1050 679 1117 Ninaa,
712 1051 932 1114 Felicis,
965 1049 1163 1103 Satica:
1188 1091 1203 1117 ,
1237 1047 1506 1102 Marcellae
1533 1087 1547 1111 ,
1580 1044 1755 1112 Tulaz,

165 1144 448 1210 Matrontc,
471 1144 727 1211 Lucusze,
753 1143 1030 1207 Victurim,
1059 1140 1296 1204 Felicim,
1321 1137 1602 1199 Jocundze,
1631 1135 1763 1191 Glo-

82 1219 96 1228 ’
167 1239 366 1306 riosse,
393 1237 710 1308 Rogatinae,
749 1234 1038 1290 Victurina:
1062 1275 1076 1299 ,
1108 1232 1286 1295 Julia),
1317 1231 1533 1296 Primae,
1569 1229 1763 1283 Fortu-

169 1327 312 1392 nati,
353 1327 568 1393 Mariae,
617 1326 870 1396 Rogatus,
920 1324 1134 1390 Monni,
1185 1321 1411 1387 Jacobi,
1459 1320 1759 1391 Septimise,

169 1419 433 1484 Maurelli,
459 1418 646 1484 Incidi,
670 1417 830 1484 Tuni,
859 1416 1170 1484 Felicionis,
1199 1415 1440 1485 Seleugi,
1469 1413 1757 1480 Honorati,

171 1511 410 1577 Saturni,
445 1509 657 1577 Lucini,
691 1509 959 1577 Zeberite,
991 1509 1240 1576 Venusti,
1270 1507 1570 1574 Saturnini,
1595 1505 1766 1574 Quin-

174 1605 317 1660 tulae.
356 1604 492 1660 Item
523 1602 711 1674 Cyrilli
735 1643 751 1670 ,
797 1604 1065 1673 Dionysii.
1103 1604 1173 1659 Et
1207 1602 1340 1658 alibi
1377 1599 1646 1672 depositio
1673 1599 1765 1655 Ju-

173 1698 405 1766 venalis,
436 1707 491 1753 et
521 1697 622 1752 Job
654 1695 954 1767 prophetae.

243 1807 274 1844 v
303 1792 423 1844 idus
456 1788 610 1844 Maii.
635 1789 694 1844 In
724 1788 943 1854 Sirmia,
977 1785 1178 1842 natalis
1208 1786 1382 1842 sancti
1414 1785 1674 1840 Montani.
1711 1784 1766 1838 lu

173 1884 384 1953 Africa,
410 1884 616 1954 Majuli,
662 1882 929 1938 Victorini
960 1922 973 1946 ,
1001 1879 1309 1944 Fortunati,
1340 1879 1591 1948 Septimi,
1618 1877 1769 1942 Julii,

173 1976 378 2047 Crispi,
405 1975 700 2040 Januariaz,
730 1973 979 2038 Primnli,
1001 1972 1206 2038 Manili,
1233 1971 1416 2027 Nerei.
1445 1971 1575 2025 Item
1607 1969 1773 2024 Mani-

175 2069 266 2137 lis,
299 2067 574 2133 Victurize,
601 2067 907 2133 Fortunati,
937 2065 1180 2131 Januari,
1205 2063 1459 2131 Jocundi,
1490 2063 1771 2134 Syppiani,

177 2160 466 2231 Epimini.
497 2159 595 2215 Via
640 2159 850 2213 Salaria
876 2199 890 2222 ,
923 2157 1177 2212 milliario
1215 2155 1478 2226 vigesimo
1508 2154 1772 2221 secundo,

179 2250 380 2306 natalis
412 2250 588 2305 sancti
622 2248 888 2304 Anthimi.
932 2248 988 2302 lu
1032 2248 1190 2314 Asia,
1230 2248 1427 2302 natalis
1457 2256 1774 2302 sanctorum

181 2343 474 2410 Demetrii,
503 2341 711 2397 Taddei
737 2385 752 2408 ,
787 2352 842 2396 et
883 2341 1155 2411 depositio
1193 2340 1499 2410 Nepotiani.
1544 2339 1774 2407 Vicnnw,

181 2437 436 2508 depositio
464 2432 730 2501 Mamerti,
762 2442 808 2486 et
842 2431 1147 2487 Mamertini
1177 2430 1577 2503 EpiscOporum.

251 2544 304 2583 tv
326 2527 447 2582 idus
490 2526 644 2580 Maii.
677 2525 896 2592 Romae,
937 2526 1132 2580 natalis
1172 2534 1481 2582 sanctorum
1511 2524 1692 2589 Nerei,
1725 2532 1780 2579 et

182 2620 416 2676 Achillei
463 2619 713 2674 fratrum.
755 2619 821 2673 Et
851 2618 1009 2685 alibi,
1040 2615 1236 2672 natalis
1280 2617 1451 2671 sancti
1483 2614 1776 2682 Pancratii,

184 2709 350 2768 Cradi
378 2718 433 2766 et
454 2710 667 2767 Soteris
687 2709 966 2779 Virginis,
999 2709 1256 2774 Joannis,
1286 2708 1518 2762 Achillis
1549 2708 1778 2778 Moysei,

187 2801 418 2860 Afroditi
439 2848 452 2873 ,
477 2817 599 2858 cum
637 2802 757 2856 aliis
790 2816 1019 2856 numero
1047 2801 1324 2872 quingenti
1357 2811 1614 2871 quatuor,
1646 2814 1778 2870 quo-

187 2911 308 2952 rum
336 2894 558 2951 nomina
583 2896 722 2952 Deus
752 2895 876 2962 scit,
897 2894 1224 2960 Alexandri,
1252 2893 1506 2960 Moisitis,
1535 2892 1690 2949 Julii.
1723 2891 1782 2947 ln

189 2988 396 3058 Africa,
433 2989 702 3045 Prancati.

1859 391 2008 460 scepi
2041 390 2202 460 primi
2236 391 2469 446 civitatis
2504 391 2692 460 ipsius.
2721 391 3039 458 Tricassino,
3071 391 3244 461 passio
3272 391 3334 446 S.
3359 388 3456 444 Fi-

1859 481 1968 537 doli
1998 483 2279 552 presbyteri
2305 494 2351 536 et
2382 484 2710 550 confessoris.

1931 593 2022 632 xvi
2051 576 2153 630 kal.
2192 575 2365 630 Junii.
2401 578 2458 631 In
2494 577 2827 633 Alexandria
2855 619 2869 644 ,
2901 577 3138 634 Victoris
3161 620 3176 645 ,
3213 580 3446 648 Basilize,

1862 672 2089 728 Silvani.
2116 671 2171 725 ln
2204 670 2398 735 Roma,
2429 671 2724 736 Parthinii,
2749 671 3033 739 Gallicori,
3069 673 3263 741 Eponi,
3295 674 3460 729 Libe-

1863 765 1931 820 rii
1969 764 2235 834 episcopi.
2284 763 2584 819 Neveduno
2611 809 2624 828 ,
2673 763 2908 819 Heraclii
2935 807 2949 828 ,
2991 762 3182 832 Pauli,
3214 764 3418 820 Minerii
3445 810 3458 833 ,

1863 855 2105 927 Agulini,
2135 855 2398 922 Victoris,
2426 856 2715 921 Arthemii,
2748 856 2984 914 Calcori.

1936 965 2003 1003 xv
2045 949 2151 1001 kat.
2190 949 2318 1001 Jun.
2362 949 2422 1002 ln
2469 949 2838 1015 Alexandria,
2883 949 3198 1005 Potamonis
3239 951 3466 1022 presby-

1865 1041 1990 1106 teri,
2022 1040 2278 1106 Hortasii,
2314 1039 2632 1110 Serapionis
2653 1084 2667 1108 ,
2698 1043 2923 1097 Panteri
2944 1088 2956 1110 ,
2990 1042 3260 1108 Dioscori,
3293 1044 3466 1109 Pami,

1865 1133 2138 1188 Pentecon
2187 1133 2425 1201 diaconi,
2467 1133 2716 1200 Cenron,
2756 1136 2930 1191 Dativi
2955 1181 2968 1205 ,
3003 1137 3158 1203 Luci,
3192 1138 3468 1203 Maximte,

1865 1226 2108 1280 Hermon
2146 1226 2370 1282 lectoris
2419 1241 2541 1282 cum
2581 1228 2704 1283 aliis
2741 1239 2981 1298 quatuor
3031 1233 3378 1302 martyribus.
3412 1232 3471 1286 in

1866 1318 2101 1390 Aigypto
2125 1361 2142 1387 ,
2197 1319 2444 1375 Dioscori
2489 1321 2710 1376 lectoris
2742 1363 2756 1388 ,
2788 1325 2880 1390 qui
2930 1323 3095 1378 multa
3131 1340 3324 1395 passus
3364 1335 3474 1382 est.

1867 1413 2362 1484 Constantinopoli,
2393 1413 2590 1481 Etl'uci,
2619 1415 2968 1484 Serapionis,
3003 1419 3216 1472 Bustasi
3250 1420 3474 1491 presby-

1869 1512 2004 1576 teri,
2034 1509 2298 1565 Patamon
2324 1553 2339 1578 ,
2372 1509 2622 1576 Panteri,
2655 1509 3005 1578 Peteclondi,
3040 1512 3184 1567 Eran
3228 1513 3471 1581 lectoris,

1871 1599 2073 1667 Dativi,
2106 1601 2354 1656 Martiani
2378 1645 2393 1669 ,
2425 1600 2669 1666 Luciosi,
2699 1600 2982 1668 Lucianaa,
3013 1601 3220 1673 Eginae.
3247 1602 3315 1659 Et
3344 1604 3475 1661 alibi

1794 1721 1844 1782 Β
1870 1692 2074 1750 natalis
2098 1701 2417 1748 sanctorum
2443 1691 2618 1758 Cassi,
2650 1691 2914 1758 Victoris,
2950 1692 3169 1748 Juliani.

1947 1801 2036 1840 xtv
2072 1785 2180 1838 kal.
2216 1783 2345 1838 Jun.
2378 1785 2584 1855 Romae,
2631 1786 2827 1841 natalis
2855 1795 3168 1843 sanctorum
3201 1789 3476 1859 Caloceri,

1875 1879 2113 1934 Parteini
2159 1877 2560 1945 cunuchorum,
2619 1888 2673 1934 et
2721 1893 2950 1934 uxorum
2999 1895 3215 1936 eorum.
3262 1882 3330 1937 lli
3374 1885 3476 1940 sub

1878 1970 2042 2026 Decio
2071 1969 2401 2040 imperatore
2429 1969 2630 2036 occisi,
2673 1978 2726 2024 et
2752 1970 3102 2040 requiescunt
3130 1973 3183 2027 in
3211 1986 3474 2031 cosmeta-

1878 2062 1962 2117 rio
1987 2061 2140 2132 juxta
2181 2061 2321 2116 viam
2349 2062 2601 2132 Appiam.
2652 2061 3063 2131 lnjcaemeterio
3112 2065 3350 2132 Calcsti,
3394 2068 3480 2120 via

1880 2154 2075 2225 Appia,
2108 2155 2346 2225 Paterni,
2374 2154 2631 2222 Galicori,
2660 2155 2798 2222 Indi,
2832 2156 3074 2227 Seleuci,
3099 2157 3320 2225 Felicis,
3354 2158 3481 2214 Elo-

1883 2248 2011 2312 nici,
2046 2247 2278 2313 Christi,
2322 2248 2622 2313 Calonicae,
2666 2247 2844 2304 Juliaa.
2892 2249 3023 2304 ltcm
3056 2249 3294 2317 Urbani,
3327 2251 3490 2321 lnge-

1882 2357 2026 2410 nuzn,
2074 2341 2310 2397 Saturni.
2347 2339 2404 2395 ln
2446 2341 2772 2396 Alexandria
2800 2382 2816 2408 ,
2860 2342 3059 2398 natalis
3100 2345 3274 2398 sancti
3314 2343 3484 2401 Areni

1882 2433 2122 2489 diaconi.
2153 2432 2210 2487 In
2240 2431 2476 2486 Cwsaria
2515 2432 2904 2503 Cappadociae,
2937 2434 3134 2489 natalis
3174 2435 3346 2490 sancti
3378 2435 3482 2490 Po-

1884 2522 2070 2580 liocbi.
2097 2523 2153 2578 In
2183 2522 2368 2578 Africa
2403 2523 2601 2578 natalis
2632 2534 2940 2579 sanctorum
2981 2525 3198 2593 Quinti,
3235 2526 3488 2593 Primnli,

1883 2615 2109 2681 Salusti,
2145 2615 2462 2682 Fortunati,
2496 2615 2730 2670 duorum
2760 2615 3100 2671 Donatornm
3126 2658 3140 2683 ,
3168 2617 3358 2684 Primi,
3397 2618 3487 2673 ln-

1886 2711 2042 2777 dicm,
2067 2709 2355 2780 Lugustce,
2386 2709 2637 2780 Rogatzc,
2672 2709 2908 2764 Urbana:
2929 2753 2942 2775 ,
2974 2710 3258 2766 Romamn.
3290 2713 3348 2768 ln
3381 2712 3490 2770 Cc-

1887 2801 2039 2867 tulia,
2065 2801 2262 2856 natalis
2288 2812 2599 2858 sanctorum
2634 2801 2844 2871 Emeli,
2882 2802 3081 2875 Baseli,
3116 2805 3485 2879 Praetextata;

1892 2893 2130 2961 Basilize,
2162 2894 2452 2950 Parthimi.

1961 3002 2055 3042 xm
2090 2986 2198 3041 kal.
2232 2985 2361 3042 Jun.
2384 2987 2443 3045 In
2469 2987 2684 3054 Africa,
2720 2990 2920 3046 natalis
2955 2999 3272 3048 sanctorum
3303 2993 3492 3050 Victo.

261 3099 318 3138 ιιι
344 3085 464 3139 idus
513 3083 666 3138 Maii.
718 3083 776 3138 lu
819 3082 1150 3140 Alexandria
1174 3123 1191 3150 ,
1238 3082 1432 3138 natalis
1473 3091 1783 3138 sanctorum
1811 3114 1857 3178 Ο
1892 3079 2005 3146 τίω,
2041 3079 2405 3148 Marcellosaa,
2432 3079 2623 3137 Salsaa.
2656 3081 2864 3151 Roma},
2900 3085 2983 3138 via
3012 3085 3242 3150 Salaria,
3275 3085 3493 3142 Basilis-

193 3175 448 3233 Afrodisii
471 3217 486 3242 ,
518 3176 770 3246 Agrippae
792 3219 806 3242 ,
849 3175 1030 3232 Savini
1052 3218 1066 3242 ,
1112 3175 1248 3230 Grifi
1277 3220 1291 3244 ,
1325 3175 1516 3242 Lucii,
1543 3173 1784 3246 Cyrillae,

188 3269 451 3338 Cridulae,
479 3285 604 3325 cum
634 3269 756 3324 aliis
785 3269 1018 3335 duobus,
1048 3269 1255 3324 Juvini.
1285 3269 1528 3342 Trajecto
1551 3279 1702 3339 porto
1734 3271 1787 3322 in

193 3364 398 3429 Gallia,
433 3363 688 3434 depositio
719 3365 883 3418 sancti
923 3364 1158 3419 Servacii
1195 3364 1421 3435 episcopi
1450 3375 1498 3418 et
1529 3364 1790 3434 confesso-

191 3460 282 3513 ris.
319 3457 378 3512 In
427 3457 746 3524 Palaestina,
792 3457 980 3512 Taraci
1005 3498 1020 3522 ,
1069 3457 1263 3524 Probi,
1296 3466 1352 3513 et
1380 3456 1697 3512 Andronici.
1729 3455 1788 3511 In

193 3551 482 3616 Polentia,
534 3551 716 3620 passio
761 3551 934 3606 sancti
982 3550 1218 3606 Victoris
1272 3558 1333 3608 et
1376 3550 1680 3607 Saturnini.
1731 3552 1790 3606 lu

198 3643 550 3709 Alexandria,
579 3644 854 3715 Agrippa},
885 3645 1056 3712 Veris,
1083 3646 1296 3718 Cyrilli,
1324 3646 1528 3713 Savini,
1552 3646 1788 3713 Maximi,

199 3733 401 3792 Credili
426 3775 443 3803 ,
477 3735 649 3806 Gagi,‘,
684 3745 738 3792 et
769 3736 1036 3808 depositio
1075 3737 1384 3810 Sebastiani
1421 3739 1684 3808 episcopi.
1727 3736 1792 3792 In

199 3831 402 3885 civitate
443 3829 774 3886 Autisiodero
802 3873 817 3898 ,
862 3831 1150 3903 depositio,
1203 3842 1250 3887 et
1301 3831 1585 3888 translatio
1625 3832 1795 3886 sancti

203 3921 535 3978 Marcelliani
562 3924 812 3997 episcopi.

273 4015 460 4071 Pridie
485 4015 603 4070 idus
649 4014 801 4070 Maii.
827 4015 886 4072 In
915 4015 1072 4088 Syria
1101 4058 1116 4084 ,
1155 4016 1421 4082 Victoris,
1453 4022 1509 4072 et
1543 4013 1793 4084 Coronae,

201 4109 293 4180 qui
326 4108 493 4164 simul
523 4109 668 4179 passi
693 4119 842 4165 sunt.
876 4110 933 4165 In
959 4109 1140 4165 Africa
1169 4109 1364 4165 natalis
1393 4110 1564 4165 sancti
1594 4109 1800 4165 Secun-

202 4201 370 4268 diani,
397 4202 610 4273 Quarti,
634 4201 956 4270 Victoriani,
991 4201 1260 4272 Januarii,
1293 4201 1534 4271 Medion,
1559 4201 1800 4258 Alexan-

202 4293 308 4363 dri,
336 4293 645 4362 Afraniani,
673 4294 975 4363 Maximini,
1019 4294 1262 4363 Proculi,
1295 4294 1522 4351 Audacti
1549 4337 1564 4362 ,
1614 4295 1799 4351 Adeo-

206 4386 340 4443 dati.
371 4386 433 4442 In
461 4385 612 4456 Asia,
646 4386 823 4443 sancti
854 4385 1153 4443 Maximini.
1182 4387 1511 4456 Mediolano,
1539 4385 1797 4453 Victoris,

1893 3193 1992 3243 sai,
2021 3177 2180 3232 Aurei
2202 3218 2217 3244 ,
2255 3176 2491 3246 Nustiaa,
2542 3177 2772 3234 Nemavi
2803 3223 2817 3247 ,
2854 3179 3080 3236 Baudeli
3113 3181 3390 3252 martyris.
3425 3183 3493 3237 Et

1891 3270 2023 3325 alibi
2055 3269 2249 3324 natalis
2279 3277 2592 3326 sanctorum
2628 3285 3037 3340 germanorum,
3065 3271 3338 3339 Cervasii,
3363 3271 3496 3328 Pro-

1892 3361 2035 3430 tasii,
2070 3370 2126 3418 et
2160 3361 2431 3432 depositio
2456 3361 2656 3415 Vellesi
2681 3370 2735 3415 et
2769 3361 2955 3416 Fausti
2991 3363 3394 3433 episcoporum.

1967 3472 2043 3511 xu
2065 3456 2172 3511 ttat.
2210 3457 2340 3510 Jun.
2365 3455 2421 3509 In
2441 3454 2785 3523 Mauritania,
2807 3455 3102 3523 Timothei,
3121 3456 3266 3526 Poli,
3291 3460 3492 3533 Eutiei,

1897 3548 2134 3604 diaconi.
2169 3549 2226 3603 In
2268 3547 2556 3603 Provincia
2602 3547 2836 3602 Caesaria
2861 3588 2877 3615 ,
2924 3548 3113 3618 Epoli,
3147 3551 3322 3606 Eutici
3350 3594 3366 3620 ,
3399 3553 3496 3608 Jo-

1894 3642 2080 3697 cundi.
2138 3640 2196 3694 In
2252 3639 2478 3705 Africa,
2538 3639 2737 3695 natalis
2789 3649 3103 3696 sanctorum
3173 3643 3494 3715 Maurellaa,

1894 3731 2099 3801 Quinti,
2129 3731 2375 3798 Primnli,
2408 3731 2633 3799 Salusti,
2678 3731 2994 3800 Fortunati,
3025 3733 3234 3791 Nirilla:
3256 3778 3271 3804 ,
3308 3737 3497 3794 Primi.

1896 3826 1955 3882 ln
1982 3824 2225 3884 Caesaria
2252 3824 2641 3896 Cappadociae,
2668 3824 2932 3882 Polieucti
2956 3869 2969 3894 ,
3012 3825 3246 3897 Victuri,
3280 3831 3499 3902 Donati,

1898 3921 2103 3989 Quinti.
2139 3921 2195 3977 ln
2230 3921 2545 3987 Britannia,
2589 3920 2784 3977 natalis
2831 3921 3106 3980 Timothei
3152 3925 3388 3983 diaconi.
3438 3930 3504 3984 Et

1901 4015 2030 4070 alibi
2057 4013 2294 4069 Matthxi
2326 4013 2577 4084 apostoli.
2607 4013 2665 4068 lu
2690 4012 2914 4070 civitate
2935 4015 3303 4086 Autisiodero,
3332 4019 3502 4088 depo-

1901 4108 2026 4164 sitio
2057 4107 2199 4162 beati
2232 4105 2380 4161 Valis
2408 4105 2735 4176 presbyteri,
2768 4116 2822 4161 et
2851 4106 3207 4163 confessoris.

1973 4217 2028 4256 xt
2066 4201 2170 4256 Ital.
2215 4198 2344 4254 Jun.
2387 4199 2607 4269 Romae,
2638 4201 2834 4256 natalis
2873 4211 3188 4258 sanctorum
3233 4199 3503 4270 Faustini,

1902 4293 2214 4360 Timothei,
2249 4293 2508 4360 Venusti,
2554 4290 2726 4360 Casti,
2782 4292 2983 4361 Etnili,
3046 4291 3231 4361 Gotti,
3286 4292 3504 4364 Rogati,

1905 4386 2171 4452 Maxenti,
2203 4386 2426 4452 Felicis,
2465 4384 2745 4453 Januarii,
2781 4385 3059 4451 Concessi,
3095 4386 3299 4454 Albini,
3329 4384 3508 4456 Roga-

203 4481 469 4551 Timoris,
493 4481 716 4550 Felicis,
742 4481 977 4549 Rustici,
1011 4491 1066 4537 et
1091 4492 1402 4537 sanctorum
1433 4490 1799 4537 trecentorum
1828 4504 1884 4564 Ι)
1910 4481 2063 4537 tiani.
2107 4481 2240 4536 Item
2295 4479 2464 4539 Casti.
2510 4479 2642 4535 ltcm
2693 4479 2886 4536 Plassi.
2940 4481 2998 4535 In
3041 4481 3261 4536 Corsica
3305 4483 3504 4552 insula,

208 4582 444 4644 quatuor
473 4581 768 4645 martyrum
792 4612 807 4639 ,
841 4573 932 4644 qui
974 4587 1099 4628 cum
1132 4572 1191 4629 S.
1219 4573 1446 4644 Cyriaco
1477 4572 1623 4644 passi
1653 4579 1800 4627 sunt.

209 4667 476 4736 Arvernis,
509 4665 766 4720 dedicatio
794 4666 1025 4722 ecclesia:
1052 4665 1114 4720 S.
1147 4665 1426 4736 Agriculw.

279 4757 412 4813 Idus
452 4755 606 4812 Maii.
635 4757 692 4812 in
723 4757 971 4829 Syrmia,
1021 4756 1328 4826 Timothei,
1351 4766 1406 4813 et
1435 4757 1564 4813 alibi
1595 4764 1804 4828 septem

214 4851 530 4922 virginum,
583 4850 906 4916 Alexandri,
961 4849 1156 4921 Digni,
1208 4847 1385 4904 Chr...
1427 4849 1488 4904 ln
1534 4850 1804 4920 Sardinia,

217 4943 504 5015 Simplicii.
538 4942 597 4999 In
631 4954 789 5013 portu
817 4943 1100 5010 Romano,
1151 4942 1516 5010 Prtestabilis,
1552 4943 1806 5012 Victoris,

215 5035 415 5107 Cyrici,
443 5035 590 5102 Jani,
619 5036 819 5092 Eracli.
855 5035 1177 5102 Mediolano,
1197 5034 1454 5090 Victoris.
1485 5035 1808 5105 Lampsaco,

219 5128 396 5197 passio
435 5137 755 5184 sanctorum
801 5128 946 5184 Petri
985 5137 1040 5183 et
1070 5127 1305 5182 Andreaz
1331 5171 1346 5196 ,
1380 5127 1567 5197 Pauli,
1599 5135 1656 5183 et
1687 5129 1812 5183 Dio-

218 5223 382 5294 nysii,
415 5221 568 5278 Julii.
599 5222 984 5294 Augustiduno,
1016 5220 1188 5276 Retici
1209 5221 1460 5293 episcopi.

286 5329 399 5370 xvu
424 5313 532 5370 kal.
553 5313 721 5369 Junii.
751 5313 809 5369 In
831 5314 1040 5369 Isauria
1063 5322 1374 5369 sanctorum
1398 5312 1659 5384 Aquilini,
1686 5313 1814 5369 Vic-

217 5408 418 5465 toriani
439 5452 454 5476 ,
488 5407 725 5464 Heraclii
755 5453 769 5476 ,
802 5407 1042 5472 Paulini,
1080 5407 1349 5462 Minermi.
1387 5405 1444 5462 ln
1477 5406 1695 5463 civitate
1720 5406 1816 5461 Pi-

215 5516 380 5569 ceno,
405 5502 659 5567 Ausomi,
687 5501 972 5566 Florentii,
999 5500 1338 5566 Diocletiani,
1363 5499 1625 5565 Meminii,
1649 5498 1814 5554 Justi.

218 5592 278 5651 In
311 5596 538 5652 civitate
589 5593 802 5665 Epheso
829 5636 843 5658 ,
897 5592 1176 5664 Mengenis
1202 5636 1216 5659 ,
1255 5591 1448 5648 Gaioni
1478 5638 1492 5660 ,
1523 5591 1723 5647 Juvini.
1758 5593 1816 5646 ln

222 5687 454 5744 civitate
471 5684 765 5750 Corthosa,
792 5685 1084 5752 Vincentii,
1111 5682 1390 5750 Nideruni,
1413 5684 1614 5748 Hereli,
1639 5684 1816 5751 Pauli,

219 5777 438 5850 Mineri,
472 5780 679 5851 Aquili.
719 5777 853 5834 Item
887 5777 1071 5845 Pauli,
1105 5776 1345 5848 Monorgi
1368 5817 1383 5846 ,
1417 5776 1536 5835 Gai.
1569 5775 1630 5833 lu
1661 5776 1817 5834 Auti-

533 5872 818 5937 Pnnoa.
866 5867 1080 5932 XXX.
1159 5938 1166 5948 _

1909 4573 2091 4643 passio
2149 4572 2207 4629 S.
2253 4571 2411 4628 Julia:
2444 4571 2669 4641 virginis
2718 4577 2776 4626 et
2824 4572 3100 4642 martyris.
3171 4572 3226 4628 ln
3273 4571 3510 4630 Caesaria

1909 4666 2287 4738 Cappadocia,
2322 4665 2520 4721 natalis
2550 4664 2608 4720 S.
2647 4664 2898 4720 Poliocti.

1982 4775 2015 4816 x
2053 4760 2159 4817 kal.
2205 4760 2336 4815 Jun.
2380 4758 2622 4830 Spanis,
2671 4757 2868 4812 natalis
2914 4765 3228 4813 sanctorum
3264 4759 3508 4832 Epictiti,

1911 4854 2155 4925 Aptonii,
2186 4853 2372 4908 Basilii
2404 4852 2670 4923 episcopi.
2714 4852 2848 4908 Item
2888 4851 3133 4922 Aptonii,
3169 4851 3419 4913 Jocundi.
3451 4859 3512 4915 ln

1911 4945 2115 5012 Africa,
2151 4943 2356 5011 Quinti,
2388 4944 2554 5011 Luci,
2589 4952 2644 5000 et
2671 4944 2854 5013 passio
2891 4944 3065 4999 sancti
3095 4945 3364 5004 Desiderii
3397 4953 3512 5022 epi-

1913 5037 2088 5106 scopi,
2122 5035 2340 5102 Juliani,
2363 5033 2586 5098 Felicis,
2629 5035 2920 5100 Montanaz,
2944 5034 3237 5105 Januarize,
3271 5039 3509 5110 Emiliaa,

1914 5129 2142 5197 Nonum,
2177 5128 2508 5196 Alemeridi,
2539 5128 2703 5193 Asti,
2738 5127 2933 5182 Basilei
2963 5129 3240 5202 Episcopi,
3280 5134 3512 5206 Victuri,

1915 5223 2109 5292 Firmi,
2153 5222 2440 5290 Montani,
2469 5221 2694 5291 Juliani,
2722 5221 2985 5279 Victurici
3011 5267 3027 5292 ,
3061 5225 3256 5292 Fideli,
3293 5229 3514 5300 Donati,

1915 5316 2105 5385 Nicias,
2140 5317 2365 5383 Fausti,
2399 5315 2693 5382 Timothei,
2738 5315 2977 5383 Silvani,
3023 5317 3176 5373 Foci.
3218 5317 3284 5374 In
3316 5321 3521 5379 civitate

1920 5410 2269 5476 Autisiodero,
2297 5409 2548 5480 depositio
2576 5416 2624 5462 et
2651 5408 2925 5464 translatio
2948 5407 3010 5465 S.
3041 5408 3256 5464 Helena:
3279 5413 3517 5485 virginis.

1994 5519 2054 5559 ιι
2097 5502 2200 5556 kal.
2240 5499 2369 5554 Jun.
2422 5502 2481 5556 In
2526 5499 2762 5568 llistria,
2811 5501 3008 5556 natalis
3062 5510 3375 5560 sanctorum
3421 5505 3523 5564 Ze-

1929 5595 2084 5660 bclli,
2120 5592 2340 5648 Servuli
2368 5635 2383 5660 ,
2416 5591 2741 5649 Secundini.
2773 5593 2830 5647 ln
2880 5594 3060 5649 Africa
3084 5635 3098 5660 ,
3131 5595 3324 5651 natalis
3353 5601 3527 5656 sancti

1925 5685 2247 5751 Saturnini,
2278 5695 2334 5741 et
2373 5686 2605 5741 aliorum
2639 5703 2732 5743 sex
2764 5696 3089 5758 martyrum.
3121 5686 3178 5742 In
3222 5697 3379 5759 portu
3421 5692 3529 5749 Ro-

1925 5793 2107 5850 mano,
2142 5778 2341 5839 natalis
2366 5779 2539 5838 sancti
2571 5780 2864 5844 Vincentii.
2892 5782 2949 5841 ln
2985 5783 3142 5857 Syria
3165 5824 3182 5851 ,
3213 5782 3389 5858 Zoeli,
3422 5788 3526 5848 Sa-

3152 5876 3228 5939 15
