4048 6290
535 230 646 292 463

1579 229 1637 291 8.
1681 223 2063 285 HIERONYMI
2104 218 2387 286 OPERUM
2428 220 2795 286 MANTISSA.

3735 225 3842 287 464

614 354 749 411 Idus
775 351 903 411 Jun.
935 353 994 410 in
1024 349 1228 418 Africa,
1255 348 1498 416 aniani,
1530 349 1837 411 Fortunati,
1868 347 2137 403 Crescen-
2163 346 2219 408 Δ
2244 345 2366 401 aliis
2396 344 2580 417 viginti
2622 338 3284 417 duobus,'Augustiduno,’
3306 338 3562 415 depositio
3594 341 3658 400 S.
3695 341 3841 401 Sim-

544 448 705 514 tiani,
734 457 788 503 et
812 446 987 502 Teclm
1016 440 1265 513 virginis.
1300 441 1358 496 in
1401 440 1648 509 Persida,
1683 438 1885 494 natalis
1911 438 1969 492 S.
2001 438 2141 491 Bar-

545 541 818 595 tltolomtei
844 534 1095 604 apostoli.
1120 534 1307 589 Romze
1330 532 1583 588 milliario
1605 531 1860 602 septimo,
1886 526 2137 595 Feliculi,

542 633 803 697 Januarii,
836 628 1063 685 Silvani.

619 738 749 777 xvm
789 720 893 776 kal.
936 717 1130 773 Julias.
1172 716 1231 772 In
1268 716 1424 789 papia
1466 715 1706 784 civitate,
1740 713 1937 769 natalis
1965 711 2140 768 sancti

545 814 823 886 Antigoni,
868 812 1003 868 Afri.
1050 812 1109 868 In
1146 812 1350 879 Africa,
1383 809 1689 879 Quintiani,
1720 807 2005 873 'lhcodoli,
2039 806 2143 861 Fe-

543 912 720 978 stivm,
749 907 1120 973 Cancianilltzc,
1150 914 1204 961 et
1243 904 1524 961 Canciani.
1555 903 1612 957 In
1646 902 1914 974 Aquileia,
1947 901 2141 956 natalis

539 1002 599 1058 8.
632 1000 804 1067 Proti,
837 999 1088 1056 Jacincti.
1111 998 1426 1055 Suessionis
1449 998 1690 1063 civitate,
1716 997 1898 1067 passio
1925 1004 2141 1051 sancto-

540 1112 659 1151 rnm
688 1093 869 1149 Ruﬁni
900 1106 953 1149 et
992 1093 1166 1149 Valeri
1200 1103 1523 1163 martyrum.
1559 1092 1625 1145 In
1662 1092 1863 1145 civitate
1896 1090 2140 1145 Aurelia-

539 1189 647 1252 nis,
673 1186 944 1241 translatio
968 1186 1201 1257 corporis
1228 1186 1290 1241 S.
1322 1185 1508 1239 Aniani
1533 1184 1779 1257 episcopi.

613 1295 723 1335 xvtt
768 1278 871 1333 kal.
918 1277 1031 1332 Jul.
1077 1279 1131 1333 ln
1182 1278 1500 1343 Dorostoro,
1544 1277 1737 1331 natalis
1767 1275 1939 1331 sancti
1971 1273 2139 1342 Ysici,

541 1373 766 1441 Felicis,
804 1372 961 1444 Lupi.
990 1372 1044 1427 In
1081 1371 1344 1442 Aquileia,
1381 1370 1653 1438 Cantiani,
1686 1370 1858 1435 Preti,
1892 1369 2143 1425 Clemen—

540 1468 633 1522 tis.
668 1466 723 1521 ιη
756 1464 1251 1533 ConstantinOpoli,
1288 1464 1483 1517 natalis
1515 1471 1826 1517 sanctorum
1857 1460 2010 1525 Nuci,
2042 1460 2142 1515 Mi-

538 1559 696 1626 getiae
721 1574 749 1614 e
771 1558 1011 1628 Mingini.
1038 1558 1093 1612 ln
1119 1559 1336 1611 civitate
1357 1554 1635 1623 Barbaria,
1662 1553 1877 1622 Gaiani,
1901 1551 2137 1619 Joviani,

540 1650 875 1721 PhilippiJn
906 1648 1165 1718 Lucania,
1194 1647 1325 1716 Viti,
1351 1645 1601 1714 Candidi,
1629 1644 2142 1711 Cantiani,Cantia-

2246 438 2390 510 plicii
2418 437 2668 510 episcOpi.

2314 547 2387 585 vn
2409 530 2513 585 kal.
2536 528 2647 584 Jul.
2673 529 3078 598 Thessalonica,
3107 527 3377 595 Lanitani,
3399 528 3837 601 Thesaulonicar,

2246 623 2438 697 Bigati,
2470 640 2877 696 germanorum,
2908 623 3119 679 aneiae
3146 622 3392 694 virginis,
3428 633 3483 680 et
3513 623 3736 680 Auceite
3758 639 3843 682 re-

2243 719 2345 788 gis.
2372 717 2571 774 Eodem
2612 715 2701 773 die
2724 759 2739 786 ,
2763 716 2962 773 natalis
2986 715 3162 787 Vigilii
3184 716 3439 788 martyris
3457 758 3471 783 ,
3494 724 3551 774 et
3570 717 3841 775 sociorum

2244 824 2380 879 (’JllS.

2315 916 2367 957 vr
2406 902 2510 956 Ital.
2551 899 2665 957 Jul.
2709 900 2921 969 Romae,
2961 899 3211 969 Joannis,
3242 910 3296 957 et
3332 901 3509 958 Pauli.
3544 901 3602 959 In
3634 901 3838 973 Africa,

2244 993 2571 1062 Gaudentii,
2631 994 2847 1062 Felicis,
2894 993 3138 1065 Agapiti,
3181 993 3462 1050 Emeritte.
3506 994 3565 1051 In
3609 995 3843 1052 Alexan-

2243 1086 2382 1157 dria,
2415 1087 2706 1158 Agalltoni,
2743 1128 2757 1143 .
2795 1129 2808 1140 .
2846 1127 2861 1140 .
2900 1129 2914 1144 .
2946 1086 3098 1143 iceite
3124 1086 3369 1157 virginis,
3405 1095 3460 1143 et
3487 1086 3768 1160 Diogenis.

2316 1199 2348 1238 v
2388 1182 2497 1237 kal.
2537 1181 2653 1239 Jul.
2687 1183 2892 1249 Romze,
2932 1182 3184 1239 milliaria
3217 1197 3384 1250 nono,
3413 1180 3613 1254 Crispi,
3639 1179 3839 1254 Crispi-

2244 1275 2416 1343 niani,
2444 1274 2664 1343 Felicis,
2694 1274 2977 1345 Spinellze,
3006 1284 3061 1331 et
3096 1283 3303 1347 septem
3346 1289 3754 1347 germanorum.
3784 1274 3838 1330 In

2244 1369 2521 1439 "iSpattia,
2565 1367 2898 1437 Crescentis,
2936 1367 3158 1437 Juliani,
3193 1408 3209 1424 .
3246 1410 3260 1424 .
3298 1410 3313 1423 .
3348 1370 3508 1435 inesi,
3540 1366 3839 1434 Primitivi,

2243 1464 2465 1531 Justini,
2489 1462 2735 1529 Tactbci,
2759 1462 3007 1534 Eugenii,
3030 1462 3338 1533 Novatiani,
3361 1461 3680 1529 Clementis,
3703 1460 3843 1516 Mar-

2244 1557 2423 1612 cellini
2447 1597 2460 1623 ,
2493 1555 2721 1611 Zcbdini
2742 1596 2757 1622 ,
2787 1554 2982 1611 Felicis
3004 1596 3020 1622 ,
3055 1555 3301 1621 llinusti,
3330 1553 3542 1621 Zoenii,
3575 1551 3841 1619 Marcelli,

2244 1646 2469 1719 Italica),
2502 1648 2665 1714 Lelii,
2694 1646 2993 1719 Capitonis,
3031 1687 3045 1702 .
3079 1686 3094 1701 .
3129 1686 3144 1711 ρ
3180 1687 3193 1702 .
3229 1646 3299 1702 ini
3331 1644 3573 1713 Tuecbii,
3603 1644 3842 1701 Silvani.

537 1743 704 1809 nillte,
749 1743 917 1811 Pt'oti,
960 1740 1199 1805 Grisoni,
1249 1741 1477 1807 Arteon,
1520 1738 1816 1805 Quintiani,
1845 1735 2135 1806 Tbeodoli,
2168 1738 2215 1799 B
2246 1739 2449 1796 Eodem
2479 1739 2590 1806 die,
2633 1739 2828 1795 natalis
2872 1749 3181 1795 sanctorum
3215 1748 3544 1811 martyrum,
3577 1736 3717 1793 Justi
3739 1777 3757 1804 ,
3787 1742 3845 1791 et

534 1833 788 1900 Jocundi,
817 1833 988 1889 Silvii.
1022 1832 1079 1887 ln
1118 1831 1378 1897 Lucania,
1423 1829 1617 1885 natalis
1660 1839 1970 1885 sanctorum
2004 1828 2136 1898 Viti,

538 1926 788 1994 Modesti,
823 1924 1172 1982 Crescentis).

612 2035 701 2074 xvi
740 2018 846 2070 Iul.
885 2014 999 2069 Jul.
1032 2015 1089 2069 ln
1120 2013 1324 2082 Africa,
1373 2014 1568 2069 natalis
1594 2023 1904 2070 sanctorum
1939 2015 2140 2087 Dioge-

539 2112 645 2178 nis,
680 2110 848 2174 Micae,
894 2106 1145 2174 Valeriae,
1190 2106 1416 2162 Martia).
1458 2106 1514 2163 ιιι
1548 2108 1729 2165 Sicilia
1760 2108 2008 2176 civitate,
2042 2109 2143 2165 Sa-

535 2203 759 2273 turnini,
790 2200 1013 2257 Cendei.
1060 2199 1119 2255 In
1157 2200 1469 2269 Antiochia,
1509 2202 1709 2273 Cyrici,
1753 2202 1912 2257 Julite
1955 2201 2141 2258 matris

537 2299 678 2369 ejus,
711 2305 767 2353 et
796 2311 919 2352 cum
951 2297 1029 2351 cis
1060 2296 1582 2366 quadringentorum
1616 2306 1937 2367 martyrum.
1968 2293 2036 2350 In
2066 2296 2140 2349 ci-

535 2391 693 2445 vitate
732 2389 1027 2457 Namnetis,
1061 2386 1253 2442 natalis
1285 2389 1348 2443 S.
1382 2388 1669 2445 Similiani.

607 2501 675 2538 xv
698 2482 805 2537 kal.
829 2480 942 2536 Jul.
971 2483 1176 2549 Romae,
1202 2481 1461 2549 Qniriaci,
1488 2480 1676 2547 Blasti,
1702 2480 1973 2537 Nicandri.
2001 2482 2143 2537 Ene-

536 2577 822 2641 tlorosloli,
845 2577 990 2642 lsici,
1016 2576 1244 2646 Aquilm,
1266 2575 1443 2645 Canti,
1470 2575 1737 2642 Cantiani,
1764 2575 2138 2645 Cantianella},

542 2672 716 2727 Proti.
764 2669 1138 2736 Alexandriae,
1181 2667 1451 2736 Dioscori,
1493 2677 1547 2724 et
1590 2668 1781 2722 Marini
1813 2676 2140 2738 martyrum,

533 2762 725 2817 Roma:
759 2801 771 2815 .
817 2800 833 2815 .
881 2802 895 2816 .
943 2800 956 2813 .
1005 2801 1016 2813 .
1052 2760 1229 2829 ogcni,
1264 2761 1531 2831 Aquileia,
1562 2760 1758 2832 Cyr-iw,
1784 2760 2001 2823 Musca),
2032 2760 2139 2814 Va-

534 2852 751 2917 leriani,
776 2850 977 2905 Marias.
1009 2849 1075 2905 In
1108 2851 1399 2905 Aurelianis
1429 2852 1652 2918 civitate,
1681 2852 1816 2906 Aviti
1837 2852 2140 2923 presbyteri.

611 2961 704 2999 xxv
745 2942 852 2997 kal.
895 2941 1011 2997 Jul.
1062 2942 1117 2997 In
1160 2944 1370 3010 Africa,
1409 2944 1636 3011 Martiae,
1679 2945 1875 3009 Emeli,
1920 2944 2139 3000 Felicis.

537 3039 749 3103 Romte,
784 3035 971 3101 Marci,
1020 3035 1370 3105 Marcelliani,
1402 3077 1416 3090 .
1454 3074 1467 3089 .
1505 3079 1517 3091 .
1557 3076 1571 3089 .
1610 3078 1623 3092 .
1659 3076 1671 3090 .
1701 3036 1875 3100 Pauli,
1905 3036 2138 3107 Cyriaci.

2256 1832 2555 1889 Clementis
2584 1841 2748 1901 atque
2785 1831 3063 1888 Octaviani
3096 1832 3385 1903 pontiﬁcis.
3422 1830 3713 1896 Ambianis,
3749 1827 3843 1884 In-

2241 1929 2407 1984 ventio
2433 1937 2729 1982 sanctorum
2758 1943 3032 1999 corporum
3074 1926 3326 1981 Fusciani
3343 1969 3358 1992 ,
3395 1924 3666 1995 Victorici,
3695 1934 3843 1995 atque

2244 2020 2486 2076 Gentiani
2514 2029 2826 2091 martyrum.
2859 2018 2958 2075 Oia
2984 2020 3183 2089 insula,
3215 2018 3493 2074 translatio
3521 2017 3757 2089 corporis
3778 2015 3838 2072 S.

2244 2114 2526 2170 Florentii.

2316 2222 2369 2260 tv
2389 2206 2492 2261 kal.
2517 2204 2630 2260 Jul.
2658 2205 2715 2261 In
2742 2205 2947 2275 Africa,
2968 2205 3215 2276 Sabiani,
3240 2205 3463 2275 Felicis,
3491 2204 3709 2278 Elaplti,
3740 2203 3838 2261 Ve-

2246 2298 2413 2365 nusti,
2436 2298 3033 2367 Eunuchi,‘Crescenti,
3064 2298 3384 2365 Alexandri,
3415 2297 3651 2367 Theoni,
3686 2296 3841 2352 Ario-

2250 2392 2364 2456 nis,
2397 2391 2637 2458 Ploenis,
2668 2392 2890 2458 Astetri,
2923 2391 3199 2463 Apolloni,
3227 2389 3617 2462 Ampltimonii,
3655 2389 3840 2444 Philo-

2244 2482 2363 2550 sisi,
2398 2482 2596 2549 Melvii,
2632 2482 2893 2555 Dionysii,
2931 2524 2944 2538 .
2968 2524 2982 2539 .
3007 2525 3020 2538 .
3044 2525 3057 2538 .
3090 2500 3249 2553 unus,
3285 2484 3526 2552 Pannus,
3558 2482 3835 2553 Plebicns,

2246 2573 2510 2636 Dioscori,
2545 2574 2785 2640 Tribani,
2817 2574 3131 2646 Capitulini,
3157 2576 3324 2644 Niem,
3347 2574 3595 2631 Gurdini.
3629 2574 3689 2629 In
3716 2573 3843 2630 Ale-

2244 2669 2815 2735 xandria,sanctorum
2844 2669 3055 2737 Sereni,
3078 2669 3370 2735 Theodori,
3400 2668 3636 2737 Pastusi,
3662 2667 3840 2737 Titiri,

2253 2762 2587 2834 Dionysium,
2618 2762 2866 2827 Passimi,
2901 2763 3117 2830 Plesici,
3150 2802 3164 2816 .
3192 2802 3207 2819 .
3232 2802 3247 2817 .
3271 2801 3285 2815 .
3316 2774 3471 2828 astte,
3505 2760 3843 2830 Ambeniari,

2246 2854 2487 2910 Dioscori
2508 2900 2521 2924 ,
2550 2853 2748 2920 Orion,
2780 2854 2993 2910 Treban
3016 2899 3031 2925 ,
3064 2853 3332 2925 Captulini
3354 2894 3369 2920 ,
3402 2852 3593 2921 Orion,
3623 2852 3838 2919 Seneri,

2243 2946 2514 3015 Plntarci,
2561 2947 2792 3004 llerenei
2839 2948 3111 3017 episcopi,
3143 2946 3391 3012 Ileracli,
3428 2947 3616 3002 Heroti
3641 2988 3657 3013 ,
3686 2944 3845 3001 Pota-

2246 3042 2413 3110 mini,
2459 3042 2732 3109 Marcelli,
2776 3041 3020 3106 Basilidi,
3062 3040 3311 3106 Leonidi,
3358 3040 3644 3111 Pamboni,
3691 3038 3842 3109 Orio,

536 3132 818 3200 Ravenna,
846 3131 1038 3186 natalis
1064 3138 1373 3185 sanctorum
1399 3129 1914 3195 Martberi,Felicis,
1942 3129 2138 3197 Emeli,
2170 3118 2216 3182 C
2248 3133 2516 3188 Panuberi
2539 3176 2553 3199 ,
2585 3134 2800 3199 Tilinm,
2841 3133 3123 3201 Nonn‘icze,
3157 3133 3358 3203 Sinidi,
3404 3133 3668 3201 Memmii,
3714 3131 3841 3188 Juli.

536 3224 791 3295 CriSpini.
847 3224 906 3279 In
963 3221 1324 3288 Alexandria,
1386 3220 1580 3276 natalis
1636 3229 1837 3277 sanctae
1896 3222 2137 3291 Marinus,

538 3319 773 3376 Theoni.

610 3429 705 3468 ιιιι
732 3413 837 3467 kal.
871 3411 984 3467 Jul.
1020 3409 1076 3465 ln
1112 3409 1420 3466 Mediolano
1440 3408 1680 3476 civitate,
1708 3409 1901 3465 natalis
1923 3418 2139 3466 sancto-

542 3522 660 3560 rum
689 3503 923 3572 Nazarii,
957 3502 1224 3571 Gervasii,
1264 3501 1495 3568 Protasi,
1538 3508 1593 3556 et
1622 3498 1763 3555 Celsi
1794 3500 1967 3570 pueri,
2001 3516 2143 3556 mar-

544 3608 749 3669 tyrum,
779 3594 967 3651 Roma:
991 3596 1287 3668 Hippolyti,
1313 3594 1561 3662 llonorii,
1586 3594 1761 3661 Evoli,
1787 3593 1953 3662 Petri,
1981 3592 2142 3650 Vale-

541 3690 661 3757 rire,
694 3688 954 3753 Marcelli,
1000 3689 1208 3756 Vitalis,
1246 3689 1497 3745 Ursicini.

614 3795 690 3834 xu
730 3778 833 3833 kal.
872 3778 985 3833 Jul.
1032 3779 1087 3835 In
1127 3781 1314 3835 Tomis
1357 3781 1607 3850 civitate,
1656 3783 1843 3852 Pauli,
1891 3783 2139 3856 Cyriaci,

541 3869 753 3935 Paulze,
798 3868 1077 3924 Feliciani.
1123 3870 1377 3941 Thomas,
1422 3872 1648 3941 Felicis,
1688 3875 1884 3947 Emeli,
1927 3876 2139 3945 Vitalis,

541 3964 801 4034 Crispini,
838 3962 1131 4035 Martyrire.

616 4072 672 4111 XI
703 4054 808 4110 kal.
837 4054 950 4109 Jul.
986 4055 1289 4126 Saturnini,
1326 4058 1586 4125 Quiriaci,
1629 4061 1980 4131 Apollinaris,
2016 4061 2142 4118 Bel—

539 4151 652 4218 lici,
692 4192 707 4206 .
742 4189 757 4205 .
793 4190 808 4205 .
847 4190 861 4205 .
890 4149 1119 4212 Crisini,
1156 4149 1343 4205 Primi.
1375 4150 1667 4208 Januarize.
1701 4154 1760 4209 In
1788 4153 2001 4221 Sicilia,
2034 4153 2146 4210 Put-

543 4245 659 4312 iini,
709 4253 765 4300 et
807 4244 1034 4299 Martiae.
1077 4243 1135 4298 In
1169 4243 1407 4300 Caesaria
1451 4246 1836 4317 Cappadociae,
1875 4248 2144 4319 depositio

545 4337 721 4392 sancti
762 4335 986 4391 Eusebii
1030 4336 1295 4407 episcopi,
1330 4336 1615 4408 llipericli,
1657 4339 1987 4410 Saturninze,
2018 4342 2145 4399 Stu-

540 4431 650 4499 tize,
682 4430 898 4487 Ineriae.

2243 3224 2507 3295 Lugdune
2552 3224 2740 3281 Gallia:
2763 3267 2777 3293 ,
2811 3226 3041 3282 Ilerenei
3079 3226 3358 3297 episcopi,
3402 3241 3526 3282 cum
3565 3226 3689 3282 aliis
3724 3240 3841 3295 sex,

2243 3316 2539 3385 Leonidis,
2589 3317 2861 3385 Plutarci,
2908 3318 3136 3387 Sereni,
3177 3318 3542 3389 Pontaminae,
3580 3318 3841 3375 Marcelli.

2243 3410 2445 3473 Romw,
2480 3409 2666 3465 Leonis
2699 3428 2767 3480 pa
2773 3426 2872 3481 pte.

2316 3520 2375 3558 ιιι
2407 3502 2513 3557 kat.
2556 3501 2670 3558 Jul.
2703 3503 2892 3560 Romae
2919 3545 2932 3571 ,
2973 3505 3170 3561 natalis
3212 3511 3529 3560 sanctorum
3565 3502 3754 3574 Petri,
3791 3512 3848 3560 et

2245 3595 2394 3653 Pauli
2436 3598 2844 3668 apostolorum,
2886 3607 2941 3653 et
2980 3599 3213 3655 aliorum
3256 3606 3652 3669 nongentorum
3690 3605 3846 3653 octo-

2244 3690 2389 3761 ginta
2434 3700 2489 3745 et
2523 3701 2733 3762 septem
2777 3700 3097 3763 martyrum.
3128 3690 3198 3746 Et
3239 3689 3505 3746 dedicatio
3534 3687 3845 3760 baptisterii

2245 3783 2475 3855 antiqui.

2316 3879 2499 3935 Pridie
2540 3879 2646 3935 kal.
2693 3877 2808 3935 Jul.
2850 3878 3063 3947 Romae,
3096 3878 3288 3935 natalis
3318 3887 3631 3933 sanctorum
3662 3875 3847 3933 Timo-

2246 3973 2379 4041 thei,
2416 3972 2602 4039 Italiae,
2632 3972 2831 4040 Gelati,
2866 3972 3005 4039 Zoil,
3031 3972 3251 4039 Italicae,
3276 3970 3486 4027 Cursici
3513 3968 3843 4041 presbyteri.

2245 4065 2445 4122 Leonis
2470 4065 2808 4123 subdiaconi.
2840 4066 2897 4122 In
2925 4065 3248 4137 Agrippina,
3276 4063 3510 4129 Asclivi,
3531 4061 3839 4134 Pamphilii,

2245 4158 2586 4229 Lemovicas,
2614 4158 2887 4231 depositio
2918 4157 2976 4215 S.
3008 4157 3272 4214 Martialis
3295 4154 3564 4228 episcopi.

2774 4317 3021 4375 MENSIS
3074 4315 3312 4374 JULIUS

2671 4457 2682 4469 -
2784 4434 2960 4491 liabet
2996 4434 3114 4491 dies
3154 4450 3303 4489 xxxr.

619 4540 650 4578 κ
681 4522 787 4577 kal.
818 4522 931 4578 Ιιιι·
960 4523 1019 4579 In
1051 4522 1692 4593 Antiochia.sanct0rum
1720 4530 2022 4599 Gandalici.
2048 4532 2139 4590 ιιι-
2167 4513 2224 4576 Ῑ)
2318 4549 2449 4607 Kal.
2484 4551 2600 4607 Jul.
2643 4551 2858 4607 Litania
2898 4550 3173 4606 indicitur.
3217 4549 3274 4604 ln
3315 4545 3650 4615 Nicomedia,
3690 4545 3841 4603 Zocli

544 4615 693 4685 liani,
738 4616 928 4688 Grapi,
959 4629 1011 4673 et
1049 4628 1362 4685 sanctorum
1400 4630 1698 4694 martyrum
1741 4636 2139 4697 nongentarum

542 4708 836 4775 tredecim;
869 4725 1097 4781 quorum
1129 4715 1348 4768 nomina
1381 4714 1649 4770 habentur
1679 4718 1730 4771 in
1755 4717 1893 4772 libro
1914 4719 2057 4773 vitte.
2084 4720 2139 4775 ln

542 4800 789 4870 Persida,
820 4804 1015 4859 natalis
1045 4804 1102 4861 S.
1134 4804 1325 4860 Jacobi
1352 4806 1504 4863 Αιιωι
1536 4809 1787 4879 apostoli.
1814 4809 1871 4866 In
1902 4812 2141 4869 Alexan-

547 4896 684 4963 dria,
718 4898 912 4953 natalis
943 4899 999 4954 S.
1048 4899 1168 4954 Rufi
1202 4904 1477 4974 martyris.
1515 4904 1573 4959 ln
1614 4906 1913 4976 Britannia,
1946 4910 2139 4967 Albani

444 5006 453 5012 ·
548 4991 824 5061 martyris,
854 5008 973 5047 cum
1005 4993 1094 5048 alii
1127 4997 1418 5067 nongentis
1448 5001 1786 5071 septuaginta
1815 5012 1867 5059 et
1892 5014 2033 5060 octo.
2070 5002 2138 5060 In

541 5078 684 5134 Nola
721 5083 944 5152 civitate,
988 5087 1176 5141 natalis
1224 5088 1286 5145 S.
1339 5089 1548 5146 Paulini
1582 5094 1809 5167 episCOpi
1844 5106 1890 5149 et
1933 5099 2136 5169 confes-

530 5173 685 5227 soris.
713 5172 779 5227 Et
806 5176 931 5230 alibi
962 5178 1214 5248 depositio
1240 5194 1434 5239 sanctw
1459 5188 1721 5242 memoria:
1748 5188 1921 5245 Niceti
1948 5189 2129 5261 Episc.

606 5283 660 5322 ιχ
689 5266 794 5321 kal.
836 5266 950 5323 Jul.
982 5270 1038 5325 In
1066 5272 1401 5345 Nicomedia,
1435 5279 1601 5346 Aviti,
1632 5279 1897 5349 Cinzami,
1930 5283 2127 5341 Lecto-

527 5361 628 5427 ris,
670 5360 965 5431 Aritionis,
1018 5365 1277 5435 Amirati,
1327 5368 1487 5441 Alici,
1537 5371 1854 5442 Capitonis,
1894 5385 1948 5432 et
1993 5377 2128 5433 alio-

525 5466 645 5507 rum
678 5495 691 5506 .
732 5494 745 5508 .
784 5496 795 5508 .
833 5495 848 5511 .
882 5471 1073 5512 XXVIII.

601 5560 700 5600 vur
737 5546 841 5601 kat.
882 5546 996 5604 Jul.
1041 5550 1100 5605 In
1142 5550 1425 5611 Provincia
1470 5556 1783 5630 Palzestina,
1830 5562 2032 5618 natalis
2063 5561 2125 5619 8.

519 5633 744 5693 Joannis
772 5640 1028 5711 Baptistae
1057 5654 1111 5700 et
1140 5645 1450 5717 Prophetas.
1486 5648 1545 5705 In
1584 5654 1822 5724 Epheso,
1852 5657 1911 5714 S.
1953 5658 2123 5715 Joan-

507 5727 597 5783 nis
628 5735 860 5797 apostoli
890 5737 1262 5811 evangelistae.
1297 5742 1505 5815 Romae,
1540 5745 1712 5820 Festi,
1742 5750 1955 5810 Lucciae
1986 5768 2110 5817 cum

2246 4644 2519 4716 martyris.
2563 4644 2773 4699 Romae.
2815 4641 2935 4698 Gaii
2979 4656 3154 4713 papa},
3193 4650 3248 4696 et
3293 4639 3488 4697 natalis
3527 4648 3840 4695 sanctorum

2245 4737 2461 4794 Lttceite
2490 4737 2739 4809 virginis,
2771 4745 2826 4793 et
2856 4734 3074 4791 Auceize
3104 4734 3270 4806 regis,
3303 4749 3425 4790 cum
3456 4733 3580 4789 aliis
3607 4741 3751 4789 octo.
3785 4731 3844 4787 In

2243 4832 2433 4889 eadem
2478 4832 2613 4888 urbe
2655 4831 2797 4888 Esici
2818 4872 2832 4897 ,
2881 4828 3124 4886 Processi
3155 4872 3170 4897 ,
3202 4828 3425 4884 Mariam
3446 4868 3460 4895 ,
3491 4826 3716 4893 Antoni,
3741 4825 3841 4883 Se-

2243 4926 2386 4992 reni,
2417 4924 2668 4982 Victoris.
2701 4923 2760 4979 In
2788 4922 3200 4993 Mesopotamia,
3225 4921 3377 4976 Zoeli
3403 4936 3529 4976 cum
3560 4919 3683 4975 aliis
3702 4932 3800 4975 sex
3824 4932 3842 4977 :

2249 5017 2416 5074 Orion
2448 5034 2568 5074 cum
2605 5017 2728 5072 aliis
2757 5026 2902 5072 octo.
2936 5015 3007 5070 Et
3036 5015 3265 5070 aliorum
3291 5014 3646 5070 ducentorum
3676 5026 3842 5067 sexa-

2242 5111 2388 5182 ginta
2420 5119 2564 5166 octo.
2605 5107 2662 5164 ln
2695 5106 3001 5175 Antiochia,
3046 5105 3350 5172 Severiani,
3376 5104 3526 5178 _Zeli,
3561 5102 3742 5173 Epasi.
3779 5102 3840 5159 In

2242 5211 2427 5260 monte
2474 5203 2577 5273 0r,
2625 5201 2898 5273 depositio
2927 5201 3110 5257 Aaron
3142 5198 3431 5271 pontiﬁcis.
3464 5198 3525 5252 Et
3558 5194 3841 5266 depositio

2238 5296 2430 5361 Primi,
2462 5294 2613 5350 Ideni
2640 5309 2763 5350 cum
2789 5293 2932 5350 aliis.
2965 5291 3368 5363 Angustiduno,
3393 5287 3665 5357 depositio
3693 5287 3841 5345 beati

2238 5387 2451 5444 Leontii
2489 5387 2751 5458 episcopi.
2782 5386 2842 5442 In
2885 5386 3126 5454 Persida,
3159 5385 3338 5457 passio
3366 5390 3682 5440 sanctorum
3709 5397 3843 5453 apo-

2240 5480 2509 5535 stolorum
2556 5477 2795 5535 Simonis
2837 5475 3151 5544 Chananaei,
3183 5486 3237 5533 et
3263 5474 3415 5531 Judte
3442 5473 3671 5542 Zelotis,
3700 5474 3843 5548 Ego-

2237 5574 2391 5628 lisma
2428 5574 2657 5639 civitate,
2694 5572 2948 5644 depositio
2985 5571 3120 5625 beati
3156 5568 3355 5641 Eparci
3392 5568 3641 5640 episcopi.
3686 5566 3844 5623 Cina-

2233 5668 2475 5722 mannico
2505 5669 2721 5723 Anisola
2756 5666 3092 5736 monasterio,
3132 5663 3386 5734 depositio
3417 5662 3480 5721 S.
3511 5660 3583 5720 P.
3611 5660 3844 5733 Kart'leﬁ

2229 5760 2520 5835 presbyteri
2551 5771 2598 5818 et
2628 5760 2958 5834 confessoris.
