4050 6198
228 194 332 259 485

1318 202 1881 264 VETUSTISSIMUM
1920 202 2447 263 KALENDARIUM.

3420 213 3526 270 466

294 334 346 375 vt
392 336 561 379 nonas
597 321 792 379 Julius.
835 322 1041 392 Romen,
1075 322 1315 389 Damasi,
1345 331 1398 378 et
1425 322 1656 378 militum
1683 323 1818 378 duo—
1849 322 1901 383 A
1924 321 2066 388 soni,
2109 321 2355 389 Eustasi,
2402 320 2609 388 Actavi,
2657 321 2865 379 Aniceti
2895 365 2910 389 ,
2948 324 3246 391 Theodori,
3285 324 3513 394 Christi,

225 425 368 482 rum,
398 414 675 483 Processi,
707 417 1039 480 Martiniani,
1067 416 1291 473 Calesti.
1324 416 1389 470 Et
1420 416 1597 471 natale
1624 414 1820 469 Eutici.

228 507 295 562 Et
323 510 592 581 depositio
617 510 883 567 Meltiadis
906 526 1082 582 papae,
1110 509 1295 565 llisici.
1322 509 1551 573 Amidae,
1577 508 1826 578 Amigra-

221 598 383 670 dinze,
416 602 591 670 Arixi,
620 602 1060 661 Jocuudianillte.
1084 601 1322 659 Turonis
1345 602 1586 671 civitate,
1618 609 1823 657 sanctzc

220 688 596 763 Monegundte.

286 797 323 838 v
361 800 487 839 non.
522 783 637 841 Jul.
684 783 743 840 In
794 785 1000 841 Edessa
1043 784 1485 856 Mesopotamizn,
1528 783 1728 839 natalis
1768 792 1823 839 et

219 875 506 933 translatio
548 878 798 947 corporis
839 878 900 937 S.
943 877 1166 934 Thoma:
1208 878 1465 949 apostoli,
1508 878 1599 948 qui
1631 889 1821 945 passus

219 978 303 1025 est
330 971 381 1025 in
410 970 586 1027 India.
620 971 678 1027 ln
709 972 1079 1037 Alexandria,.
1099 971 1413 1041 Triphonis,
1442 971 1691 1033 Menelai,
1727 968 1817 1023 Ci-

216 1060 422 1131 rionis,
455 1062 667 1134 Cyrilli,
702 1104 715 1117 .
752 1104 765 1118 .
802 1104 817 1117 .
853 1104 864 1114 .
896 1063 1144 1127 forferis,
1175 1063 1357 1132 Aprici
1380 1106 1394 1130 ,
1427 1062 1557 1127 Juli,
1587 1061 1812 1126 Christi,

213 1148 417 1207 Juliani
444 1194 459 1219 ,
488 1154 755 1219 Hecracli,
788 1154 1001 1225 Eologi,
1033 1153 1365 1219 Emerionis,
1396 1152 1665 1223 Cyrionis,
1699 1152 1811 1205 llo-

207 1243 397 1299 reSIis.
429 1244 484 1299 ln
515 1244 709 1310 Tarso,
736 1244 947 1309 Severi,
980 1244 1245 1310 Helionis,
1280 1243 1510 1306 Stracei,
1543 1241 1810 1307 Montani,

207 1334 456 1403 Adriani,
489 1374 503 1387 .
524 1374 538 1387 .
558 1374 572 1387 .
592 1336 713 1403 sici,
738 1334 1017 1403 Germani,
1042 1333 1319 1401 Partheni,
1348 1333 1519 1388 Pauli.
1544 1330 1814 1387 Constan-

209 1428 433 1499 tinopoli
455 1469 469 1493 ,
498 1428 759 1484 Eufemia:
778 1469 793 1493 ,
829 1428 1023 1495 Aeaci,
1054 1427 1366 1494 Ammonis,
1396 1426 1621 1481 Thomtu
1642 1468 1656 1492 ,
1689 1425 1812 1479 Tri-

207 1536 338 1593 pon,
368 1521 617 1588 Menelai,
645 1520 896 1587 Cerialis,
932 1521 1193 1589 Baraclae,
1229 1520 1437 1590 Eologi,
1462 1518 1693 1585 Cinnire,
1718 1518 1812 1573 Ju-

206 1614 365 1681 liani,
408 1615 671 1682 Demetri,
714 1615 983 1681 Horestis,
1027 1613 1332 1678 lleliodori,
1373 1614 1630 1683 Strategi,
1660 1611 1811 1668 Ami-

1923 414 2173 481 Candidi,
2214 414 2498 485 Gmgonii,
2541 416 2777 481 Arcelai,
2816 416 3026 488 Cyrini,
3069 418 3367 482 Eufrodisi.
3412 419 3519 475 Gc-

1925 506 2054 571 Iani,
2079 504 2285 571 Autici,
2318 508 2487 573 Azeli,
2517 506 2760 573 Attenei,
2792 508 2948 579 Gagi,
2978 509 3233 575 Sisionm,
3261 511 3518 577 Auxenti,

1925 596 2219 664 Valentini,
2252 597 2483 663 Droditi,
2511 597 2781 667 Faustasi,
2806 599 3015 660 Aureli,
3042 599 3391 671 Gorgodiani,
3414 602 3518 673 Cy-

1924 690 2065 755 rion,
2093 690 2298 758 Coroli,
2332 690 2563 758 Nostini,
2596 693 2848 759 Sisinnaa,
2878 691 3138 757 Castrini,
3165 696 3432 765 Apolloni.
3463 698 3518 752 ln

1923 784 2232 851 Antiochia,
2268 785 2508 851 Maximi,
2540 786 2769 857 liodogi,
2796 786 3059 854 V’ironici,
3088 787 3389 854 Domninzr,
3414 790 3519 845 Ma-

1923 877 2087 931 xima:
2107 917 2120 943 ,
2154 878 2410 948 Diogenis
2430 920 2444 943 ,
2477 878 2738 947 Machari,
2769 879 3065 946 Timothei,
3096 881 3346 947 Zorchei,
3378 882 3525 949 lsici,

1920 968 2144 1024 Moenis.
2183 970 2238 1023 In
2274 970 2479 1036 Africa,
2511 980 2824 1026 sanctorum
2856 972 3121 1035 Januarii,
3154 973 3395 1037 Marium,
3420 973 3523 1027 Na-

1919 1059 2088 1127 boris,
2118 1070 2168 1115 et
2196 1061 2414 1116 Felicis.
2454 1062 2521 1116 Et
2551 1063 2702 1129 alibi,
2735 1063 2965 1118 militum
2991 1064 3303 1120 duodecim.
3339 1065 3393 1118 lu
3424 1067 3524 1119 Ar-

1916 1151 2118 1213 menia,
2144 1151 2365 1206 civitate
2386 1151 2653 1219 Nic0poli,
2675 1153 2932 1220 Milionis,
2955 1154 3253 1221 Diomedis,
3275 1156 3521 1222 Antonii,

1914 1240 2110 1297 Anitici
2135 1288 2149 1310 ,
2181 1242 2445 1298 Theodoli
2464 1286 2479 1310 ,
2508 1243 2661 1299 Cessi
2680 1287 2694 1309 ,
2724 1244 2914 1301 Gaiani
2936 1290 2949 1315 ,
2984 1247 3217 1315 Clerici,
3248 1246 3479 1304 Sisinna:
3500 1290 3515 1315 ,

1913 1331 2165 1402 Nigdoni,
2199 1333 2490 1402 Theodoti,
2520 1334 2732 1406 Cyrilli.

1987 1444 2020 1482 v
2049 1428 2167 1483 idus
2212 1427 2325 1483 Jul.
2372 1429 2430 1483 In
2462 1428 2645 1485 Africa
2667 1472 2682 1495 ,
2717 1430 2942 1486 Mariani
2972 1474 2987 1497 ,
3018 1441 3073 1487 et
3104 1433 3391 1503 Januarii,
3420 1435 3521 1491 Ju-

1914 1519 2067 1574 liani.
2094 1520 2149 1574 In
2185 1522 2465 1588 Armenia,
2493 1521 2715 1577 civitate
2743 1522 3023 1593 Nicopoli,
3056 1523 3329 1589 Januarii,
3367 1526 3524 1580 Pela-

1913 1612 2035 1682 gize.
2085 1611 2295 1677 Romae,
2339 1620 2652 1667 sanctorum
2687 1612 2987 1684 Stephani,
3022 1615 3268 1680 Leontii,
3315 1617 3517 1671 Mauri-

202 1708 352 1775 nidi,
384 1708 651 1776 Jocundi,
684 1708 908 1781 Martyri
935 1748 951 1775 ,
982 1708 1161 1765 Ammi
1184 1752 1198 1777 ,
1231 1707 1484 1775 Sustrati,
1516 1706 1807 1774 Timothei,
1841 1707 1890 1768 Β
1916 1704 2008 1771 cii,
2060 1704 2273 1769 Domni,
2310 1704 2598 1770 Militonis,
2629 1705 2900 1774 Achillei,
2930 1708 3135 1764 Dauilae
3158 1755 3171 1777 ,
3200 1709 3512 1777 Diomedis,

206 1802 455 1872 ChiOnii,
487 1804 731 1876 Cyriani.

281 1912 336 1952 tv
370 1913 495 1951 non.
526 1894 638 1950 Jul.
676 1896 731 1951 In
760 1895 966 1960 Africa,
998 1893 1322 1950 Jocundiani
1349 1893 1402 1948 in
1432 1893 1601 1947 altum
1634 1892 1807 1957 missi,

197 1995 255 2043 et
286 1988 569 2059 martyris.
595 1988 651 2042 ln
674 1987 905 2059 Syrmia,
931 1986 1189 2052 Sabatia),
1215 1985 1513 2041 Innocentii
1537 2000 1661 2040 cum
1688 1985 1810 2039 aliis

198 2095 314 2135 xIx.
358 2077 427 2133 In
454 2077 631 2133 Gallia
656 2079 895 2144 Turonis,
922 2079 1181 2133 ordinatio
1206 2079 1550 2149 episcopatus,
1576 2076 1809 2147 etltrans-

196 2173 325 2227 latio
366 2172 600 2243 corporis
644 2170 708 2227 S.
758 2171 975 2226 Martini
1001 2173 1162 2242 episc.
1205 2179 1252 2225 et
1290 2171 1430 2240 conf.
1476 2180 1523 2223 ct
1553 2170 1808 2224 dedicatio

198 2266 436 2322 basilica:
460 2267 646 2337 ipsius.
677 2265 949 2335 Beturino,
981 2267 1172 2321 natalis
1209 2266 1373 2320 sancti
1400 2264 1656 2319 Lauriani
1684 2266 1793 2336 epi-

201 2360 349 2431 scopi
387 2367 435 2413 et
465 2360 797 2431 confessoris.

268 2469 329 2509 Ill
359 2470 480 2509 non.
512 2452 631 2508 Jul.
674 2453 730 2508 In
761 2453 943 2508 Sicilia
969 2495 984 2521 ,
1015 2452 1267 2525 Agatoni,
1297 2451 1611 2523 Triphonis,
1638 2450 1798 2506 Justi.

194 2544 264 2599 Et
286 2544 343 2599 in
367 2544 575 2613 Tomis,
598 2542 892 2609 Stratonis,
915 2543 1207 2609 Theodoti,
1235 2543 1488 2610 Meronac,
1521 2543 1781 2607 Rodefize,

195 2636 453 2705 Secundi,
475 2637 694 2705 Thomi,
717 2637 962 2707 Magrini.
991 2637 1123 2693 item
1152 2637 1440 2693 Theodoti.
1467 2636 1528 2692 ln
1556 2637 1793 2693 Alexan-

191 2730 345 2797 dria,
378 2731 578 2787 natalis
604 2730 663 2787 S.
696 2730 915 2801 Arpotis
945 2730 1299 2787 confessoris.

270 2825 459 2880 Pridie
486 2842 611 2880 non.
642 2824 752 2881 Jul.
785 2825 841 2881 In
882 2825 1226 2893 Alexandria,
1260 2824 1466 2891 Artoti,
1498 2823 1640 2890 Zeti,
1681 2824 1802 2879 Pal~

194 2918 324 2985 lati,
358 2918 614 2989 Philippi,
644 2918 862 2985 Severi,
889 2917 1109 2975 Juliani.
1143 2918 1201 2973 ln
1238 2918 1451 2989 Syrica,
1481 2916 1795 2985 Neveduno,

187 3010 392 3076 Zotici,
421 3010 677 3076 Amaudi,
708 3008 942 3066 Artetis.
971 3009 1369 3080 Augustiduno,
1400 3008 1671 3079 depositio
1693 3007 1798 3062 Le-

185 3102 368 3174 gontii
414 3103 660 3174 episcopi
685 3105 761 3172 let
803 3101 1153 3157 confessoris.
1197 3101 1461 3173 Depositio
1506 3100 1567 3157 S.
1605 3099 1793 3156 Goaris
1823 3083 1870 3149 Ο

185 3196 483 3268 presbyteri
508 3206 558 3251 et
604 3195 938 3266 confessoris.
962 3194 1031 3250 Et
1058 3194 1277 3251 Octava
1302 3194 1667 3266 apostolorum
1692 3194 1792 3251 Pe-

180 3291 256 3345 tri
288 3297 350 3345 et
383 3289 559 3343 Pauli.

262 3380 420 3437 Non.
458 3380 572 3436 Jul.
610 3380 668 3436 In
704 3381 1051 3445 Alexandria,
1082 3380 1385 3448 Parthenii,
1424 3380 1656 3438 Eraclei.
1684 3381 1794 3437 Eu-

190 3475 452 3542 domoui,
488 3474 659 3542 llelei,
695 3474 990 3545 Apollonia:
1016 3517 1031 3542 ,
1059 3474 1190 3529 Novi
1209 3515 1226 3542 ,
1252 3474 1529 3531 Publicum
1556 3474 1678 3529 aliis
1700 3474 1799 3530 de-

181 3581 309 3622 cem
341 3574 399 3623 et
429 3579 645 3622 novem.
686 3566 750 3621 Et
770 3566 921 3633 alibi,
949 3565 1244 3633 Parthemi,
1279 3566 1539 3634 Animasi,
1572 3567 1794 3638 Pyvidui

183 3674 315 3716 cum
344 3659 471 3715 aliis
499 3668 732 3730 septem.
768 3658 838 3714 Et
874 3659 1025 3725 alibi,
1052 3659 1371 3726 Alexandri,
1402 3661 1683 3717 Parthimi.

259 3767 359 3807 vui
396 3752 519 3807 idus
559 3749 674 3808 Jul.
716 3751 774 3807 In
808 3750 1013 3819 Nicaea,
1058 3751 1315 3817 Sustrati,
1362 3753 1543 3823 Speri,
1588 3754 1788 3809 Eracli.

181 3844 242 3899 ln
276 3842 523 3915 Syrmia,
551 3844 868 3900 Sanctorum
902 3844 1139 3914 Perenti,
1162 3843 1440 3916 Caecyrite.
1467 3845 1524 3899 In
1557 3844 1790 3900 Caesaria

178 3934 580 4005 Cappadociae,
626 3934 894 4005 Procobi,
933 3935 1161 4005 Quarti,
1208 3934 1429 3990 Felicis.
1471 3935 1529 3990 ln
1564 3936 1743 3990 Sicilia
1773 3978 1788 4001 ,

177 4025 465 4082 Prancati.
489 4024 550 4081 In
576 4025 951 4093 Taurominio,
976 4025 1185 4096 Seperi,
1212 4022 1657 4081 Corneliauicum
1675 4025 1793 4081 aliis

178 4120 499 4189 sexaginta.
531 4119 586 4174 In
614 4118 817 4189 Nicaea,
848 4116 1026 4187 Pladi,
1049 4118 1249 4187 Emmi,
1277 4118 1580 4185 Senatoris,
1602 4117 1789 4189 Alphi,

174 4211 402 4279 Severi,
440 4210 722 4279 Honorati,
754 4212 971 4278 Eucoli,
1017 4212 1214 4278 Elenti,
1244 4211 1488 4278 Straton,
1515 4211 1787 4279 Arthemi,

175 4303 524 4373 Eudomoni,
552 4303 743 4371 Helice,
766 4303 967 4359 Novasi
985 4344 1001 4371 ,
1032 4304 1243 4375 Apolivi
1269 4318 1393 4359 cum
1420 4303 1541 4358 aliis
1570 4302 1791 4359 octode-

173 4396 317 4453 cim.
346 4396 406 4452 ιιι
434 4394 716 4462 Heraclea,
743 4394 986 4463 Joannis,
1019 4396 1173 4467 Apri,
1206 4395 1512 4463 Anteoloci,
1535 4395 1782 4464 Glieteri,

177 4489 435 4556 Perenti,
468 4489 767 4546 Stratonis.
802 4490 870 4546 Et
898 4490 1327 4562 alibi,‘Agresti,
1358 4490 1605 4547 Primoli.

248 4602 330 4641 vtt
376 4585 519 4639 idus.
563 4581 889 4653 Mediolano,
934 4583 1132 4640 Mochi.
1176 4584 1234 4639 ln
1275 4584 1438 4641 tomis
1468 4592 1785 4640 sanctorum

175 4678 397 4735 Zenoni
423 4721 439 4748 ,
473 4677 631 4733 Minae
657 4719 673 4745 ,
708 4675 900 4732 Vitalis
929 4720 943 4744 ,
974 4674 1182 4731 Rufina:
1209 4716 1227 4745 ,
1262 4675 1521 4747 Evangeli
1550 4720 1565 4745 ,
1601 4676 1743 4733 Urisi
1770 4718 1785 4744 ,

173 4774 433 4847 Agnetis,
465 4770 631 4845 Cyrili
658 4772 901 4841 episcopi
940 4770 1049 4841 igni
1078 4770 1281 4825 traditi.
1313 4770 1370 4824 ιιι
1401 4771 1609 4836 Sicilia,
1642 4771 1783 4826 Feli-

173 4867 349 4923 ciani.
378 4865 596 4931 Romae,
625 4864 816 4918 natalis
842 4864 1105 4933 virginum
1137 4862 1403 4918 Florianac
1424 4904 1438 4927 ,
1469 4862 1741 4920 Faustina:
1764 4904 1779 4931 ,

173 4959 480 5027 Anatoliae,
512 4965 569 5013 et
600 4955 842 5011 Fraterni
881 4956 1145 5027 episcopi.

249 5067 309 5107 vt
341 5051 461 5105 idus
484 5048 599 5104 Jul.
628 5049 838 5115 Romae,
862 5048 1146 5115 Priscillae,
1171 5058 1227 5105 et
1253 5049 1449 5105 natalis
1475 5058 1784 5106 sanctorum

173 5154 398 5216 septem
437 5157 843 5215 germanorum,
883 5142 935 5198 id
967 5152 1074 5211 est,
1102 5142 1321 5211 Felicis,
1351 5143 1608 5215 Philippi,
1639 5144 1788 5199 Vita-

176 5238 273 5303 lis,
312 5236 602 5301 Martialis,
633 5234 946 5302 Alexandri,
974 5235 1165 5305 Silani,
1189 5236 1451 5301 Januarii,
1476 5245 1530 5291 et
1556 5236 1787 5291 militum

171 5338 445 5405 quatuor,
476 5329 711 5397 Rufinae,
740 5329 1025 5397 Secundae,
1052 5330 1263 5386 Lucini.
1290 5329 1348 5385 ln
1377 5330 1615 5396 Sabinis,
1646 5328 1791 5384 Ana-

170 5427 360 5492 toliae,
386 5423 665 5480 Victuriae.
699 5422 759 5478 In
785 5422 1007 5479 civitate
1032 5423 1240 5490 Tomis,
1266 5424 1538 5490 Martiani,
1562 5423 1781 5491 Domni,

168 5518 472 5583 Tromedi,
502 5517 752 5584 Joannis,
785 5516 987 5585 Sesiui,
1018 5517 1389 5585 Aurilianidis,
1426 5518 1700 5583 Emiliani,
1733 5527 1789 5573 et

166 5614 421 5671 aliorum
458 5613 686 5685 triginta
724 5625 842 5668 sex.
886 5613 945 5668 ιιι
986 5611 1340 5680 Alexandria,
1374 5614 1613 5679 Leontii,
1641 5613 1785 5668 Mau-

170 5708 309 5767 ricii
333 5750 354 5779 ,
382 5706 549 5766 Meliti
568 5746 584 5775 ,
612 5702 883 5773 Achillei,
914 5705 1123 5775 Daneli,
1160 5706 1411 5776 Corioni,
1440 5707 1625 5763 Attnni
1651 5746 1665 5776 ,
1696 5706 1793 5763 Ze-

1912 1796 2089 1867 Cyrici
2118 1837 2131 1859 ,
2178 1797 2418 1864 Antoni,
2471 1796 2660 1862 Jason,
2695 1798 2923 1853 Joannis
2950 1841 2964 1864 ,
3018 1800 3257 1865 Eustasi,
3289 1802 3517 1867 Octavi,

1911 1886 2171 1942 Emiliani
2200 1930 2213 1953 ,
2247 1887 2450 1941 Sisinni
2478 1930 2493 1953 ,
2542 1888 2733 1954 Anici,
2762 1889 3028 1944 Theodoli
3050 1934 3064 1959 ,
3094 1891 3245 1947 Cessi
3267 1934 3280 1957 ,
3310 1890 3516 1946 Candi-

1911 1981 2081 2037 diani.
2133 1981 2264 2036 Item
2312 1979 2592 2047 Archelai,
2640 1980 2934 2051 Gurgonii,
2989 1982 3207 2055 Cyrini,
3244 1985 3517 2052 Afrodisi,

1912 2074 2105 2131 Gaiani
2129 2118 2142 2141 ,
2174 2074 2401 2140 Clerici,
2432 2074 2672 2140 Antoni,
2713 2073 2844 2145 Gagi
2866 2116 2881 2142 ,
2909 2076 3177 2144 Auxenti,
3210 2077 3505 2148 Valentini,

1910 2166 2107 2233 Flavii,
2155 2166 2405 2235 Nicaoni,
2440 2167 2740 2239 Theodori,
2792 2169 3059 2236 Faustasi,
3108 2172 3327 2241 Aureli,
3373 2173 3517 2229 Gor-

1909 2260 2083 2325 diani,
2112 2257 2359 2330 Cyrioni,
2393 2258 2606 2331 Cyrilli,
2635 2260 2835 2326 Castri,
2872 2260 3085 2330 Sancti,
3118 2262 3380 2332 Euticbii,
3412 2264 3520 2321 Ma-

1905 2352 2033 2422 jnli,
2066 2351 2242 2409 Silvii.
2279 2353 2335 2407 In
2377 2351 2596 2423 Syrmia
2621 2393 2637 2420 ,
2670 2355 2843 2408 sancti
2875 2354 3146 2411 Martiani.
3184 2355 3475 2412 Antiochia
3500 2399 3516 2423 ,

1907 2448 2179 2514 Prodixm,
2211 2448 2519 2513 Veronicm,
2550 2449 2850 2520 Speciosm.
2886 2449 2944 2505 In
2975 2451 3297 2509 Mauritania
3326 2498 3340 2520 ,
3375 2454 3516 2508 Mar-

1907 2542 2059 2597 tiani.
2097 2542 2154 2598 ln
2185 2540 2540 2611 Alexandria,
2575 2542 2775 2599 Eutici.
2825 2542 2890 2597 Et
2932 2544 3094 2602 beatw
3123 2546 3388 2602 memoria:
3413 2545 3514 2602 Be-

1907 2638 2097 2693 nedicti
2118 2638 2345 2693 abbatis.

1976 2748 2031 2788 tv
2054 2732 2175 2787 idus
2202 2732 2319 2789 Jul.
2349 2731 2408 2788 In
2436 2732 2685 2803 Aquileia
2706 2776 2721 2800 ,
2756 2732 3049 2789 Fortunati
3070 2775 3085 2800 ,
3114 2734 3423 2805 Armageri.
3453 2734 3510 2791 ln

1901 2824 2095 2881 Sicilia
2118 2865 2134 2891 ,
2169 2824 2365 2879 natalis
2392 2824 2651 2892 Naboris,
2698 2824 2932 2893 Felicis,
2989 2826 3230 2895 Eustasi,
3264 2824 3509 2881 Antonii.

1855 2968 1871 2983 ,
1904 2917 2231 2982 Mediolano,
2255 2917 2511 2981 Naboris,
2544 2917 2762 2987 Felicis,
2796 2917 3096 2985 Primitivi,
3128 2918 3279 2975 Julii.
3312 2919 3369 2975 ln
3400 2920 3511 2975 Cll!-

1902 3009 2071 3076 saria,
2106 3010 2280 3065 sancti
2314 3010 2457 3076 Divi,
2489 3009 2767 3066 Corninsi.
2798 3008 3060 3081 Lugduno
3087 3008 3280 3066 Gallia:
3301 3052 3317 3079 ,
3360 3012 3514 3082 depo-

1901 3104 2025 3158 sitio
2065 3102 2341 3157 Viuentioli
2378 3102 2625 3175 episc0pi.

1974 3213 2032 3253 nt
2060 3198 2179 3252 idus
2202 3197 2317 3251 Jul.
2350 3196 2406 3251 In
2439 3196 2793 3263 Alexandria,
2826 3197 3149 3267 Seraponis,
3179 3194 3509 3265 Tropiimei,

1900 3289 2084 3359 Melei,
2116 3289 2423 3359 Evangelii,
2456 3300 2511 3343 et
2538 3289 2783 3359 Propoli,
2813 3288 3011 3355 Attali,
3058 3288 3305 3355 Gelonis,
3336 3287 3515 3345 Mcnei

1900 3381 2224 3453 presbyteri,
2250 3379 2545 3448 Tropimia:
2565 3378 2810 3448 virginis,
2836 3378 3116 3433 Macrobii.

1972 3471 2155 3526 Pridie
2181 3471 2303 3525 idus
2330 3468 2446 3523 Jul.
2481 3469 2538 3523 ln
2568 3470 2771 3533 Africa,
2807 3469 3027 3525 Donati.
3057 3469 3118 3525 In
3145 3468 3508 3539 Alexandria,

1899 3564 2174 3627 Anthioti,
2208 3562 2382 3617 Marii.
2421 3561 2654 3631 Dagiona
2673 3603 2686 3626 ,
2720 3560 3019 3618 Menesidei
3048 3605 3063 3630 ,
3088 3562 3341 3619 Namoris
3366 3605 3380 3629 ,
3406 3563 3509 3620 Pe-

1899 3654 2178 3725 trigumui.
2217 3653 2287 3708 Et
2315 3652 2445 3709 alibi
2474 3654 2647 3707 sancti
2680 3652 2810 3709 Foci
2840 3654 3114 3726 episcOpi,
3138 3663 3196 3711 et
3224 3655 3507 3711 confesso-

1898 3746 1992 3802 ris.
2020 3744 2283 3815 Lugduno
2304 3743 2516 3810 Gallias,
2547 3744 2747 3799 natalis
2774 3746 2834 3801 S.
2857 3746 2886 3802 J
2895 3747 2999 3802 usti
3028 3747 3274 3819 episcopi
3296 3756 3349 3804 et
3367 3762 3501 3805 con—

1896 3838 2144 3904 fessoris,
2177 3837 2348 3893 Amici
2374 3837 2613 3908 episcopi
2646 3847 2697 3893 et
2718 3837 3072 3895 confessoris.

1968 3934 2101 3989 ldus
2140 3931 2253 3987 Jul.
2297 3932 2357 3988 ln
2404 3932 2757 4004 Alexandria,
2788 3934 2987 3990 natalis
3012 3946 3331 3992 sanctorum
3372 3932 3501 3989 Phi-

1897 4026 2054 4098 lippi,
2086 4025 2357 4095 Zenonis,
2386 4024 2545 4081 Nasei
2569 4067 2585 4094 ,
2615 4033 2672 4081 et
2714 4026 2905 4083 decem
2937 4027 3246 4083 infantium.
3280 4026 3337 4080 In
3366 4026 3499 4095 Syr-

1894 4119 2027 4185 mia,
2058 4119 2257 4173 natalis
2282 4128 2599 4175 sanctorum
2626 4120 2936 4191 Agrippini,
2964 4120 3229 4184 Secundi,
3251 4118 3498 4186 Maximi,

1895 4211 2209 4280 Fortunati,
2234 4211 2515 4268 Martialis.
2546 4211 2736 4271 Jacobi
2766 4214 3012 4283 episcopi
3038 4212 3296 4275 Nisibini,
3321 4212 3415 4281 qui
3442 4212 3497 4266 in

1892 4320 2123 4376 corpore
2166 4305 2334 4361 multa
2389 4320 2584 4375 passus
2626 4315 2732 4375 est,
2768 4316 2824 4362 et
2853 4307 3022 4363 multa
3052 4305 3205 4376 signa
3239 4302 3370 4359 fecit
3397 4344 3413 4369 ,
3441 4312 3497 4359 et

1891 4414 2071 4455 arcam
2099 4398 2215 4456 Noe
2262 4398 2414 4455 solus
2451 4399 2583 4455 vidit
2617 4400 2671 4455 in
2704 4408 2911 4466 monte,
2944 4398 3128 4453 nullus
3159 4396 3299 4449 alius
3325 4394 3491 4461 vidit,

1812 4478 1984 4563 uni
2026 4507 2149 4548 cum
2194 4508 2260 4547 eo
2306 4501 2486 4561 erant,
2541 4506 2641 4549 nec
2683 4492 3008 4563 permissum
3053 4496 3139 4544 est
3185 4486 3392 4542 videre.
3430 4485 3489 4541 In

1892 4593 2054 4657 portu
2082 4585 2329 4643 Romano
2352 4630 2368 4654 ,
2403 4586 2505 4643 hoc
2552 4595 2658 4655 est,
2700 4586 2755 4639 in
2803 4582 3008 4649 lliscla,
3042 4579 3236 4636 natalis
3266 4589 3491 4634 sancto-

1892 4704 2011 4745 rum
2039 4688 2286 4761 Eutropii
2308 4731 2323 4755 ,
2355 4689 2554 4744 Zosimi
2581 4733 2596 4757 ,
2628 4696 2685 4744 et
2730 4686 2960 4741 Bonosze
2999 4682 3210 4741 sororis
3238 4680 3375 4752 ejus.
3425 4680 3486 4736 In

1892 4797 2071 4854 Africa
2113 4797 2330 4851 civitate
2363 4794 2696 4863 Carthagine
2717 4833 2731 4858 ,
2763 4791 2961 4845 natalis
3004 4794 3317 4843 sanctorum
3344 4828 3359 4853 ,
3389 4783 3492 4841 Ca-

1894 4897 2086 4953 tholini
2135 4896 2390 4965 diaconi,
2432 4905 2488 4951 et
2525 4893 2859 4963 reliquorum
2893 4899 3195 4963 martyrum
3223 4932 3238 4959 ,
3284 4890 3377 4961 qui
3408 4904 3495 4945 re-

1896 4998 2179 5069 quiescunt
2204 4998 2257 5051 in
2283 4995 2501 5051 basilica
2524 5002 2728 5051 sanctae
2752 4992 2966 5048 Fausta:
2995 5010 3007 5047 :
3040 4990 3335 5061 Januaritc,
3366 4991 3493 5048 Flo-

1888 5100 2049 5159 rentii
2076 5142 2090 5166 ,
2128 5099 2466 5164 Pullutanze,
2507 5098 2665 5153 Juliae
2690 5097 2851 5151 simul
2881 5137 2897 5164 ,
2941 5105 2998 5152 et
3032 5096 3222 5153 Justus.
3274 5095 3492 5152 Corbcia

1891 5204 2231 5269 monasterio,
2282 5201 2510 5273 exceptio
2540 5199 2881 5271 reliquiarum
2920 5203 3086 5256 sancti
3128 5202 3413 5274 Dionysii,
3445 5207 3495 5254 et

1890 5306 2151 5361 sociorum
2180 5305 2319 5375 ejus.

1965 5422 2075 5461 xvu
2116 5404 2224 5460 kal.
2266 5404 2400 5475 Aug.
2448 5400 2506 5457 ln
2552 5400 2775 5457 civitate
2806 5402 2992 5470 Ostia,
3025 5402 3223 5460 natalis
3253 5401 3313 5459 S.
3347 5400 3497 5457 Hila-

1892 5507 2018 5565 rini.
2049 5506 2375 5569 Mediolano,
2423 5503 2621 5558 natalis
2657 5502 2832 5557 sancti
2880 5503 3162 5561 Macharii.
3194 5504 3253 5560 In
3292 5503 3491 5559 Antio-

1891 5604 2033 5671 chia,
2059 5604 2260 5659 natalis
2288 5611 2598 5659 sanctorum
2623 5599 2953 5673 Theodosae,
2984 5605 3222 5675 Eustasi,
3246 5604 3496 5677 Dionysi,

1890 5707 2181 5783 Theodoti,
2233 5706 2474 5765 Maximi.
2510 5704 2570 5765 ln
2598 5702 2840 5764 Caesaria
2863 5746 2880 5777 ,
2921 5707 3120 5768 natalis
3186 5717 3501 5769 sanctorum
