4048 6328
482 266 591 324 48⁸1

1521 264 1591 322 S.’
1624 261 2009 320 HIERONYMI
2047 258 2331 319 OPERUM
2372 260 2741 319 MANTISSA.

3685 263 3787 321 868

485 384 675 454 Pauli,
715 396 770 441 et
808 386 868 443 S.
902 383 1201 440 Itammetis
1226 420 1243 448 ,
1274 379 1529 437 Floridae.
1564 380 1629 435 Et
1673 378 1833 444 alibi,
1882 375 2081 433 natalis
2108 376 2162 440 Δ
2188 376 2384 433 natalis
2415 374 2591 431 sancti
2622 374 2977 447 Apollinaris.
3008 374 3066 431 in
3091 374 3356 432 Laodicea
3380 373 3659 448 Phrygia},
3695 393 3789 432 na-

488 492 802 537 sanctorum
831 477 1121 541 Valentini,
1149 476 1383 544 Theoni,
1414 473 1691 529 Diocletis.

2188 468 2312 523 talis
2343 480 2656 523 sanctorum
2696 468 2939 534 Minisei,
2972 467 3157 523 Tisici.
3189 467 3288 523 Via
3322 468 3523 525 Accola
3545 510 3559 535 ,
3594 471 3787 527 natalis

565 590 654 629 xvi
691 572 796 626 kal.
838 570 975 641 Aug.
1012 568 1070 623 in
1099 568 1281 623 Africa
1304 609 1316 631 .
1345 567 1541 622 natalis
1572 573 1887 621 sanctorum
1920 563 2090 633 Aqui-
2185 569 2390 615 sancta:
2420 558 2676 624 Privatae,
2708 557 3087 615 Alexandrini.

492 664 612 728 lini,
652 664 901 733 Sperate,
922 658 1204 725 Cbindini,
1235 656 1435 725 Bituri,
1468 656 1690 725 Azardi,
1733 656 2081 725 Menelampi,

2260 667 2313 708 ix
2343 650 2451 706 kal.
2478 651 2614 722 Aug.
2643 650 2699 707 In
2727 649 3071 707 Atniternina
3103 650 3327 707 civitate
3356 651 3615 707 milliario
3644 664 3794 708 oclo-

490 754 708 810 Zosimi.
740 751 1072 820 Hedioiano,
1110 750 1305 807 natalis
1337 752 1513 805 sancti
1544 748 1821 815 Marcelli,
1862 748 2087 815 Justini,
2189 750 2398 822 gesimo
2447 752 2607 806 tertio
2653 749 2722 805 ab
2768 749 2905 804 urbe
2936 748 3105 804 Roma
3129 790 3143 814 ,
3177 749 3260 804 via
3293 749 3500 807 Salaria
3528 792 3542 815 ,
3591 752 3791 808 natalis

490 846 688 904 Nonni.
708 843 1065 917 Carthagine,
1092 844 1290 899 natalis
1310 850 1631 898 sanctorum
1655 840 1975 908 Generoszn,
1998 841 2087 897 Ja-

2189 842 2365 897 sancti
2387 840 2655 898 Victorini
2678 844 2956 914 martyris.
2993 842 3047 896 In
3078 842 3340 898 Armenia
3370 843 3615 913 civitate,
3644 854 3791 901 nata-

493 943 733 1005 nnarize.
784 950 840 997 et
877 939 1306 997 Sciilitanorum.
1352 938 1418 994 Et
1444 937 1612 1007 alibi,
1657 937 1855 992 natalis
1886 946 2091 992 sancite
2192 933 2259 988 lis
2296 943 2611 990 sanctorum
2640 932 2915 990 Sabbatiae
2938 975 2952 1000 ,
2985 932 3285 1003 Theozoni,
3314 934 3572 1004 Victoris,
3602 939 3793 995 Milita-

493 1034 761 1091 Mammaz.
787 1033 843 1089 in
877 1034 1023 1101 Asia,
1052 1032 1288 1094 Nazarii,
1317 1029 1548 1095 Veturii,
1580 1028 1845 1095 Januarii,
1877 1027 2091 1085 Secun-

492 1128 599 1196 dae,
629 1127 874 1192 Donatze,
902 1125 1123 1190 Bessite,
1155 1124 1406 1191 Maximi,
1440 1122 1630 1187 Pauli,
1658 1119 1919 1190 Aquiliui,
1947 1118 2096 1174 Feli-

496 1217 710 1285 citatis,
743 1219 941 1272 Cutato
964 1258 980 1283 ,
1026 1215 1288 1283 Titianze,
1323 1214 1504 1268 Bessaa
1526 1254 1542 1280 ,
1575 1211 1854 1283 Syrianai,
1889 1208 2092 1278 Entati,

494 1310 716 1377 Justini,
733 1311 1086 1378 Autisiodero,
1105 1308 1356 1381 depositio
1379 1305 1527 1361 Beati
1539 1304 1825 1360 Theodosii
1845 1303 2093 1377 episcopi.

568 1420 635 1459 xv
664 1402 768 1457 kal.
793 1402 930 1473 Aug.
957 1401 1167 1466 Romm,
1192 1399 1274 1454 via
1300 1396 1611 1466 Tiburtina,
1640 1395 1899 1452 milliario
1930 1408 2095 1462 nono,

498 1496 694 1552 natalis
721 1494 781 1550 S.
814 1494 1202 1565 Symphorosae
1233 1490 1421 1546 matris
1444 1499 1656 1560 septem
1688 1504 2096 1560 germanorum,

496 1602 619 1658 quae
646 1602 767 1641 cum
802 1586 941 1658 ipsis
968 1596 1051 1642 est
1085 1598 1267 1655 passa,
1300 1598 1531 1655 quorum
1560 1582 1778 1637 nomina
1806 1580 1921 1637 haec
1950 1589 2098 1649 sunt,

502 1682 697 1737 Petrus
721 1722 736 1749 ,
764 1679 1144 1735 Marcellianus
1164 1720 1179 1747 ,
1226 1678 1522 1734 Januarius
1549 1717 1563 1744 ,
1613 1678 1923 1749 Dionysius,
1957 1675 2103 1732 Sim-

2194 1025 2294 1090 ris,
2327 1024 2583 1081 Emerita:
2624 1041 2747 1081 cum
2790 1023 3048 1083 fratribus
3076 1025 3313 1091 duobus,
3346 1024 3604 1097 Statiani,
3632 1029 3792 1100 Capi-

2198 1117 2361 1184 tonis,
2393 1116 2634 1184 Silvani,
2664 1117 2930 1185 Slercati,
2965 1118 3363 1190 Athenoginaa,
3412 1121 3705 1179 Daritonis.
3740 1124 3792 1181 lo

2197 1212 2345 1285 Tyro
2373 1211 2611 1280 civitate,
2646 1213 2843 1269 natalis
2864 1224 3067 1269 sanctzc
3088 1211 3383 1270 Cbristinae
3404 1216 3650 1287 virginis.

2272 1320 2368 1359 vni
2409 1303 2514 1359 kal.
2573 1307 2705 1378 Aug.
2754 1305 2960 1363 Natalis
3011 1307 3188 1361 sancti
3219 1306 3408 1363 Jacobi
3442 1311 3697 1378 apostoli.
3740 1309 3795 1367 in

2198 1404 2357 1469 portu
2386 1397 2538 1453 urbis
2563 1398 2771 1469 Romae,
2802 1399 2998 1454 natalis
3028 1400 3206 1454 sancti
3234 1398 3447 1468 Aconti,
3476 1402 3677 1471 Nonni,
3711 1403 3799 1459 Ja-

2200 1490 2358 1556 cobi,
2395 1489 2698 1561 AgathOni,
2753 1491 3027 1558 Donativi,
3070 1490 3254 1547 Suavi.
3296 1489 3364 1548 Et
3405 1494 3569 1559 alibi,
3599 1497 3800 1553 natalis

2202 1581 2487 1647 Stcrcorii,
2519 1582 2848 1651 Clementis,
2880 1583 3106 1653 Juliani,
3135 1584 3477 1641 Cariatbonis
3498 1627 3515 1654 ,
3543 1586 3801 1658 Emeriti,

2203 1673 2439 1741 Stercei,
2472 1658 2757 1731 Suticiani.
2795 1676 2852 1731 ln
2883 1677 3096 1741 Sicilia,
3125 1677 3350 1734 civitate
3380 1678 3613 1745 Samon,
3642 1681 3811 1736 Chri—

503 1772 790 1844 phronius,
820 1771 1096 1840 Clemens,
1143 1770 1450 1827 Germanus
1476 1787 1489 1823 :
1523 1769 1743 1824 Hireuei
1765 1809 1780 1834 ,
1812 1768 2010 1840 Magni.
2040 1766 2098 1823 1n
2127 1767 2176 1829 B
2203 1765 2392 1822 stoiori
2415 1811 2429 1837 ,
2464 1770 2740 1839 martyris.
2790 1768 2847 1823 In
2879 1769 3158 1838 Hispania,
3202 1770 3513 1844 Barcillona
3557 1771 3804 1844 civitate,

501 1869 840 1937 Dorostoro,
909 1865 1104 1921 natalis
1178 1874 1496 1919 sanctorum
1553 1862 1842 1931 Emiliani,
1902 1862 2097 1928 Bassi,

504 1962 748 2028 Maximi,
783 1959 959 2029 Pauli,
992 1956 1278 2025 Secundae,
1309 1955 1555 2023 Donat-ae,
1589 1956 1803 2022 Marini,
1831 1954 1994 2010 Justi.
2046 1954 2102 2011 in

505 2054 722 2120 Africa,
748 2052 945 2107 natalis
985 2056 1302 2105 sanctorum
1336 2048 1598 2120 Aquilini,
1633 2049 1872 2119 Sperati,
1897 2048 2102 2115 Civini,

506 2144 729 2210 Felicis,
757 2142 1160 2209 Crescentiani,
1192 2142 1428 2212 Lactati,
1457 2142 1694 2213 Nazarii,
1728 2142 1973 2211 Verusae,
1997 2143 2106 2200 Ge-

504 2252 741 2293 nerosm.
774 2236 941 2307 item,
974 2236 1217 2293 Januarii
1244 2281 1259 2307 ,
1290 2235 1490 2293 Titiani
1517 2279 1532 2306 ,
1569 2236 1789 2304 liessaz,
1822 2246 1879 2293 et
1919 2236 2105 2295 Falvei

506 2331 784 2401 Episcopi,
812 2330 1073 2388 iocundi.

575 2440 668 2480 λιν
697 2425 801 2480 kal.
848 2426 984 2497 Aug.
1035 2424 1095 2480 In
1129 2423 1487 2491 Alexandria,
1524 2424 1724 2480 natalis
1764 2432 1967 2481 sanctae
2019 2424 2107 2481 Si-

507 2518 699 2576 sinnai.
735 2518 792 2576 In
818 2518 1129 2587 Antiochia,
1146 2528 1458 2575 sanctorum
1484 2520 1773 2588 Macharii,
1798 2518 2100 2591 Lampadii,

511 2613 765 2678 Luciani,
817 2613 1074 2685 Philippi,
1130 2611 1311 2678 Petri,
1350 2612 1634 2684 Torquati,
1668 2611 1908 2677 Tinnini,
1965 2611 2104 2667 Joci.

508 2707 1006 2778 Constantinopoli,
1040 2706 1238 2762 natalis
1268 2714 1469 2762 sanctae
1494 2705 1693 2762 Dat-ias.
1721 2705 1779 2761 In
1809 2703 2105 2774 Hispaniis,

512 2803 707 2858 natalis
730 2814 943 2857 sanctae
970 2801 1164 2858 Justae.
1192 2800 1454 2871 Lugduno
1477 2800 1691 2864 Galliae,
1716 2799 1914 2855 natalis
1935 2799 2109 2855 sancti

511 2894 718 2951 Rustici
753 2894 1060 2966 presbyteri
1091 2904 1146 2949 et
1172 2891 1533 2949 confessoris.

584 3001 682 3042 aut
712 2984 818 3041 kal.
851 2984 987 3058 Aug.
1031 2983 1090 3040 in
1144 2984 1365 3048 Africa,
1413 2984 1611 3039 natalis
1654 2991 1968 3039 sanctorum
2011 2983 2112 3040 Sa-

513 3080 668 3146 bini,
720 3077 979 3145 Luciani,
1028 3077 1207 3143 Petri,
1259 3076 1558 3141 Amabilis,
1619 3075 1865 3145 Nonnte,
1920 3076 2105 3142 Savoi,

2208 1860 2389 1929 passio
2412 1861 2585 1914 sancti
2617 1860 2902 1917 Cucusatis
2932 1863 3211 1934 martyris.

2276 1968 2348 2007 vn
2380 1952 2483 2009 kal.
2510 1954 2646 2027 Aug.
2665 1955 2719 2009 in
2744 1954 3010 2011 Laodicea
3036 1956 3255 2026 Frigida,
3276 1958 3473 2013 natalis
3495 1966 3805 2014 sanctorum

2206 2044 2415 2102 Joviani
2439 2089 2454 2114 ,
2485 2045 2710 2115 Juliani,
2742 2047 2906 2103 Ernili
2928 2089 2942 2113 ,
2978 2049 3198 2117 Felicis,
3230 2050 3515 2116 Martiani,
3542 2050 3806 2117 Maximus,

2207 2138 2516 2195 Saturniam
2537 2178 2553 2205 ,
2575 2136 2873 2207 Glorioste,
2920 2140 3101 2197 Emili.
3152 2142 3221 2199 Et
3262 2144 3464 2200 natalis
3493 2152 3808 2200 sanctorum

2207 2230 2497 2299 Mutiame,
2527 2228 2808 2287 Laudaim.

2282 2340 2333 2379 vi
2356 2322 2461 2379 kal.
2491 2323 2627 2395 Aug.
2656 2323 2715 2380 In
2743 2323 2881 2380 Nola
2911 2324 3155 2394 civitate,
3186 2327 3386 2383 natalis
3407 2328 3585 2385 sancti
3609 2328 3812 2385 Felicis

2209 2416 2279 2473 de
2322 2416 2669 2474 ordinatione
2712 2418 3083 2490 episcopatus.
3123 2420 3183 2476 In
3223 2421 3537 2479 Nicomedia
3563 2464 3579 2491 ,
3610 2424 3813 2479 natalis

2209 2521 2522 2565 sanctorum
2552 2509 2733 2577 Julim,
2762 2510 3047 2582 Jocnndae,
3069 2512 3366 2570 Januarim.
3394 2515 3452 2570 In
3481 2514 3687 2581 Sicilia,
3717 2532 3814 2571 na-

2214 2606 2335 2661 talis
2364 2607 2536 2661 sancti
2564 2607 2828 2662 Simonis.
2873 2607 2941 2662 ln
2971 2608 3304 2664 Autis'iodcro
3340 2610 3579 2678 civitate,
3608 2609 3818 2683 deposi-

2211 2700 2286 2753 tio
2310 2700 2481 2753 sancti
2508 2697 2713 2754 Etlterii
2740 2701 2969 2773 episcopi
2992 2709 3040 2757 et
3064 2703 3396 2773 confessoris.

2285 2807 2315 2844 v
2357 2789 2462 2846 kal.
2511 2792 2647 2863 Aug.
2702 2793 2760 2849 ln
2815 2792 3071 2849 Laodicia
3099 2795 3319 2851 civitate
3359 2795 3590 2866 Frigizc,
3619 2796 3815 2853 natalis
3848 2822 3851 2823 ν

2211 2894 2528 2941 sanctorum
2559 2886 2873 2957 Theophili,
2908 2888 3198 2956 Auxentii,
3224 2889 3526 2957 Prudentii,
3551 2890 3812 2961 Philippi,

2214 2980 2544 3048 Alexandri,
2594 2980 2791 3048 Zotici,
2823 2982 3048 3047 Bissiaa.
3084 2984 3380 3053 Secunda),
3412 2984 3701 3041 Macharii.
3747 2986 3817 3042 Et

2215 3075 2382 3144 alibi,
2433 3076 2618 3132 natale
2664 3086 2977 3133 sanctorum
3023 3078 3333 3148 Septimius,
3390 3080 3653 3150 Augusta:
3701 3080 3817 3136 vir.

511 3171 829 3243 Agrippiani
856 3212 873 3238 ,
924 3170 1179 3225 Medatnli
1200 3210 1214 3234 ,
1257 3168 1571 3238 Respectati
1600 3182 1723 3223 cum
1751 3168 1876 3222 aliis
1915 3168 2108 3238 viginti
2134 3154 2182 3220 ϐ
2214 3168 2379 3239 ginis,
2410 3170 2606 3235 Celsze,
2637 3170 2868 3229 Nazarii.
2901 3171 2958 3227 in
2992 3172 3331 3242 Nicomedia,
3375 3173 3573 3228 natalis
3600 3183 3816 3230 sancta-

512 3264 705 3319 tribus.
735 3264 792 3319 in
820 3261 1121 3328 Thebaida,
1154 3260 1352 3316 natalis
1380 3258 1555 3315 sancti
1584 3258 1837 3322 Victoris,
1863 3258 2105 3329 Sylvani.

512 3356 571 3413 In
608 3356 903 3425 Damasco,
942 3354 1137 3411 natalis
1170 3363 1484 3409 sanctorum
1524 3350 1809 3408 Sabini....
1856 3351 2107 3419 Maximi,

512 3450 752 3519 Iuliani,
790 3449 1073 3522 Magrobii,
1102 3447 1278 3514 Cassi,
1307 3447 1457 3504 Pauli
1491 3463 1613 3504 cum
1655 3444 1780 3501 aliis
1807 3446 2017 3504 decem.
2052 3448 2110 3504 in

511 3542 799 3608 Corintho,
826 3542 1030 3598 natalis
1051 3551 1362 3598 sanctorum
1393 3540 1635 3614 Cyriaci,
1667 3537 1885 3607 Donati,
1915 3538 2107 3605 Tertii,

511 3638 735 3705 Appiae,
763 3635 992 3703 Felicis,
1022 3635 1260 3691 Neratius
1285 3676 1301 3703 ,
1340 3635 1559 3703 Fructi,
1592 3634 1767 3699 Celsi,
1798 3632 2062 3689 Theodoli
2092 3675 2108 3702 ,

510 3726 717 3792 Calori,
746 3726 1044 3790 Parthemi,
1089 3726 1366 3795 Spectatt,
1402 3725 1634 3781 Victoris
1655 3765 1670 3792 ,
1700 3725 1946 3794 Maximi,
1981 3724 2112 3780 Pas-

513 3819 658 3885 tori,
701 3815 960 3883 Nestitzn,
1010 3817 1198 3885 Pauli,
1252 3818 1524 3883 Romani,
1576 3816 1872 3884 Valeriani,
1924 3818 2109 3885 Eniili,

516 3909 692 3977 Cassi,
722 3910 923 3980 Magni.
958 3909 1146 3964 Romae
1167 3951 1182 3974 ,
1223 3908 1520 3976 Passeriaa,
1550 3909 1801 3966 Macrinus
1824 3951 1836 3974 ,
1862 3910 2110 3977 Nesmac,

514 4005 696 4062 Saturi
723 4045 739 4070 ,
780 4003 1010 4058 Amirini
1040 4043 1054 4068 ,
1107 4002 1289 4057 Eutili.
1322 4002 1393 4069 Et
1424 4003 1573 4069 alibi,
1607 4002 1866 4058 Secundi.
1898 4001 2111 4057 Corbeia

516 4096 825 4152 monasterio
848 4134 862 4162 ,
894 4092 1148 4149 dedicatio
1186 4095 1412 4151 basilicis
1450 4093 1597 4150 Beati
1629 4094 1889 4166 Stephani
1931 4105 2109 4165 proto-

515 4190 779 4262 martyris.

590 4301 665 4341 ιιι
694 4282 803 4339 kal.
836 4283 973 4355 Aug.
1004 4281 1062 4338 ln
1096 4280 1301 4350 Africa,
1324 4289 1636 4337 sanctorum
1671 4280 1924 4346 Victoris,
1960 4280 2112 4338 Ster-

513 4378 676 4447 eorii,
707 4377 986 4444 Etuiliani,
1015 4376 1205 4447 Hugali
1226 4418 1239 4442 ,
1274 4375 1481 4446 Supini,
1504 4374 1760 4430 Montani.
1798 4376 1855 4430 In
1885 4375 2111 4432 civitate

2214 3275 2335 3315 rum
2368 3258 2555 3327 Julia),
2605 3260 2870 3318 Secunda:
2893 3308 2906 3332 ,
2939 3262 3233 3320 ianuarias.
3281 3263 3349 3331 Et
3381 3265 3579 3320 natalis
3608 3267 3815 3322 Panta-

2213 3351 2409 3420 lconis,
2433 3362 2489 3409 et
2518 3354 2777 3411 Sansonis
2807 3357 3072 3427 episcopi,
3105 3358 3335 3416 Silvani.
3361 3359 3692 3426 Mediolano,
3718 3376 3822 3416 na-

2214 3444 2337 3500 talis
2366 3454 2681 3502 sanctorum
2714 3447 2960 3504 Gervasii
2983 3491 2999 3515 ,
3034 3450 3265 3506 Protasii
3292 3496 3306 3519 ,
3342 3450 3552 3506 Nazarii
3585 3462 3641 3507 et
3670 3452 3814 3508 Celsi

2214 3539 2392 3608 pueri.
2426 3537 2641 3594 Corbeia
2684 3544 2997 3599 monasterio
3023 3583 3038 3612 ,
3071 3542 3333 3600 dedicatio
3376 3544 3607 3599 basilica:
3645 3546 3816 3601 sancti

2213 3628 2363 3686 Petri
2384 3633 2636 3701 apostoli.

2286 3741 2336 3780 tv
2362 3725 2467 3781 kal.
2491 3727 2625 3799 Aug.
2669 3727 2881 3795 Romae,
2907 3729 2990 3785 via
3020 3728 3335 3796 Portuensi,
3365 3730 3561 3785 natalis
3584 3738 3813 3786 saneto-

2214 3835 2333 3874 rum
2359 3819 2617 3887 Abseodi,
2652 3820 2795 3887 Rufi,
2828 3821 2987 3888 Abdi,
3021 3822 3296 3889 Pootiani,
3325 3822 3519 3879 Niceti.
3554 3822 3649 3878 Via
3676 3823 3811 3880 Por-

2216 3913 2395 3969 tuensi
2424 3914 2836 3985 inihi,cjusdein
2863 3915 3119 3969 milliaiio
3149 3916 3398 3984 septimo,
3425 3916 3625 3970 natalis
3655 3930 3816 3971 sanc-

2215 4017 2394 4062 torum
2424 4007 2707 4077 Simplicii,
2742 4006 3004 4073 Faustini,
3034 4007 3530 4078 Beatricis,Magni,
3558 4009 3807 4063 Donatzc.

2214 4101 2269 4157 In
2286 4100 2485 4169 Africa,
2504 4101 2697 4155 natalis
2716 4100 2931 4167 Felicis,
2948 4101 3533 4170 Nitic:c,Postinianite,
3554 4102 3804 4171 Philippi.

2214 4193 2281 4248 Et
2310 4193 2475 4258 alibi,
2503 4193 2696 4249 natalis
2725 4204 3033 4248 sanctorum
3062 4196 3381 4261 Anastasia',
3417 4193 3675 4266 Philippi,
3707 4196 3809 4250 Sa-

2214 4288 2440 4354 turnini,
2473 4286 2696 4354 CaleSti,
2730 4289 3036 4358 Patruinm,
3067 4287 3322 4359 Pelagia),
3354 4289 3667 4345 Jocnndini.
3700 4290 3809 4343 Au-

2212 4380 2426 4435 relianis
2472 4382 2707 4447 civitate,
2776 4381 3028 4450 depositio
3077 4381 3213 4435 beati
3260 4381 3507 4452 Prosperi
3559 4381 3805 4454 cpismpi.

511 4472 721 4530 Cesena
748 4515 761 4538 ,
793 4472 987 4527 natalis
1016 4480 1332 4527 sanctorum
1364 4469 1633 4538 Adriani,
1680 4470 1825 4540 Heli,
1858 4469 2106 4539 Victorii,
2216 4473 2407 4529 Trecas
2454 4474 2686 4543 civitate,
2722 4473 2979 4545 depositio
3019 4475 3187 4529 sancti
3225 4473 3361 4548 Lupi
3404 4475 3633 4544 episcopi
3680 4490 3808 4527 cono

512 4565 781 4641 Patrocli,
834 4565 1184 4629 Caesariana},
1222 4562 1523 4618 Adriauitis
1550 4602 1565 4629 ,
1611 4562 1833 4630 Dimeli,
1867 4562 2061 4619 Felicis
2085 4606 2100 4632 ,
2134 4549 2180 4610 ί)
2212 4575 2444 4648 fessam,

510 4658 723 4725 Anrihi,
771 4656 1134 4729 Typogratis,
1168 4655 1390 4719 Fausti,
1444 4653 1749 4721 Theodoti,
1780 4654 2001 4710 Juliani.
2044 4657 2101 4713 In

510 4752 704 4820 Gallia,
749 4751 982 4806 Massilia
1009 4750 1251 4815 civitate,
1287 4747 1484 4807 natalis
1505 4761 1820 4804 sanctorum
1844 4747 2099 4817 Vicroris,

511 4845 834 4911 Alexandri,
867 4844 1109 4909 Deoteri,
1141 4841 1425 4909 Felici-ani,
1456 4850 1510 4899 et
1535 4840 1787 4913 Longini.
1810 4841 1879 4901 Et
1906 4842 2101 4913 natalis

505 4950 713 4994 sancta:
746 4939 1001 5003 Praxedis
1027 4937 1273 5008 virginis.

579 5046 631 5084 χι
675 5030 780 5086 kal.
825 5033 962 5104 Aug.
1010 5032 1216 5089 Natalis
1245 5042 1556 5093 sanctorum
1587 5029 1811 5104 Cyrilli,
1841 5031 2098 5103 Andreae,

507 5121 738 5188 Tt-belli,
769 5123 994 5193 Auri,...
1024 5126 1244 5196 Sylvani
1270 5166 1285 5189 ,
1319 5125 1532 5179 Donati.
1569 5124 1634 5177 Et
1666 5125 1715 5178 in
1749 5123 1962 5195 Ancyra
1996 5124 2101 5180 Ga-

504 5215 670 5282 latiae,
705 5214 901 5269 natalis
929 5217 1105 5271 sancti
1144 5216 1414 5285 Platonis,
1450 5225 1505 5271 et
1529 5215 1894 5271 Militanorum
1921 5259 1935 5284 ,
1984 5215 2100 5271 An-

500 5310 667 5375 dt'etc,
705 5307 905 5375 Eliani,
951 5308 1194 5376 Ajobosi.
1236 5308 1504 5380 Depositio
1541 5307 1919 5381 Wandrcgisili
1950 5310 2100 5366 obba-

498 5406 565 5457 tis
587 5413 633 5456 et
660 5403 992 5471 confessoris.

569 5514 603 5553 ι
635 5497 740 5552 kat.
776 5497 915 5570 Aug.
947 5495 1155 5563 Romae,
1204 5497 1289 5553 via
1317 5496 1596 5553 Tiburtina
1623 5536 1636 5560 ,
1669 5495 1923 5551 milliario
1954 5511 2097 5552 nono

494 5586 732 5655 decimo,
762 5586 960 5644 natalis
987 5587 1164 5643 sancti
1198 5586 1463 5645 Vincentii
1495 5590 1770 5659 martyris.
1806 5587 2092 5658 Ravenna,

560 5781 590 5813 ι
627 5770 699 5828 ει
729 5770 1111 5844 mlitust-sim)
1137 5772 1307 5846 ιαμ,
1336 5781 1384 5830 ιι
1404 5770 1674 5830 Militem.

2283 4694 2340 4733 in
2383 4676 2489 4733 kal.
2527 4679 2663 4751 Aug.
2693 4676 2755 4734 In
2781 4679 3102 4735 coemelerio
3131 4679 3380 4736 Pontiani
3411 4680 3478 4735 ad
3509 4696 3696 4736 ursum
3730 4681 3807 4752 pi-

2213 4780 2419 4847 latum,
2474 4781 2669 4835 natalis
2730 4791 3043 4836 sanclorum
3113 4781 3310 4838 Abdon
3369 4792 3423 4839 et
3477 4782 3696 4840 Sennis.
3750 4782 3804 4837 in

2209 4881 2413 4948 Africa,
2446 4883 2642 4938 natalis
2673 4893 2984 4938 sanctorum
3015 4883 3287 4952 Maximus,
3317 4883 3608 4950 Secundae,
3638 4884 3809 4939 Dona-

2210 4982 2374 5048 tcllce,
2419 4982 2564 5050 Ruﬁ,
2600 4984 2787 5051 Prisci,
2824 4986 3142 5052 Paternicze,
3187 4985 3492 5058 Septimirc,
3526 4985 3803 5055 Optionis,

2207 5084 2436 5150 Amoni,
2489 5085 2668 5152 Justi,
2703 5084 2893 5151 Juliae,
2953 5086 3249 5147 Poatamia:
3276 5129 3289 5154 ,
3331 5086 3528 5150 Abdis,
3570 5086 3801 5140 Acenci.

2204 5183 2361 5251 Item,
2396 5186 2660 5255 Maximus,
2692 5187 2907 5257 liospis,
2940 5188 3261 5255 Βυιιθῑυιιε,
3291 5186 3519 5253 Silvani,
3552 5185 3801 5256 Magnili.

2204 5288 2535 5345 Autisiodero
2564 5292 2789 5356 civitate,
2811 5290 3065 5359 depositio
3094 5290 3227 5346 beati
3261 5291 3381 5346 Ursi
3411 5289 3661 5359 episc0pi.

2280 5391 2462 5447 Pridie
2504 5392 2712 5447 kalend.
2750 5396 2986 5465 Augusti.
3034 5394 3089 5449 In
3140 5393 3356 5460 Africa,
3403 5392 3628 5449 civitate
3674 5393 3803 5450 Cin-

2208 5495 2365 5561 nada,
2401 5496 2599 5550 natalis
2632 5504 2949 5551 sanctorum
2993 5497 3321 5563 Democriti,
3356 5495 3641 5564 Secundi,
3677 5497 3806 5553 Dio-

2204 5594 2365 5670 nysii,
2399 5596 2580 5670 Tyrsi.
2624 5598 2971 5670 Autisiodero,
3003 5599 3167 5657 sancti
3192 5596 3445 5655 Germani
3486 5599 3724 5673 episcopi
3756 5609 3803 5658 et
