4050 6198
236 239 335 301 469

1313 228 1865 292 νετυδτιεειιιυιι
1903 223 2425 287 KALENDABIUH.

3412 223 3519 285 "0

235 357 580 427 confessoris;
608 355 989 428 Augustiduno,
1024 350 1285 408 dedicatio
1310 350 1539 407 ecclesia:
1562 345 1780 404 senioris
1803 383 1819 412 ,
1848 344 1896 407 Α
1924 341 1982 396 8.
2014 341 2259 397 Faustini
2291 338 2566 414 martyris.
2597 338 2807 405 Romae,
2836 340 3025 409 passio
3070 346 3375 413 martyrum
3412 353 3520 394 nu-

235 461 285 508 et
316 450 587 506 translatio
619 449 903 505 multorum
922 457 1219 504 sanctorum
1241 451 1551 516 martyrum.

704 582 957 640 MENSlS
993 578 1365 638 AUGUSTUS

776 674 945 731 Habet
983 674 1101 730 dies
1142 689 1294 730 xxxi.

309 812 435 875 Kal.
467 815 604 888 Aug.
637 815 854 871 Litania
882 814 1193 871 indicanda.
1225 812 1282 870 In
1312 813 1623 879 Antiochia,
1654 813 1836 882 passio

234 919 547 967 sanctorum
580 909 1013 966 Machabaeorum
1054 920 1262 978 septem
1294 907 1518 963 fratrum
1549 923 1672 962 cum
1714 920 1831 960 ma-

236 1008 320 1075 tre
366 1015 464 1057 sua
489 1042 504 1066 ,
531 999 623 1071 qui
656 1002 799 1072 passi
832 1009 961 1055 sunt
989 999 1089 1054 sub
1113 997 1386 1054 Antiocho
1426 1012 1572 1066 rege.
1607 996 1829 1061 Roma),

232 1091 510 1149 dedicatio
539 1095 730 1166 primae
755 1094 1023 1157 ecclesiae,
1057 1103 1107 1146 et
1136 1107 1164 1144 a
1195 1092 1353 1146 beato
1387 1090 1547 1144 Petro
1576 1089 1832 1158 apostolo

230 1196 597 1256 constructm,
626 1200 681 1246 et
708 1197 1062 1246 consecratae.
1092 1186 1149 1241 in
1181 1185 1379 1241 Arabia
1405 1225 1418 1249 ,
1451 1182 1673 1239 civitate
1704 1182 1831 1238 Phi-

228 1277 528 1349 ladelphia,
568 1281 807 1352 synodus
835 1288 1130 1351 martyrum
1162 1278 1475 1333 celebratur
1500 1293 1514 1329 :
1544 1284 1604 1330 et
1634 1275 1829 1331 natalis

228 1383 543 1431 sanctorum
572 1373 791 1447 Cyrilli,
826 1373 1066 1445 Aquilm,
1116 1371 1290 1438 Petri,
1335 1368 1650 1433 Domitiani,
1680 1368 1825 1433 Ruli,

229 1462 499 1519 Minandri
546 1481 651 1521 una
695 1466 784 1522 die
836 1474 1243 1521 coronatorum.
1295 1460 1519 1527 Roma},
1571 1459 1828 1543 milliario

229 1556 508 1627 trigesimo
546 1558 619 1615 ab
653 1559 818 1625 urbe,
864 1557 1059 1613 natalis
1100 1565 1417 1613 sanctorum
1462 1551 1825 1619 Secundinis,

230 1647 550 1715 Donatulm.
603 1650 965 1715 Secundulaa,
1018 1648 1303 1712 Maxima,
1352 1647 1557 1710 Justus,
1604 1645 1827 1699 Menon.

1932 448 2087 491 mero
2128 433 2317 504 viginti
2358 433 2619 505 quinque.
2648 431 2703 489 ln
2755 431 3038 491 Provincia
3082 433 3261 498 Retia,
3292 434 3518 489 civitate

1933 526 2196 596 Augusta,
2230 526 2431 583 natalis
2459 532 2773 587 sanctorum
2804 522 2940 587 Alri,
2965 532 3023 581 et
3052 524 3317 585 Venerias.

2006 634 2057 677 vt
2084 619 2204 673 idus
2228 618 2362 690 Aug.
2392 616 2600 684 Romus,
2626 616 2822 675 natalis
2850 624 3162 679 sanctorum
3194 598 3513 686 Secundini,

1934 709 2238 774 Severiani,
2269 708 2578 779 Carpol'ori,
2612 708 2900 773 Victorini,
2929 717 2985 762 et
3016 706 3223 764 Albini.
3255 708 3319 771 Et
3352 708 3406 763 in
3430 709 3515 762 via

1938 803 2169 869 Salaria,
2203 803 2445 871 Ustensi,
2477 800 2873 871 Crescentiani,
2905 800 3086 873 Largi,
3116 801 3407 865 Memmiae,
3431 800 3526 867 lu-

1936 894 2119 959 lianm,
2171 893 2481 965 Cyriacitis,
2517 905 2571 949 et
2612 893 2920 964 Smaragdi,
2954 892 3273 961 Secundini,
3322 894 3524 961 Albini,

1938 985 2259 1052 Victuriani,
2306 985 2572 1052 Faustini,
2620 985 2867 1053 Donatip,
2922 983 3144 1053 Felicis,
3194 984 3428 1040 Silvani.
3470 984 3529 1040 ltt

1934 1076 2272 1141 Nicomedia,
2300 1077 2497 1132 natalis
2526 1088 2843 1133 sanctorum
2872 1076 3088 1143 Nazari,
3111 1076 3365 1143 Julianac,
3386 1079 3529 1147 Aga-

1932 1186 2015 1242 pa:
2048 1172 2342 1241 virginum,
2374 1169 2663 1235 Euticiani,
2696 1170 3040 1233 Corintonis,
3071 1170 3385 1236 Diomedis,
3417 1169 3527 1225 ile-

1934 1262 2171 1319 ll'OdOl‘tB
2247 1261 2495 1332 virginis,
2554 1260 2746 1319 Justte.
2822 1260 3256 1332 Philadelpbize,
3330 1261 3526 1319 natalis

1931 1353 1991 1411 8.
2026 1353 2306 1421 Leonidis,
2332 1353 2569 1425 Agapiti.

2005 1464 2039 1500 v
2067 1447 2189 1503 idus
2215 1447 2349 1519 Aug.
2387 1447 2713 1519 ln,0riente,
2747 1448 2945 1505 natalis
2990 1458 3303 1505 sanctorum
3332 1450 3527 1520 Firmi,

1928 1539 2163 1607 Rustici,
2185 1539 2374 1608 Primi,
2393 1538 2790 1606 Crescentiani,
2812 1540 2993 1611 Largi,
3012 1541 3054 1596 Τ
3059 1540 3329 1612 yberiani,
3353 1541 3521 1608 Amii,

1931 1634 2231 1701 Tiberiani,
2260 1634 2550 1703 TheodOti,
2592 1634 2937 1701 Netnediani,
2992 1635 3255 1704 Laudaci,
3296 1636 3524 1701 Iuliani,

226 1739 408 1805 dri,...
444 1740 582 1811 iuni,
611 1742 839 1808 Silvani,
871 1740 1087 1795 Donati.
1114 1738 1173 1793 In
1205 1737 1380 1802 italia,
1411 1736 1678 1791 Vercellis
1701 1736 1829 1791 civi-
1859 1726 1906 1786 Β
1934 1726 2241 1796 Polycarpi,
2273 1727 2460 1797 Primi,
2487 1726 2667 1799 Xysti,
2702 1730 2959 1800 Agatopi,
2988 1740 3041 1787 et
3070 1731 3303 1787 aliorum
3330 1746 3527 1787 nume-

222 1842 364 1901 tate,
417 1834 687 1903 depositio
715 1835 885 1890 sancti
916 1831 1132 1888 Eusebii
1175 1829 1416 1901 episcopi
1462 1836 1519 1884 et
1547 1828 1827 1883 confesso-

221 1925 320 1982 ris.
347 1925 406 1981 ln
433 1927 722 1999 Hispaniis,
742 1925 995 1984 Gerunda
1008 1926 1248 1990 civitate,
1276 1921 1470 1978 natalis
1496 1923 1665 1976 sancti
1683 1919 1829 1975 Feli-

220 2018 299 2073 cis
330 2021 615 2091 martyris.
645 2020 699 2075 In
722 2019 917 2087 Gallia,
936 2020 1157 2073 civitate
1178 2016 1466 2082 Bituricus,
1492 2013 1642 2070 Beati
1659 2012 1828 2068 Arce-

219 2109 330 2166 ladi
364 2111 635 2181 episcopi.
662 2112 719 2167 In
754 2112 1033 2167 territorio
1060 2110 1413 2165 Parisiacensi
1432 2148 1445 2172 ,
1480 2108 1531 2161 in
1560 2108 1681 2177 ipso
1710 2106 1830 2161 loco

220 2204 311 2275 qui
345 2204 553 2260 dicitur
594 2205 838 2274 Lupera,
877 2205 1058 2274 passio
1099 2202 1272 2258 saneti
1314 2200 1516 2257 JuSIini
1554 2190 1826 2270 martyris.

238 2308 255 2316 ’
291 2312 346 2351 tv
379 2314 505 2352 non.
542 2296 674 2366 Aug.
730 2298 916 2353 Romae
965 2295 1019 2351 in
1051 2294 1371 2351 caemeterio
1412 2290 1623 2357 Calisti,
1652 2291 1828 2345 sancti

218 2384 487 2455 Stephani
515 2388 790 2458 martyris.
822 2387 876 2443 In
910 2386 1223 2453 Antiat‘hia,
1247 2384 1441 2441 natalis
1473 2382 1825 2453 reliquiarum

219 2476 490 2546 Stephani
514 2479 931 2549 protomartyris
955 2487 1011 2533 et
1042 2479 1276 2542 diaconi,
1310 2478 1401 2547 qui
1431 2475 1829 2546 Hierosolymis

217 2576 306 2621 est
331 2569 629 2624 translatus
663 2586 729 2625 ex
776 2570 1110 2627 revelatione
1156 2568 1375 2624 Luciani
1409 2569 1738 2639 presbyteri.
1768 2566 1825 2622 In

216 2662 461 2719 Caesaris
512 2664 872 2733 Mauritanizc,
901 2665 1219 2728 Theodotus,
1250 2672 1304 2718 et
1348 2674 1558 2731 septem
1590 2662 1825 2717 ﬁliorum

216 2754 361 2823 ejus.
393 2758 464 2812 Et
516 2758 567 2817 in
620 2757 793 2825 Italia,
824 2759 1045 2814 civitate
1074 2758 1340 2822 Romana,
1371 2756 1569 2813 natalis
1609 2767 1828 2810 sancto-

215 2864 339 2905 rum
357 2850 561 2908 Felicis
580 2862 630 2906 et
646 2852 818 2908 sancti
841 2850 1034 2907 Niceti.
1052 2850 1387 2916 Nicomedia,
1404 2849 1609 2905 natalis
1622 2859 1827 2921 marty-

215 2958 341 2997 rum
375 2960 609 3003 numero
638 2954 849 3014 septem
873 2960 995 3000 cum
1025 2946 1190 3001 sociis
1216 2959 1427 2999 eorum.

290 3050 351 3090 ιιι
385 3052 513 3090 non.
544 3035 681 3109 Aug.
714 3036 901 3092 Sancti
951 3036 1235 3104 Metropoli
1283 3036 1548 3105 episcopi,
1581 3046 1636 3091 et
1689 3035 1825 3092 Her-

1934 1834 1996 1873 ro
2044 1816 2317 1883 undecim,
2371 1818 2730 1888 Felicissimi,
2772 1819 3137 1891 Carpophori,
3195 1820 3521 1893 Zemaragdi

1933 1925 2055 1967 cum
2098 1908 2222 1966 aliis
2268 1910 2454 1965 decem
2509 1922 2564 1965 et
2609 1927 2822 1968 novem.
2854 1912 2913 1967 In
2940 1914 3290 1980 Alexandria,
3323 1916 3520 1971 natalis

1932 2014 2245 2067 sanctorum
2276 2006 2560 2070 Antonini,
2587 2014 2645 2060 et
2671 2004 2868 2069 Oniou,
2893 2005 3190 2071 Tiburtini,
3229 2007 3523 2076 Valeriani,

1936 2101 2201 2171 Dionysii,
2224 2099 2443 2166 Felicis,
2477 2098 2762 2163 Euticiani,
2789 2097 2947 2169 Gagi,
2970 2097 3271 2162 Melciadis,
3295 2099 3527 2168 Stepha-

1936 2194 2011 2259 ni,
2053 2193 2278 2261 Urbani,
2314 2194 2469 2263 Luci,
2503 2192 2740 2260 Mamon,
2785 2191 3005 2259 Sactiri,
3045 2192 3270 2260 Nitnidi,
3314 2193 3525 2263 Ladici,

1931 2289 2152 2353 Juliani,
2190 2287 2491 2358 Polycarpi,
2526 2286 2727 2356 Magni,
2770 2286 3018 2356 Sylvani.
3064 2286 3253 2341 Romae
3303 2285 3357 2342 in
3411 2301 3528 2341 cm-

1935 2384 2183 2447 metcrio,
2216 2383 2483 2451 depositio
2516 2381 2759 2451 Dionysii
2794 2382 3055 2452 episcopi.
3086 2381 3152 2437 Et
3186 2383 3237 2436 in
3269 2381 3525 2445 Colonia,

1934 2475 2129 2531 natalis
2186 2484 2493 2528 sanctorum
2545 2473 2779 2540 Viriani,
2838 2474 3160 2542 Marcellini,
3208 2474 3525 2540 Secundini,

1933 2568 2111 2639 Xysti,
2146 2567 2290 2622 Urbe
2323 2566 2660 2632 Lemovicas,
2692 2565 2753 2621 8.
2778 2566 2993 2621 Martini
3016 2566 3379 2623 Brivatensis.

2002 2677 2052 2716 tv
2085 2662 2203 2715 idus
2230 2660 2366 2731 Aug.
2413 2660 2620 2724 Romae,
2647 2659 2732 2713 via
2781 2658 3091 2725 Tiburtina,
3124 2660 3327 2715 natalis
3352 2659 3528 2715 sancti

1931 2755 2203 2811 Laurentii
2258 2753 2647 2819 archidiaconi,
2693 2763 2748 2808 et
2777 2754 3048 2825 martyris.
3082 2753 3139 2808 lo
3193 2754 3274 2808 tia
3327 2754 3526 2826 Appia,

1932 2848 2275 2903 Felicissimi.
2326 2846 2395 2901 Et
2444 2846 2571 2901 alibi
2619 2844 3024 2911 Crescentiani,
3068 2844 3249 2911 Nerei,
3295 2846 3529 2913 Jaccnti,

1930 2942 2193 3004 Januarii,
2229 2941 2542 3010 Exuperati,
2570 2939 2779 3012 Cyrilli,
2806 2940 3010 3006 Quinti,
3038 2938 3314 3006 Germani,
3346 2940 3529 2995 Cerni-

1932 3037 2009 3104 ni,
2042 3034 2300 3103 Qttit'iaci,
2328 3032 2576 3102 Eugenii.
2620 3033 2753 3088 item
2786 3033 3036 3102 Eugenii,
3068 3032 3305 3099 Pastori,
3332 3033 3527 3087 anel-

214 3129 352 3183 meli
419 3130 698 3201 martyris.
743 3131 802 3186 In
851 3130 1346 3199 Constantinopoli,
1395 3130 1592 3186 natalis
1650 3131 1823 3187 sancti
1854 3114 1899 3179 Ο
1934 3128 2020 3197 lae,
2054 3128 2326 3193 Pontiani,
2357 3126 2643 3198 Crispinus,
2675 3127 3003 3194 Innocentii,
3039 3126 3332 3192 Terentiae,
3361 3127 3525 3182 Eleu-

210 3227 486 3293 Arhillei,
510 3228 667 3283 Justi.
706 3230 770 3283 Et
800 3230 995 3285 natalis
1023 3237 1297 3285 sanctae...
1325 3228 1520 3285 ddenis
1546 3232 1821 3301 martyris.

210 3322 441 3383 Romae,
470 3322 664 3378 natalis
686 3332 997 3379 sanctorum
1020 3322 1284 3391 Drogcnis
1313 3333 1365 3378 et
1394 3323 1680 3394 Stephani.
1700 3323 1828 3379 Hie-

209 3415 551 3487 rosolymis,
582 3416 824 3472 inventio
864 3418 1109 3486 corporis
1141 3417 1441 3472 beatissimi
1493 3419 1649 3488 primi
1684 3434 1826 3473 mar-

210 3509 390 3579 tyris,
417 3519 474 3563 et
502 3519 818 3566 sanctorum
846 3510 1179 3575 Gamalielis,
1213 3510 1515 3577 Nicodemi,
1541 3521 1596 3569 et
1626 3515 1828 3570 Abibo-

211 3604 327 3657 nis.
358 3601 432 3658 In
488 3604 876 3674 Augustiduno,
902 3605 1157 3675 depositio
1205 3603 1454 3677 Eufronii
1502 3609 1733 3678 episcOpi
1780 3622 1829 3663 et
1874 3650 1881 3659 ρ

211 3695 564 3762 confessoris.

292 3789 491 3844 Pridie
518 3808 642 3845 non.
678 3792 916 3865 Augusti.
954 3792 1159 3859 ltomze,
1192 3795 1275 3848 vis
1308 3792 1615 3861 Tiburtina,
1642 3797 1693 3851 in
1720 3811 1830 3852 coe-

211 3886 485 3949 meterio,
506 3885 700 3939 natalis
730 3896 1040 3941 sanctorum
1072 3898 1371 3959 martyrum
1394 3888 1825 3960 Crescentianae,

213 3987 271 4030 et
307 3977 505 4032 Justw.
539 3979 607 4034 Et
654 3980 851 4035 natalis
878 3982 1049 4035 sancti
1090 3980 1354 4036 Seciocti.
1392 3982 1450 4035 lo
1480 3982 1825 4054 Nicomedia,

212 4069 428 4124 natalis
458 4083 769 4126 sanctorum
802 4072 983 4140 Segne,
1015 4080 1072 4127 et
1112 4072 1501 4128 Bartholommi
1550 4076 1823 4147 martyris.

211 4162 493 4233 Lugduno
539 4163 740 4233 Gallice,
780 4166 1028 4221 adventus
1068 4166 1304 4239 corporis
1352 4169 1525 4222 sancti
1571 4167 1712 4222 Julii
1764 4170 1830 4223 de

213 4274 426 4312 ενεηιο.

218 4390 221 4391 ν
293 4350 479 4406 Nonis
505 4353 640 4423 Aug.
686 4352 889 4407 Natalis
931 4361 1243 4409 sanctorum
1295 4352 1542 4419 Herenti,
1589 4353 1827 4421 lleracli,

210 4448 410 4514 Dassi,
437 4447 555 4501 sive
585 4448 755 4504 Bassi.
785 4447 1064 4520 Axiopoli,
1093 4447 1349 4513 Herenei,
1378 4446 1614 4513 llerocli,
1642 4448 1823 4503 Dassi.

1930 3226 2096 3295 cippi,
2148 3224 2348 3291 Sidori,
2406 3223 2629 3293 Agapm,
2674 3222 2902 3290 Christi,
2960 3222 3207 3288 l‘luticim,
3253 3221 3522 3291 Cyriacm.

1930 3317 2085 3385 item,
2127 3314 2404 3386 Elencippi
2432 3330 2558 3369 cum
2590 3314 2714 3368 aliis
2742 3329 2837 3369 sex
2869 3311 3285 3381 lonocentibus,
3308 3312 3397 3383 qui
3421 3328 3526 3367 una

1930 3411 2018 3465 die
2044 3409 2291 3465 coronati
2314 3416 2461 3462 sunt.
2491 3406 2637 3473 Sevi,
2664 3406 2995 3460 Crescentia:
3013 3419 3135 3459 cum
3164 3404 3286 3459 aliis
3308 3404 3525 3475 triginta

1931 3517 2160 3571 quorum
2194 3499 2408 3553 nomina
2457 3498 2725 3552 habentur
2751 3497 2805 3551 in
2851 3496 2992 3552 libro
3024 3496 3170 3551 vitae.
3204 3496 3261 3552 In
3292 3497 3526 3566 Epheso,

1936 3593 2129 3648 natalis
2157 3600 2365 3660 septem
2395 3588 2799 3645 dormientium.

2004 3703 2063 3743 ιιι
2101 3687 2219 3742 idus
2247 3688 2381 3759 Aug.
2415 3683 2623 3741 Natalis
2647 3683 2709 3741 S.
2736 3681 2991 3751 Tiburtii,
3022 3690 3077 3737 et
3104 3682 3297 3737 natalis
3322 3692 3529 3739 sanctas

1934 3781 2215 3839 Susannte.
2247 3778 2305 3834 lu
2338 3776 2604 3849 Nicopoli,
2640 3776 2823 3847 passio
2868 3775 3164 3831 multorum
3203 3788 3527 3849 martyrum,

1933 3891 2161 3948 quorum
2210 3874 2427 3929 nomina
2478 3870 2620 3926 Deus
2672 3868 2819 3925 scit:
2852 3878 2907 3923 et
2938 3868 3117 3937 passio
3158 3870 3215 3924 S.
3256 3868 3525 3925 Cassiani.

1938 3973 2203 4035 Ebrocas,
2237 3968 2432 4023 natalis
2459 3966 2516 4023 S.
2551 3964 2773 4020 Taurini
2804 3962 3049 4033 episcopi
3081 3972 3137 4018 et
3166 3962 3521 4017 confessoris.

1937 4064 2214 4119 Camcraco
2242 4062 2443 4115 civitate
2474 4059 2527 4112 in
2552 4055 2753 4124 Gallia,
2784 4056 2974 4111 natalis
3002 4054 3085 4125 δέ
3106 4054 3387 4124 Gaugerici
3418 4055 3529 4125 epi-

1935 4160 2079 4231 scopi
2102 4166 2153 4212 et
2181 4153 2514 4226 confessoris.

2009 4267 2043 4305 tt
2070 4251 2188 4304 idus
2220 4248 2353 4318 Aug.
2390 4246 2445 4301 ln
2490 4244 2698 4312 Sicilia,
2730 4242 2951 4299 civitate
2979 4237 3296 4308 ,Cathenas,
3333 4235 3528 4292 natalis

1937 4356 2250 4403 sanctorum
2282 4341 2492 4413 Eopoli,
2521 4339 2788 4404 Vereciae,
2814 4334 3086 4391 Veneriae.
3116 4332 3189 4387 Et
3212 4331 3391 4403 Syria,
3412 4330 3532 4386 vico

1937 4443 2262 4508 Gamarato,
2306 4446 2654 4498 sanctorum,
2691 4428 2973 4492 Macharii,
3022 4427 3247 4483 Juliani.
3320 4426 3530 4490 ltomaa,

218 4538 446 4601 Romae,
481 4539 755 4596 dedicatio
786 4508 1031 4597 ecclesiae
1052 4550 1255 4595 sanctae
1280 4540 1481 4594 Marias.
1512 4540 1567 4594 In
1598 4540 1823 4597 civitate
1864 4508 1913 4569 Β
1942 4537 2133 4593 natalis
2158 4544 2467 4590 sanctorum
2496 4525 2830 4599 Cbrysanthi
2867 4532 2924 4578 et
2956 4521 3158 4585 Duriae,
3193 4526 3250 4573 et
3278 4520 3370 4588 qui
3403 4533 3526 4571 cum

216 4632 497 4701 Augusta,
532 4633 710 4698 passio
737 4644 941 4688 sanctas
989 4631 1152 4687 Alcm.
1190 4633 1587 4702 Augustiduno,
1614 4635 1817 4689 natalis

214 4727 276 4778 S.
313 4725 568 4780 Cassiani
589 4725 852 4805 episcopi.
875 4726 1188 4781 Catalaunis
1213 4726 1457 4790 civitate,
1484 4726 1678 4781 natalis
1701 4741 1823 4781 san.

215 4821 297 4874 cti
354 4819 572 4875 Memmi
603 4820 844 4889 episcOpi
876 4830 933 4874 et
957 4819 1314 4875 confessoris.
1352 4821 1414 4873 Iit
1441 4819 1593 4887 alibi,
1630 4822 1831 4877 natalis

218 4924 554 4970 sanctorum
581 4913 843 4980 Floriani,
876 4922 929 4969 et
952 4912 1216 4968 Filistinae
1246 4922 1573 4984 martyrum.

299 5024 401 5063 vnt
450 5009 566 5077 idus
619 5010 751 5082 Aug.
779 5008 990 5073 Romae,
1018 5007 1069 5061 in
1100 5006 1424 5062 cmmetcrio
1463 5006 1688 5075 Calesti,
1742 5008 1830 5062 via

224 5102 439 5173 Appia,
466 5103 662 5157 natalis
686 5101 824 5158 Sixti
852 5100 1113 5171 episcopi,
1136 5111 1192 5155 et
1218 5098 1566 5164 Felicissimi,
1591 5100 1831 5169 Agapiti,

224 5196 553 5265 Donatiani,
589 5195 793 5261 Fausti,
830 5195 1164 5260 Praetextati,
1194 5192 1499 5258 Laurentii,
1542 5192 1837 5264 Hippolyti,

221 5300 287 5344 et
320 5290 557 5345 militum
580 5298 802 5345 centum
825 5287 1103 5359 sexaginta
1126 5288 1384 5342 duorum.
1412 5285 1482 5340 Et
1512 5285 1692 5355 passio
1714 5298 1843 5339 san-

222 5394 346 5436 cun
368 5380 534 5437 Afrae.

310 5487 391 5531 vn
446 5474 567 5528 idus
624 5472 759 5543 Aug.
794 5471 852 5526 In
901 5470 1211 5540 Antiochia,
1265 5471 1463 5526 natalis
1522 5478 1840 5525 sanctorum

221 5566 617 5639 Symphronii,
662 5565 931 5632 Veneriis,
981 5575 1035 5622 et
1079 5565 1311 5622 aliorum
1356 5574 1568 5638 septem
1627 5578 1843 5638 germa-

226 5678 460 5719 norum.
494 5661 554 5719 In
612 5660 833 5727 Tuscia,
885 5662 1105 5717 civitate
1152 5662 1366 5729 Aracia,
1414 5660 1613 5723 natalis
1669 5658 1843 5717 sancti

226 5755 440 5815 Donati
490 5755 732 5829 episcopi
782 5764 836 5812 at
888 5754 1240 5812 conlessoris.
1276 5754 1607 5823 Mediolano,
1638 5751 1839 5809 natalis

1936 4631 2016 4687 eis
2064 4630 2205 4700 passi
2252 4634 2399 4689 sunt,
2430 4622 2663 4686 Claudii,
2713 4617 2939 4679 Elaris),
2973 4612 3215 4677 Jasonis,
3258 4610 3449 4679 Mauri,
3480 4620 3537 4667 et

1938 4724 2168 4778 militum
2200 4719 2473 4787 octoginta
2510 4728 2627 4769 sex.
2664 4709 2733 4764 Et
2757 4710 2813 4762 in
2838 4706 3021 4773 lstria,
3050 4703 3251 4759 natalis
3274 4702 3332 4759 S.
3364 4701 3533 4757 Julia—

1938 4822 1991 4875 ni
2022 4833 2144 4872 cum
2174 4813 2334 4869 sociis
2364 4811 2498 4865 suis.

2008 4910 2131 4965 ldus
2182 4907 2318 4974 Aug.
2369 4903 2587 4967 Romae,
2641 4896 2837 4951 natalis
2894 4902 3207 4947 sanctorum
3259 4888 3535 4961 Hippolyti

1940 5000 2217 5072 martyris,
2252 4993 2503 5050 Pontiani
2540 4988 2805 5059 episc0pi,
2833 4982 3103 5049 Cornelii,
3134 4981 3403 5051 Cassiani,
3428 4979 3532 5037 Ca-

1946 5094 2068 5151 lesti
2098 5107 2220 5147 cum
2263 5088 2427 5143 sociis
2471 5098 2685 5141 eorum.
2716 5078 2975 5153 Synnada
3024 5076 3295 5149 Phrygiae,
3336 5074 3536 5129 natalis

1944 5191 2003 5246 S.
2026 5184 2244 5243 Antonii
2282 5178 2548 5252 episcopi.
2592 5174 2854 5245 Lugdune
2882 5172 3095 5237 Galliae,
3138 5172 3333 5226 natalis
3363 5170 3540 5224 sancti

1948 5278 2116 5337 Anoci
2147 5272 2402 5347 episeopi.
2421 5266 2955 5335 Pictavis,dcpositio
2974 5273 3171 5319 sancta
3202 5261 3541 5333 lladegundaz

1948 5375 2159 5445 reginw.
2212 5367 2441 5421 Ebrocas
2496 5364 2725 5425 civitate,
2776 5356 2971 5413 natalis
3015 5358 3183 5411 sancti
3231 5352 3542 5424 Landulplti

1950 5464 2175 5540 episcopi
2197 5472 2242 5517 et
2271 5457 2607 5529 confessoris.

2022 5576 2111 5618 ιιι
2138 5558 2243 5613 kal.
2285 5554 2428 5625 Sept.
2464 5547 2715 5613 Geudara
2758 5543 2950 5615 Syrias,
2987 5542 3179 5599 natalis
3224 5542 3280 5598 S.
3334 5539 3533 5607 Fortu-

1951 5654 2062 5709 nati
2096 5647 2370 5719 ntartyris.
2396 5644 2452 5700 In
2481 5641 2686 5707 Africa,
2723 5636 2923 5693 natalis
3043 5634 3323 5693 Demetrii.
3348 5634 3417 5689 Et
3440 5632 3547 5691 ali.

1955 5750 2004 5805 bi
2032 5743 2230 5811 Eutici,
2266 5739 2436 5807 Pauli,
2471 5733 2706 5801 Horacli,
2739 5732 3078 5801 Possessori,
3108 5730 3306 5797 Parmi,
3340 5726 3541 5796 visui,
