4050 6198
446 192 577 254 471

1541 183 1601 240 S.
1642 176 2028 238 HIERONYMI
2066 172 2351 233 OPERUM
2387 171 2751 231 MANTISSA.

3701 175 3811 235 472

456 310 749 381 Hermae,
812 301 1135 375 Prospolmi,
1185 298 1506 365 Prosalami,
1562 296 1823 361 Bermiaa,
1881 289 2263 353 IIeracliAvi
2283 298 2335 346 et
2357 288 2754 381 Emilianicum
2783 288 2907 346 ﬁliis
2928 288 3793 364 octo,etsanctiSymphroniani

478 418 630 460 cum
666 404 861 461 tribus.
895 398 951 452 In
974 391 1246 462 Aquileia,
1271 392 1468 446 natalis
1511 397 1829 444 sanctorum
1872 386 2093 454 Felicis,

484 492 848 554 Fortunata‘,
883 481 1207 547 Vincentim,
1233 480 1556 537 Vindirasiri
1588 480 1615 509 ⁸
1642 479 1842 534 natalis
1870 486 2099 533 sancto-

491 602 631 642 rum
661 578 904 645 Eusebii,
933 576 1127 645 Tituli,
1154 575 1488 644 Conditoris,
1513 572 1885 645 Prospolami,
1921 569 2097 639 Casti,

497 676 758 733 Candidi.

575 784 711 824 xviii
737 765 843 821 kal.
887 767 1034 839 Sept.
1067 762 1126 819 In
1167 758 1511 827 Nicomedia,
1542 758 1744 814 natalis
1782 764 2103 813 sanctorum

504 858 808 923 Stratonis,
827 854 1084 927 Philippi,
1111 862 1165 909 et
1191 849 1460 907 Euticiani
1481 866 1495 917 ;
1520 856 1577 906 et
1600 847 1893 920 Assumptio
1910 854 2107 902 sanctae

506 950 701 1005 Maria:
722 949 901 1003 matris
924 945 1137 1002 Domini
1158 944 1343 999 nostri.

576 1057 690 1097 xvu
737 1041 840 1095 kal.
872 1040 1023 1111 Sept.
1056 1038 1112 1093 in
1144 1034 1501 1103 Alexandria,
1539 1034 1739 1090 natalis
1786 1042 2105 1090 sanctorum

507 1133 748 1201 Orionis,
784 1131 981 1197 Emcli,
1010 1129 1194 1195 Anati,
1225 1128 1447 1194 Justini,
1471 1126 1627 1183 Luci.
1659 1126 1717 1182 In
1742 1125 1990 1192 Persida,
2016 1140 2110 1181 na-

507 1226 637 1283 talis
665 1226 724 1281 S.
752 1223 911 1295 Tyrsi
932 1237 1058 1279 cum
1083 1220 1248 1279 sociis
1272 1220 1411 1276 suis.

583 1334 672 1373 xvi
716 1316 823 1372 kal.
853 1316 1004 1387 Sept.
1062 1314 1119 1369 ln
1168 1312 1407 1368 Caesaria
1456 1310 1847 1382 Cappadocia),
1908 1308 2111 1366 natalis

513 1410 574 1468 S.
604 1408 912 1465 Mammelis
959 1406 1229 1462 Monachi.
1258 1405 1314 1460 In
1356 1404 1667 1461 Nicomedia
1698 1404 1987 1476 Bithynia),
2019 1419 2117 1458 na-

516 1504 646 1558 talis
670 1510 873 1558 sanctae
887 1500 1208 1571 Euphemiae
1228 1496 1479 1569 virginis,
1497 1497 1775 1552 Macharii.
1795 1498 1851 1551 In
1879 1495 2117 1552 Alexan-

519 1598 661 1664 dria,
695 1596 899 1653 natalis
919 1595 977 1652 S.
1010 1593 1251 1650 Orionis.
1278 1592 1408 1647 Item
1440 1592 1768 1658 Mammetis,
1796 1590 2110 1659 Emeldisei,

516 1689 812 1746 Mammita:
839 1702 962 1743 cum
990 1687 1155 1743 sociis
1176 1686 1309 1750 suis,
1340 1684 1566 1740 Juliani.

591 1800 663 1839 xv
690 1783 794 1837 kal.
827 1782 977 1854 Sept.
1005 1780 1341 1836 Praenestina
1364 1778 1604 1843 civitate,
1638 1775 1895 1832 milliario
1922 1774 1991 1832 ab
2016 1792 2112 1831 ur-

518 1877 589 1933 be
639 1876 923 1947 trigesimo
971 1872 1149 1938 tertio,
1186 1870 1380 1925 natalis
1436 1868 1614 1924 sancti
1662 1866 1897 1939 Agapiti.
1950 1867 2019 1922 Et
2060 1868 2114 1924 in

518 1970 717 2036 Ponto,
747 1966 969 2021 Amecia
1000 1965 1029 2005 ι’
1067 1963 1310 2030 civitate,
1341 1962 1536 2017 natalis
1568 1971 1884 2015 sanctorum
1925 1959 2115 2016 Ponti-

518 2058 618 2127 mi,
644 2056 952 2125 Philantite,
987 2056 1230 2111 Helianze
1266 2053 1515 2124 virginis,
1553 2052 1836 2109 Martiante
1866 2052 2111 2139 virginis,

520 2160 576 2206 et
620 2148 931 2204 Lanciauze.
964 2148 1023 2203 In
1051 2148 1257 2213 Africa,
1288 2145 1485 2201 natalis
1528 2155 1844 2200 sanctorum
1896 2145 2113 2215 Massae,

516 2242 801 2311 Candidte,
830 2242 1029 2309 Dissei,
1061 2241 1323 2307 Amacite,
1345 2237 1859 2309 Potomi,liiartyrii,
1879 2238 2113 2309 Agapiti,

528 2335 710 2391 Eziaci
735 2350 861 2390 cum
891 2334 1054 2390 sociis
1079 2333 1225 2405 suis.

592 2442 686 2484 XIV
725 2428 832 2483 Ital.
860 2427 1009 2496 Sept.
1044 2426 1221 2481 Ponto
1275 2424 1331 2479 in
1370 2423 1595 2480 Amacia
1646 2424 1890 2489 civitate,
1925 2421 2121 2475 natalis

534 2528 847 2577 sanctorum
895 2516 1147 2581 Filionis,
1189 2514 1389 2576 Ruﬁni,
1422 2513 1637 2582 Leonti,
1688 2511 1979 2578 Theodoli,
2011 2511 2119 2582 Cy-

525 2607 893 2677 rilli,Zelasi,
941 2605 1232 2674 Timothei,
1284 2604 1512 2671 Gaddas,
1559 2605 1796 2674 Homoli,
1832 2604 2007 2661 Silvii.
2061 2604 2122 2661 ln

525 2699 877 2767 Alexandria,
910 2699 1105 2753 natalis
1128 2697 1188 2754 S.
1211 2697 1431 2752 Orionis
1456 2712 1579 2753 cum
1607 2696 1795 2753 sociis.
1820 2696 1887 2752 Et
1911 2696 1965 2751 in
1996 2696 2123 2752 Hie-

525 2790 835 2860 rosolyma,
869 2790 1139 2859 apparitio
1168 2798 1373 2846 sancta:
1397 2790 1604 2845 crucis.
1633 2790 1692 2845 ln
1726 2788 2123 2857 Bitorivo,vico

527 2884 819 2953 Vellauno,
845 2882 1118 2955 depositio
1166 2883 1344 2939 sancti
1396 2883 1626 2940 Mariani
1671 2884 2023 2941 confessoris.
2057 2886 2126 2942 Et

527 2978 730 3035 natalis
760 2978 939 3033 sancti
967 2977 1145 3050 Magni
1175 2978 1456 3051 martyris.

2204 380 2482 453 martyris.

2274 489 2306 528 x
2338 472 2445 529 kal.
2469 473 2619 545 Sept.
2644 474 2705 529 in
2736 474 3014 545 Aquileia,
3046 475 3243 531 natalis
3264 484 3581 534 sanctorum
3606 478 3805 535 Fortu-

2205 564 2339 635 nati,
2395 566 2774 639 Hermogenis,
2824 566 3001 640 Xysti,
3032 568 3341 636 fMartialis,
3394 569 3802 645 Hermogerati,

2204 658 2367 725 Justi,
2392 660 2601 716 Gerati.
2634 661 2845 727 Romzc,
2880 660 3076 717 natalis
3097 670 3414 718 sanctorum
3438 662 3797 733 Abundantii,

2204 751 2528 819 Innocentii,
2578 752 2961 821 Mirerendini,
3020 753 3260 825 Magnili.
3321 755 3378 810 In
3434 767 3597 827 portu
3650 759 3803 815 urbis

2209 844 2419 912 Romae,
2450 844 2650 901 natalis
2680 846 2852 901 sancti
2882 842 3181 917 Hippolyti,
3212 847 3303 918 qui
3331 847 3536 905 dicitur
3556 850 3807 920 Nunnus,

2208 952 2330 994 cum
2353 938 2519 995 sociis
2541 939 2675 995 suis.
2696 938 2757 994 In
2777 939 2952 1009 Ostia,
2978 941 3177 996 natalis
3198 951 3518 999 sanctorum
3543 945 3811 1016 Quiriaci,

2209 1027 2487 1085 Archelai.
2520 1029 2575 1083 In
2634 1032 2913 1100 provincia
2962 1030 3192 1098 Ciliciae,
3243 1034 3444 1090 natalis
3492 1047 3808 1095 sanctorum

2212 1122 2385 1193 Agite,
2414 1122 2651 1190 Claudii,
2685 1123 2909 1188 Asterii,
2944 1125 3177 1193 Neonis,
3206 1125 3465 1183 Domnini
3495 1144 3618 1185 cum
3642 1131 3811 1187 sociis

2214 1228 2427 1268 corum.
2454 1212 2721 1283 Lugduno
2746 1215 2959 1286 Gallias,
2987 1216 3187 1273 natalis
3227 1229 3541 1275 sanctorum
3598 1221 3812 1278 Miner-

2214 1303 2310 1370 vii,
2346 1304 2596 1360 Eleazari
2626 1319 2750 1361 cum
2781 1306 2905 1362 tiliis
2948 1315 3074 1363 octo
3104 1308 3454 1380 martyribus.
3486 1310 3677 1367 Remis
3729 1314 3808 1369 ci-

2216 1397 2406 1477 vitate,
2442 1399 2639 1456 natalis
2668 1412 2983 1457 sanctorum
3030 1401 3327 1473 Timothei,
3370 1414 3426 1459 et
3455 1405 3814 1475 Apollinaris.

2216 1490 2626 1563 Augustiduno,
2657 1493 2929 1565 depositio
2960 1493 3204 1549 Flaviani
3254 1496 3520 1567 episc0pi.
3552 1498 3809 1566 Arvenis,

2217 1584 2417 1639 natalis
2446 1586 2619 1639 sancti
2652 1584 2863 1641 Sidonii
2908 1600 3034 1642 cum
3071 1587 3236 1644 sociis
3262 1588 3398 1644 suis.
3450 1590 3815 1661 Augustiduno

2137 1668 2187 1728 B
2215 1677 2469 1745 depositio
2496 1674 2745 1731 Flaviani
2771 1680 3018 1750 episwpi.
3041 1693 3050 1741 ρ

2292 1784 2347 1822 tx
2369 1768 2474 1823 kal.
2500 1768 2647 1839 Sept.
2683 1770 2739 1825 lu
2780 1772 3093 1843 Antiochia,
3124 1773 3324 1829 natalis
3369 1783 3687 1832 sanctorum
3717 1776 3812 1834 Ze-

2222 1859 2393 1929 nobii,
2439 1859 2753 1931 Capitolini,
2790 1862 3066 1930 Emeritae,
3117 1864 3341 1932 italicae,
3392 1865 3631 1936 Juviani,
3666 1870 3812 1925 Julii.

2219 1950 2279 2007 In
2324 1950 2499 2016 India,
2541 1952 2739 2007 natalis
2783 1954 2957 2008 sancti
2988 1954 3377 2011 Bartholomtei
3413 1958 3675 2027 apostoli.
3700 1958 3808 2014 Ro-

2220 2058 2346 2109 mae,
2378 2042 2574 2098 natalis
2612 2044 2787 2098 sancti
2830 2044 3053 2101 Genesii
3082 2046 3359 2117 martyris.
3382 2046 3643 2104 Neverno
3683 2051 3817 2106 civi-

2222 2146 2351 2205 tate,
2374 2130 2648 2207 depositio
2687 2136 2907 2192 Patrlcii
2952 2139 3187 2196 abbatis.
3236 2138 3304 2194 In
3335 2140 3660 2214 Rothomago
3698 2144 3821 2197 civi-

2226 2240 2347 2296 tate,
2384 2232 2638 2303 depositio
2667 2234 2833 2287 sancti
2878 2233 3118 2289 Audoeni
3145 2234 3371 2307 episcopi
3405 2244 3450 2290 et
3480 2238 3816 2309 confessoris.

2223 2320 2291 2377 In
2314 2325 2579 2380 territorio
2602 2327 2854 2398 ejusdem,
2878 2325 2989 2380 rico
3021 2325 3369 2396 Luperciaco,
3398 2328 3653 2399 depositio
3695 2346 3821 2383 san-

2223 2421 2291 2473 cti
2318 2418 2577 2489 Gyldardi
2606 2420 2893 2491 presbyteri
2924 2427 2971 2473 et
2992 2420 3327 2491 confessoris.
3358 2420 3426 2475 Et
3467 2421 3522 2475 in
3552 2422 3815 2476 territorio

2223 2512 2389 2582 ipsius
2436 2512 2680 2581 civitatis,
2714 2512 2967 2583 depositio
2996 2513 3165 2567 sancti
3210 2510 3391 2584 Eptati
3444 2513 3731 2585 presbyteri
3771 2524 3821 2569 et

2225 2607 2557 2678 confessoris.

2295 2712 2392 2752 VIH
2421 2697 2523 2753 kal.
2569 2696 2722 2769 Sept.
2746 2697 2804 2753 ln
2853 2698 3134 2769 provincia
3160 2698 3364 2769 ,Syriaz,
3409 2698 3607 2754 natalis
3648 2699 3821 2754 sancti

2227 2792 2450 2850 Juliani.
2482 2792 2539 2847 ιη
2575 2794 2786 2863 Capua,
2815 2792 3042 2849 civitate
3070 2792 3404 2864 Campaniae,
3438 2793 3635 2848 natalis
3662 2808 3819 2849 sanc-

2229 2896 2405 2942 torum
2430 2884 2635 2953 Ruﬁni,
2662 2885 2841 2941 Eutici
2863 2900 2989 2941 cum
3017 2885 3182 2941 sociis
3204 2899 3420 2942 eorum.
3444 2885 3695 2949 Arelato,
3730 2901 3825 2940 na-

2228 2981 2355 3035 talis
2391 2986 2703 3035 sanctorum
2752 2979 2972 3036 Genesii
3031 2980 3308 3050 martyris,
3339 2979 3492 3046 Julii,
3524 2979 3817 3046 llermetis,

601 3085 699 3125 xm
730 3068 836 3124 Ital.
863 3069 1012 3143 Sept.
1044 3070 1103 3125 In
1128 3068 1385 3139 Lucania,
1418 3070 1618 3127 natalis
1656 3080 1969 3128 sanctorum
2007 3073 2122 3129 Va-
2155 3057 2203 3123 C
2233 3073 2466 3130 Joviani.
2496 3073 2555 3128 ln
2584 3072 2867 3144 Hispania,
2898 3071 3099 3128 natalis
3144 3082 3462 3128 sanctorum
3522 3081 3823 3144 martyrum

529 3162 781 3229 lentiani,
804 3162 1044 3219 Leontii.
1078 3163 1135 3219 In
1156 3163 1514 3233 Alexandria,
1542 3164 1736 3220 natalis
1761 3167 1935 3221 sancti
1956 3166 2127 3227 ,Dios-

532 3255 673 3312 Cori.
693 3256 752 3311 ln
780 3257 1033 3328 Synnada
1063 3258 1316 3325 civitate,
1349 3267 1667 3315 sanctorum
1699 3259 1973 3327 Pistiarci,
1998 3260 2130 3316 Dio-

531 3349 731 3418 madis,
761 3350 995 3421 Agativi,
1020 3351 1160 3420 Zeti,
1192 3350 1496 3422 Pamphili,
1530 3351 1723 3409 Coloni
1749 3352 1905 3408 Conf.
1942 3352 1999 3408 In
2021 3354 2129 3409 Tu-

532 3446 745 3513 ronico,
773 3445 1013 3503 Cainone
1032 3447 1528 3519 castro,depositio
1553 3446 1731 3503 sancti
1751 3446 1972 3503 Maximi
1993 3462 2128 3504 con-

531 3536 782 3593 fessoris.
808 3538 875 3592 Et
898 3541 1148 3611 depositio
1173 3541 1341 3595 sancti
1362 3538 1626 3595 Filiberti.

608 3646 684 3685 xit
714 3630 820 3684 kat.
850 3632 997 3702 Sept.
1033 3633 1088 3686 in
1116 3633 1414 3703 Hispaniis,
1450 3634 1652 3690 natalis
1680 3644 1997 3691 sanctorum
2033 3633 2131 3691 Ju-

538 3724 621 3789 lii,
653 3733 709 3778 ct
750 3722 996 3789 Julianii,
1023 3723 1320 3790 Vincentii,
1361 3726 1590 3795 Auguri,
1623 3727 1837 3782 Eulodi.
1870 3728 1926 3782 In
1969 3736 2130 3797 portu

537 3816 811 3884 Romano,
843 3817 1040 3872 natalis
1068 3817 1242 3872 sancti
1284 3816 1563 3889 Hippolyti
1603 3819 1880 3891 martyris.
1915 3820 1973 3875 ln
2000 3819 2131 3875 Sar-

536 3909 709 3977 diuia,
743 3909 944 3965 natalis
975 3910 1150 3965 sancti
1180 3910 1426 3977 Luxurii,
1458 3910 1697 3982 Traiani,
1734 3912 1994 3980 Quadrati
2016 3914 2131 3984 epi-

535 4003 711 4073 scopi,
728 4002 917 4059 Primi.
941 4001 1001 4057 In
1026 4002 1382 4071 Alexandria,
1410 4005 1609 4062 natalis
1638 4018 1956 4064 sanctorum
1974 4008 2129 4075 Pisti,

534 4094 684 4152 Sevi.
707 4096 862 4163 Item,
891 4096 1173 4165 Quadrati.
1211 4096 1564 4169 Sindol'agiaa,
1589 4100 1787 4155 natalis
1815 4112 2133 4156 sanctorum

534 4187 803 4258 Arthosii,
852 4188 1152 4258 Diomedis,
1205 4188 1405 4255 Zotici,
1435 4191 1779 4262 Azatangeli,
1811 4192 2039 4263 Moysei.
2072 4192 2134 4249 In

534 4278 757 4336 Lucana
828 4280 1140 4351 provincia,
1192 4281 1392 4338 natalis
1456 4292 1777 4340 sanctorum
1833 4283 2130 4353 Valentini,

540 4372 783 4431 Leontii.
818 4376 875 4431 In
913 4376 1279 4446 Caballitano,
1314 4377 1441 4435 vico
1471 4378 1757 4446 Mimmati,
1793 4379 1973 4450 passio
2008 4394 2135 4436 san-

542 4466 617 4522 cti
644 4466 851 4523 Privati
882 4469 1171 4542 martyris.

607 4576 663 4615 xt
692 4560 798 4616 kal.
838 4560 989 4633 Sept.
1018 4563 1232 4632 Romae,
1265 4564 1351 4619 via
1402 4562 1681 4630 Ostiense,
1706 4562 1761 4618 in
1811 4564 2134 4621 cmmeterio

534 4652 827 4723 ejusdem,
878 4656 1077 4711 natalis
1125 4657 1302 4713 sancti
1352 4655 1628 4712 Timothei
1674 4655 1929 4726 discipuli
1980 4655 2135 4712 Pauli

536 4746 789 4814 apostoli.
824 4746 895 4801 Et
919 4747 971 4802 in
1005 4758 1166 4817 portu
1198 4748 1465 4815 Romano,
1496 4748 1905 4818 peregrinorum
1930 4760 2135 4821 marty-

536 4851 682 4903 rum,
716 4846 772 4892 et
796 4840 993 4895 natalis
1018 4850 1330 4896 sanctorum
1360 4840 1645 4906 Martialis,
1675 4840 1880 4909 Aureli,
1910 4842 2136 4912 Epicte-

541 4928 605 4991 ti,
632 4931 929 4995 Saturuini,
960 4932 1186 5001 Aprilis,
1218 4942 1275 4988 et
1304 4933 1504 4988 Felicis
1545 4948 1670 4989 cum
1701 4935 1867 4991 sociis
1910 4949 2125 5003 eorum,

535 5015 675 5072 Jusn
710 5027 767 5073 et
798 5018 952 5075 Julii.
982 5022 1039 5078 In
1072 5023 1265 5093 Ponto,
1296 5024 1658 5094 Neoczesaria,
1690 5026 1887 5082 natalis
1914 5039 2134 5084 sancto-

534 5127 656 5168 rum
684 5112 929 5181 Nectavi,
964 5115 1112 5173 Sevi.
1147 5118 1207 5183 lu
1238 5119 1552 5185 Antiochia,
1582 5120 1780 5175 natalis
1809 5121 1983 5177 sancti
2013 5122 2131 5177 Ma-

531 5209 661 5263 rini.
684 5208 1067 5280 Augustiduno
1088 5211 1333 5280 civitate,
1365 5214 1561 5268 natalis
1582 5222 1899 5270 sanctorum
1936 5215 2136 5272 Miner-

604 5393 635 5425 ⁸
678 5392 1013 5468 Vindirasiri.
1040 5394 1121 5446 An
1153 5392 1293 5447 ullus
1322 5401 1409 5448 est
1428 5402 1670 5468 sanctus
1699 5396 1818 5468 ejus
1854 5398 2128 5455 nominis?

530 5462 863 5543 ita-quidem
898 5464 1202 5543 arbitratus
1229 5474 1314 5519 cst
1344 5464 1636 5543 Aclierius,
1659 5462 1751 5538 qui
1782 5467 2128 5543 Vindiratum

530 5533 1045 5609 inilieronymiano
1074 5533 1259 5588 Indice
1290 5540 1652 5604 memoravit;
1675 5533 1782 5594 'nos
1816 5554 1947 5594 vero
1969 5542 2128 5609 longe

531 5602 694 5680 aliter
717 5603 1132 5680 existimamus;
1162 5619 1289 5680 nam
1316 5618 1440 5680 cum
1473 5602 1658 5680 statim
1697 5618 1977 5680 sequatur,
2014 5602 2131 5667 Na-

545 5672 674 5740 ‘atis,
701 5682 809 5731 etc.
840 5674 1207 5744 perspicimus
1236 5674 1304 5731 ab
1350 5675 1600 5749 imperito
1627 5672 1861 5750 quodam
1886 5672 2127 5755 librario

2229 3166 2257 3223 J
2266 3165 2371 3221 usti
2402 3173 2457 3221 et
2480 3164 2724 3222 Pastoris
2744 3178 3157 3235 germanorum.

2301 3272 2375 3312 vn
2396 3256 2504 3311 kat.
2526 3256 2677 3329 Sept.
2699 3256 2935 3313 Civitate
2956 3256 3182 3322 Salona,
3206 3256 3403 3312 natalis
3422 3256 3597 3312 sancti
3627 3256 3805 3312 Anas-

2233 3352 2356 3410 tasii
2386 3352 2762 3423 martyris,....
2787 3351 2866 3407 sia
2897 3352 3142 3418 civitate,
3171 3361 3490 3409 sanctorum
3538 3351 3824 3420 Pocclani,

2231 3442 2482 3499 Mercurii
2529 3452 2853 3513 martyrum.
2898 3442 3090 3499 Romae
3141 3443 3200 3500 in
3251 3444 3590 3511 cmmeterio,
3623 3443 3826 3499 natalis

2233 3545 2550 3593 sanctorum
2576 3534 2809 3602 Basillzn,
2844 3536 3222 3604 Maximiliani,
3252 3538 3444 3605 Quinti
3493 3546 3822 3608 martyrum.

2233 3630 2333 3686 Via
2380 3628 2741 3696 Praenestina,
2770 3630 3005 3684 militum
3053 3631 3245 3701 viginti
3288 3630 3552 3702 quinque.
3601 3630 3830 3686 Arelato

2232 3725 2472 3789 civitate,
2503 3722 2698 3779 natalis
2742 3733 3063 3779 sanctorum
3121 3725 3270 3791 Sevi,
3320 3724 3579 3791 Victoris,
3636 3723 3827 3779 Primi.

2233 3819 2370 3875 item
2405 3816 2667 3874 Victoris.
2720 3816 3056 3873 Autisiodero
3100 3818 3324 3883 civitate,
3360 3816 3617 3887 depositio
3660 3816 3831 3870 sancti

2234 3913 2507 3968 Eleutheri
2536 3913 2765 3985 episcopi
2796 3929 2915 3967 cum
2943 3914 3098 3967 sociis
3124 3914 3234 3968 suis
3262 3910 3666 3983 confessoribus.

2305 4020 2359 4061 vt
2385 4005 2493 4061 kal.
2519 4004 2672 4074 Sept.
2703 4004 2763 4061 In
2793 4004 3110 4072 Antiochia,
3146 4006 3341 4060 natalis
3368 4014 3690 4059 sanctorum
3727 4004 3829 4059 Sa-

2237 4100 2401 4167 basti,
2454 4098 2755 4156 Alexandri
2796 4099 3079 4166 abbatum,
3125 4099 3405 4155 Emeritac.
3450 4098 3506 4153 In
3562 4098 3826 4165 Lucania,

2237 4192 2484 4248 Polentia
2508 4191 2750 4258 civitate,
2785 4191 2984 4247 natalis
3008 4199 3327 4247 sanctorum
3356 4190 3582 4259 Felicis,
3609 4191 3830 4258 Aronti,

2236 4286 2547 4353 Sabiniani,
2582 4286 2867 4342 Honorati.
2895 4286 2967 4341 Et
3012 4286 3067 4340 in
3122 4285 3328 4358 Capua,
3363 4284 3567 4341 natalis
3611 4291 3834 4339 sancto-

2238 4396 2362 4437 rum
2387 4378 2531 4445 Ruli,
2563 4377 2762 4449 Magni.
2793 4376 3001 4443 Roma),
3033 4377 3234 4432 natalis
3257 4387 3578 4433 sanctorum
3607 4375 3839 4431 Herme-

2244 4472 2333 4539 tis,
2359 4481 2415 4525 ct
2444 4468 2679 4535 Basillas,
2709 4469 2858 4525 Julii.
2894 4468 3395 4539 Constantinopoli,
3426 4468 3623 4525 natalis
3667 4481 3838 4523 sanc-

2242 4573 2424 4620 torum
2446 4562 2575 4629 Olii,
2606 4572 2660 4619 et
2686 4562 2955 4633 Stephani
2978 4562 3137 4619 Mart.
3166 4562 3223 4617 ln
3253 4561 3442 4618 Tomis
3466 4562 3710 4626 civitate,
3741 4574 3841 4615 na.

2244 4662 2363 4716 talis
2389 4670 2704 4716 sanctorum
2730 4657 3052 4724 Marcellini,
3082 4656 3338 4723 Tribuni,
3367 4666 3425 4712 et
3453 4655 3669 4711 Mannis
3691 4667 3836 4709 uxo-

2242 4754 2320 4809 ris
2374 4753 2529 4823 ejus,
2588 4766 2715 4807 cum
2762 4751 2891 4806 filiis
2929 4750 3049 4821 ejus
3096 4749 3307 4805 Joanne
3356 4758 3412 4805 et
3462 4748 3768 4820 Serapione
3819 4762 3837 4801 :

2244 4846 2469 4915 Elcrici,
2499 4856 2554 4902 et
2581 4845 2726 4902 Petri
2747 4845 2958 4900 militis.
2986 4844 3054 4899 Et
3077 4843 3207 4899 alibi
3237 4843 3594 4913 quadraginta
3628 4847 3841 4911 marty-

2240 4940 2490 5012 rum,qui
2518 4940 2585 4995 de
2612 4938 2866 4995 Graecoin
2889 4937 3141 4992 Latinum
3166 4936 3419 4992 translati
3444 4944 3592 4990 sunt.
3618 4932 3833 4987 Arelate

2237 5034 2461 5100 civitate,
2498 5032 2752 5104 depositio
2781 5030 2949 5085 sancti
2978 5027 3197 5083 Caesarii
3226 5027 3457 5098 episcopi
3484 5034 3531 5079 et
3566 5024 3837 5094 confesso-

2237 5127 2331 5179 ris.
2361 5122 2749 5194 Augustidnno,
2779 5120 2967 5175 natalis
2995 5121 3165 5174 sancti
3189 5118 3411 5191 Syagrii
3440 5116 3689 5189 episcopi.

2307 5232 2341 5273 v
2371 5216 2476 5269 kat.
2511 5214 2660 5284 Sept.
2684 5213 2894 5279 Romae,
2928 5211 3013 5266 via
3043 5210 3493 5282 Salaria-vetere,
3525 5208 3583 5265 in
3622 5222 3842 5266 cmmeo

2240 5389 2929 5465 Vindirasirum‘eﬂ‘ectum
2961 5399 3085 5465 esse
3107 5403 3175 5465 ex
3210 5388 3351 5445 urbe
3380 5391 3620 5465 quadam
3646 5391 3847 5465 Syriae,

2235 5483 2355 5540 qua:
2385 5468 2472 5540 hic
2507 5462 2752 5540 \findjra,
2785 5471 2961 5540 supra
2983 5455 3231 5540 Ccndera
3255 5455 3594 5540 appellatur:

2307 5538 2336 5577 ι)
2366 5535 2597 5608 Amecia.
2633 5533 2823 5608 Dicere
2856 5526 3049 5581 ’νοιυίι
3104 5526 3359 5600 Amisina,
3389 5547 3521 5592 cum
3574 5533 3690 5608 hic,
3727 5545 3847 5594 tum

2236 5609 2400 5669 etiam
2430 5606 2518 5666 die
2541 5601 2816 5677 sequenti.

2290 5738 2303 5746 ‘
2349 5739 2505 5755 ηδιον.»
2532 5735 2543 5749 3
2580 5736 2591 5749 Ρ
2634 5735 2666 5750 η.⁹
2698 5734 2805 5755 ⁴9.Ιο-
2885 5730 2908 5747 ἦ
3669 5728 3836 5749 νο-ηι--ο
