4050 6198
210 272 312 329 475

1291 266 1846 328 VETUSTISSIMUM
1883 269 2413 331 KALENDARIUM.

3404 284 3511 342 ιτι

210 388 371 458 terio,
412 386 615 444 natalis
662 393 973 443 sanctorum
1005 383 1300 453 ﬂermetis,
1330 385 1577 453 Basilici,
1612 385 1807 455 Helias,
1835 388 2113 450 Anatalis
2161 390 2331 445 sancti
2386 388 2610 445 Antonii
2666 390 2843 461 pueri,
2897 395 3076 450 Aresti
3133 396 3393 470 episcopi.
3451 398 3509 455 ln

208 480 474 552 Stephani
504 480 743 547 diaconi,
790 479 1072 536 Pollionis.
1106 479 1163 534 In
1197 478 1561 547 Alexandria,
1610 482 1808 537 natalis

208 585 524 631 sanctorum
551 575 778 642 Polieni,
833 575 1170 646 Serapionis,
1199 574 1449 631 Justillae.
1497 574 1810 632 Constanti-

211 666 415 736 nopoli,
464 665 737 737 depositio
787 667 962 723 sancti
1002 666 1300 723 Alexandri
1332 668 1602 740 episcopi,
1634 668 1807 726 θινὶ-

211 758 353 814 viani
404 759 673 831 episcopi.
727 759 788 815 In
838 760 1117 817 territorio
1148 760 1409 817 Arvernis
1451 761 1626 829 urbis,
1685 762 1809 817 vico

210 854 454 922 Brivate,
488 854 689 910 natalis
736 855 914 910 sancti
961 854 1165 911 Juliani
1210 855 1485 927 martyris.
1535 854 1808 911 Santonas

209 945 449 1013 civitate,
482 945 751 1018 depositio
775 947 949 1002 sancti
976 946 1187 1001 Yiviani
1218 946 1459 1017 episcopi
1506 956 1560 1002 et
1587 946 1803 1002 confes-

210 1039 372 1095 soris.
421 1037 490 1094 In
519 1038 738 1111 Africa,
786 1040 991 1094 civitate
1039 1038 1289 1110 Hippone
1328 1039 1469 1110 regio
1496 1080 1510 1106 ,
1550 1038 1806 1106 depositio

208 1133 377 1186 sancti
406 1132 690 1204 Augustini
712 1132 941 1203 episcopi
962 1139 1010 1185 et
1036 1132 1371 1202 confessoris.

278 1241 334 1279 tv
363 1224 469 1280 kal.
502 1225 652 1294 Sept.
696 1222 954 1279 Pausatio
1001 1223 1177 1279 sancti
1238 1222 1438 1277 Helisei
1494 1220 1799 1293 prophetae,

203 1316 460 1387 discipuli
504 1316 678 1371 sancti
710 1316 840 1371 Elia:
868 1314 1171 1385 prophetae.
1221 1311 1276 1368 In
1306 1312 1545 1385 Syrmia,
1602 1314 1802 1370 natalis

204 1419 406 1463 sanctae
438 1407 707 1463 Basilissa:
737 1407 982 1478 virginis.
1016 1404 1074 1460 In
1109 1405 1392 1461 Antiochia
1416 1405 1612 1477 Syriae,
1641 1414 1800 1461 nata-

206 1501 273 1557 lis
321 1511 631 1557 sanctorum
662 1500 881 1567 Nicete,
936 1500 1109 1555 Pauli.
1168 1499 1376 1566 Romze,
1410 1500 1494 1553 via
1541 1499 1798 1566 OStense,

205 1596 400 1651 natalis
452 1603 769 1651 sanctorum
798 1593 1013 1661 Felicis,
1070 1592 1327 1648 Candid:c
1358 1592 1608 1663 virginis,
1639 1592 1800 1647 Fori-

204 1688 327 1755 ciae,
357 1687 632 1755 Adausite,
664 1687 983 1743 Cemellinas
1013 1701 1136 1742 cum
1170 1686 1334 1741 sociis
1365 1699 1576 1741 eorum.
1608 1686 1801 1740 Passio

202 1792 410 1837 sancta:
435 1782 653 1839 Sabina:
679 1782 957 1852 martyris.

274 1890 341 1929 ιιι
387 1874 496 1928 kal.
530 1873 683 1943 Sept.
714 1873 901 1928 Romae
926 1913 940 1937 ,
998 1870 1193 1925 natalis
1223 1877 1425 1925 sanctae
1456 1868 1798 1935 Gaudentiae,

199 1965 436 2036 virginis
463 1980 585 2021 cum
635 1964 859 2035 reliquis
881 1963 1073 2019 tribus.
1108 1961 1163 2016 In
1195 1962 1475 2018 Provincia
1499 1960 1803 2016 Palzestinas

202 2058 430 2113 civitate
451 2057 698 2113 Sabastia
719 2099 733 2123 ,
765 2056 948 2127 passio
972 2055 1147 2111 sancti
1174 2054 1397 2110 Joannis
1422 2054 1703 2125 Baptistae.
1733 2053 1804 2108 Et

203 2149 357 2216 alibi,
389 2148 581 2204 natalis
604 2158 916 2205 sanctorum
937 2158 1341 2218 nongentarum
1361 2156 1686 2218 martyrum,
1710 2146 1803 2217 qui

204 2242 397 2298 eadem
428 2241 518 2298 die
546 2241 693 2312 passi
720 2250 868 2296 sunt.

278 2332 465 2389 Pridie
491 2331 598 2389 kat.
635 2333 788 2403 Sept.
836 2333 1112 2400 Treveris,
1147 2332 1419 2403 depositio
1448 2330 1621 2387 sancti
1649 2330 1803 2385 Pauli

205 2426 450 2498 episcopi
478 2435 533 2481 et
561 2425 931 2482 confessoris:
961 2425 1048 2480 hic
1077 2424 1129 2479 in
1158 2425 1354 2481 exsilio
1375 2424 1663 2494 requievit.
1694 2423 1808 2478 An-

205 2533 336 2590 cyra
387 2519 631 2584 Galatiae,
690 2518 885 2575 natalis
932 2526 1247 2573 sanctorum
1281 2517 1496 2583 Gaiani,
1557 2516 1802 2582 Luciani,

206 2612 414 2678 Rufini,
430 2613 721 2683 Vincentii,
748 2612 979 2680 Silvani,
1000 2610 1263 2677 Vitalieae,
1284 2610 1610 2681 Antiquirm,
1644 2610 1804 2665 Eme-

209 2705 345 2774 lini,
396 2705 735 2773 Florentini,
790 2704 1004 2771 Justaa,
1053 2702 1213 2759 Julia:
1261 2703 1512 2771 Antinei,
1562 2701 1806 2757 Maximi.

205 2799 365 2867 Item,
397 2799 662 2856 Vitalicae.
721 2798 791 2854 Et
818 2797 1068 2870 deposito
1097 2798 1269 2852 sancti
1302 2795 1495 2851 Elladii
1542 2794 1805 2866 episcopi,

206 2891 391 2963 Syrgi,
422 2892 725 2948 Florentini
747 2907 869 2947 cum
903 2890 1107 2947 sanctis
1129 2890 1293 2945 sociis
1324 2904 1540 2946 eorum.
1572 2889 1807 2943 Autisio-

206 2986 359 3053 dero,
388 2986 643 3057 depositio
673 2984 841 3039 sancti
867 2982 1047 3056 Optati
1073 2983 1302 3054 episcOpi
1334 2992 1382 3038 et
1403 2982 1735 3055 confessoris.

656 3120 910 3178 MENSIS
947 3119 1384 3179 SEPTEMBER.

782 3232 956 3287 Habet
979 3232 1099 3289 dies
1121 3248 1253 3288 xxx.

262 3347 399 3403 Kal.
419 3346 755 3417 Septembris.
772 3347 983 3404 Litania
1001 3347 1311 3404 indicenda.
1342 3349 1399 3404 ln
1416 3348 1597 3419 Capua
1616 3350 1800 3420 Aqua-

194 3443 312 3508 ria,
349 3441 547 3497 natalis
592 3444 766 3498 sancti
791 3442 960 3498 Prisci
988 3443 1261 3514 martyris,
1296 3442 1561 3513 Magnilis.
1592 3441 1650 3497 In
1683 3442 1794 3498 Tu-

196 3533 453 3590 derdana
480 3534 714 3601 Tusciae,
746 3534 941 3589 natalis
982 3547 1294 3589 sanctorum
1318 3533 1633 3589 Terentiani
1685 3534 1803 3605 epi-

195 3628 379 3697 scopi,
417 3626 638 3693 Felicis,
672 3628 891 3693 Donati,
921 3626 1151 3683 Silvani.
1177 3628 1231 3681 In
1263 3626 1390 3683 villa
1412 3627 1541 3694 Her,
1576 3627 1796 3682 Donati.

198 3722 255 3776 In
290 3720 515 3792 Apulia,
538 3721 831 3794 Syracusa,
860 3721 1057 3776 natalis
1085 3730 1401 3777 sanctorum
1434 3721 1612 3787 Evoti,
1662 3721 1799 3777 Her-

198 3814 477 3885 mogenis,
502 3813 756 3881 Gelestae,
789 3813 1013 3870 Juliani.
1044 3812 1103 3870 In
1130 3813 1338 3881 Africa,
1366 3814 1588 3869 civitate
1609 3814 1800 3880 Toniz,

196 3907 406 3962 natalis
452 3915 767 3961 sanctorum
796 3904 1030 3971 Tusciae,
1090 3904 1353 3971 Dubitati,
1411 3904 1806 3973 Valentii,Do-

195 4007 370 4055 natas.
404 3997 463 4053 In
492 3998 848 4070 Carthagine,
902 3998 1097 4053 natalis
1153 4008 1463 4053 sanctorum
1496 3998 1801 4063 Fortunati,

194 4092 426 4159 Donati,
457 4090 677 4147 Felicis.
728 4092 795 4147 Et
826 4090 977 4157 alibi,
1014 4089 1211 4144 natalis
1242 4100 1553 4145 sanctorum
1586 4089 1799 4143 Martini

193 4183 475 4255 episcopi,
503 4183 732 4248 Sisinni,
756 4182 997 4238 Amavis.
1037 4180 1353 4237 Cinomanis
1376 4180 1612 4247 civitate,
1638 4181 1806 4251 depo-

192 4279 335 4335 sitio
361 4279 537 4334 sancti
568 4276 805 4334 Victoris
827 4274 1094 4347 episcOpi.
1123 4274 1405 4330 Ambianis
1433 4273 1673 4341 civitate,
1704 4274 1802 4330 de-

193 4369 405 4440 positio
439 4369 613 4426 sancti
639 4368 867 4424 Firmini
893 4367 1138 4440 episeOpi
1160 4376 1215 4422 et
1240 4366 1593 4423 confessoris.
1620 4365 1805 4438 Egidii

191 4464 427 4520 abbatis.

1918 482 2189 552 Aquileia,
2224 483 2489 554 ingressio
2522 486 2877 556 reliquiarum
2928 499 3241 547 sanctorum
3274 493 3505 550 Andreae

1912 573 2174 643 apostoli,
2224 573 2407 639 Lucas,
2458 576 2682 631 Joannis
2743 578 3225 649 evangelistarum.
3259 582 3327 637 Et
3357 584 3505 653 alibi,

1912 665 2111 720 natalis
2130 675 2466 722 ~sanctorum
2508 668 2849 739 Euphemiae,
2896 672 3099 742 Syrici,
3146 672 3507 732 Aritonicutn

1911 771 2075 812 SOOIIS
2097 774 2306 813 eorum.

1983 848 2167 906 Pridie
2195 868 2319 908 non.
2346 851 2493 924 Sept.
2548 853 2606 909 In
2635 854 2847 926 Ancyra
2876 853 3127 923 Galatia},
3155 858 3347 913 natalis
3371 872 3507 913 san-

1909 952 2120 999 ctorum
2155 944 2351 1010 Rufini,
2407 945 2635 1012 Silvani,
2672 947 2937 1011 Marcelli,
2988 947 3178 1003 Gaiani
3206 992 3219 1014 ,
3272 951 3505 1021 llelpidi,

1910 1036 2192 1104 Antonini,
2212 1036 2439 1103 Eustici,
2460 1038 2701 1107 Maximi,
2731 1040 2972 1095 Eusebii.
3004 1041 3156 1109 item,
3178 1042 3387 1107 Gaiani,
3417 1043 3510 1097 Vi-

1914 1126 2125 1195 talicte,
2174 1127 2411 1195 Caison,
2466 1129 2678 1201 Magni,
2728 1132 2915 1198 Casti,
2954 1132 3254 1199 Saturnini,
3289 1135 3506 1205 Donati,

1906 1217 2089 1274 Eleusi
2119 1234 2244 1275 cum
2277 1220 2440 1276 sociis
2484 1237 2695 1277 eorum.
2741 1223 2950 1291 Romm,
2976 1227 3028 1281 in
3058 1230 3370 1283 ccemcterio
3400 1228 3509 1284 Ma-

1906 1312 2057 1378 ximi,
2091 1313 2177 1368 via
2206 1312 2416 1369 Salaria
2440 1356 2454 1381 ,
2516 1315 2785 1386 depositio
2817 1316 3077 1374 Bonifacii
3131 1322 3389 1391 episcopi.
3422 1322 3502 1377 Ad

1906 1414 2153 1462 sanctam
2186 1405 2549 1475 Felicitatem,
2584 1410 2780 1464 natalis
2801 1418 3118 1467 sanctorum
3155 1413 3353 1485 Magni,
3402 1415 3506 1470 Ca-

1905 1501 1995 1565 sti,
2022 1500 2321 1569 Saturnini,
2358 1502 2604 1559 Firmini.
2630 1503 2687 1558 In
2720 1503 2915 1573 Gallia,
2947 1505 3171 1561 civitate
3198 1508 3501 1576 Cabillnm',

1905 1594 2100 1647 natalis
2132 1595 2303 1649 sancti
2337 1594 2574 1650 Marcelli
2610 1598 2884 1668 martyris.
2918 1597 3193 1666 Treveris,
3228 1599 3501 1671 depositio

1904 1687 2076 1740 sancti
2106 1687 2316 1743 Paulini
2346 1689 2611 1759 episcopi.

1830 1774 1880 1835 B
1981 1779 2123 1832 Non.
2160 1780 2308 1851 Sept.
2364 1780 2421 1835 In
2463 1791 2619 1851 portu
2648 1782 2916 1850 Romano,
2952 1784 3145 1839 natalis
3188 1793 3501 1841 sanctorum

1906 1870 2151 1941 Daurini,
2181 1871 2365 1939 Heroi,
2414 1872 2717 1940 ileraliani,
2754 1874 3008 1931 Aristosi.
3064 1877 3132 1931 Et
3165 1880 3347 1948 passio
3378 1895 3504 1933 san-

1904 1974 2114 2018 ctorum
2144 1964 2524 2031 Thothaheiis,
2551 1976 2604 2021 et
2634 1968 2842 2023 sororis
2872 1969 2992 2038 eius
3041 1971 3259 2026 nomine
3286 1971 3503 2028 Bebcae.

1904 2057 1961 2112 In
1991 2059 2171 2129 Capua
2206 2056 2540 2129 Campaniae,
2598 2062 2794 2116 natalis
2824 2072 3137 2118 sanctorum
3166 2065 3373 2134 Quinti,
3405 2072 3507 2122 Ar-

1906 2152 2077 2215 conti,
2104 2151 2322 2219 Donati,
2348 2153 2546 2223 Magni,
2578 2152 2841 2208 Januarii.
2867 2155 2925 2210 ln
2949 2156 3293 2223 Alexandria,
3311 2161 3508 2217 natalis

1906 2250 2221 2296 sanctorum
2254 2240 2515 2309 Menilidi,
2544 2243 2840 2299 Sturninac.
2870 2245 3149 2316 Depositio
3181 2249 3327 2303 Beati
3351 2248 3507 2321 lnge-

1908 2332 2003 2387 nui
2054 2347 2174 2387 cum
2206 2332 2369 2388 sociis
2396 2334 2511 2401 suis
2535 2376 2549 2401 ,
2601 2352 2832 2405 quorum
2863 2340 3079 2393 nomina
3115 2341 3260 2395 Deus
3280 2342 3403 2397 scit.
3448 2345 3505 2399 In

1909 2426 2165 2497 Egypto,
2200 2427 2391 2481 natalis
2433 2439 2755 2483 sanctorum
2786 2430 3029 2499 Taurini,
3080 2431 3357 2489 Nemosati
3409 2435 3509 2491 Sa-

1911 2524 2152 2589 turnini;
2186 2525 2527 2596 Arapolloni.
2579 2527 2634 2582 ln
2671 2528 2868 2593 Gallia,
2902 2529 3121 2586 civitate
3149 2531 3508 2601 Vesontionc,

1910 2614 2105 2669 natalis
2129 2628 2442 2672 sanctorum
2477 2618 2747 2689 Ferreoli,
2779 2628 2833 2676 et
2854 2620 3169 2677 Ferucionis
3194 2638 3317 2680 cuin
3343 2626 3510 2681 sociis

1910 2720 2121 2762 eorum.

1982 2816 2076 2855 vni
2106 2800 2222 2855 idus
2252 2800 2397 2870 Sept.
2444 2803 2637 2858 Romae
2660 2845 2674 2865 .
2728 2804 2812 2858 via
2867 2804 3110 2876 Salaria,
3143 2807 3397 2864 milliario
3442 2810 3510 2865 ab

1914 2894 2047 2949 urbe
2077 2894 2275 2952 natalis
2316 2897 2488 2951 sancti
2515 2897 2816 2951 Eleutherii
2845 2897 3105 2968 episcopi.
3140 2899 3195 2955 In
3231 2902 3509 2957 territorio

1913 2986 2291 3059 Cappadociae,
2320 2990 2537 3047 civitate
2566 2991 2847 3061 Readden,
2876 2994 3071 3050 natalis
3103 2998 3276 3052 sancti
3306 2996 3507 3054 Cottidi

1915 3098 2036 3139 cum
2062 3085 2225 3141 sociis
2258 3086 2393 3143 suis.

1836 3159 1883 3222 Ο
1985 3192 2061 3230 vn
2088 3177 2204 3231 idus
2235 3176 2383 3250 Sept.
2420 3178 2732 3236 Benevento
2761 3180 2979 3238 civitate
3000 3222 3016 3247 ,
3046 3181 3244 3237 natalis
3293 3190 3509 3238 saneto-

1908 3282 2029 3321 rum
2084 3267 2293 3335 Senoti,
2326 3269 2598 3337 Januarii,
2640 3271 2798 3336 Fisti,
2850 3272 3051 3338 Acuti,
3100 3272 3386 3327 Desiderii.
3441 3275 3509 3329 Et

1906 3358 2092 3430 passio
2120 3361 2293 3415 sancti
2322 3362 2597 3417 Anastasii
2646 3380 2768 3418 cum
2801 3366 2963 3419 sociis
2994 3364 3125 3418 suis.
3158 3364 3384 3420 Arelato
3427 3367 3506 3421 ci-

1905 3451 2093 3518 vitate,
2126 3452 2399 3522 depositio
2426 3455 2597 3506 sancti
2629 3451 2941 3522 Augustalis
2966 3453 3229 3523 episcopi.
3257 3456 3505 3510 Aurelia-

1906 3545 1989 3600 nis
2010 3546 2251 3611 civitate,
2285 3546 2556 3613 depositio
2588 3546 2760 3600 sancti
2793 3547 2999 3602 Evortii
3023 3547 3263 3618 episcopi
3295 3559 3348 3604 et
3372 3565 3504 3603 con-

1906 3636 2154 3691 fessoris.
2208 3636 2583 3705 Angustiduno
2645 3638 2909 3704 civitate,
2966 3638 3087 3693 loco
3137 3640 3225 3710 qui
3304 3640 3503 3695 dicitur

1906 3729 2100 3795 Alisia,
2138 3729 2335 3785 natalis
2358 3740 2559 3785 sanctae
2592 3730 2817 3801 Reginrc
2842 3733 3117 3803 martyris.
3152 3731 3216 3787 In
3242 3736 3501 3789 territorio

1906 3819 2255 3887 Parisiorum,
2302 3824 2411 3877 vico
2446 3824 2729 3891 Noviento,
2762 3826 3020 3896 depositio
3047 3826 3193 3881 Beati
3226 3827 3501 3884 Clodoaldi

1906 3916 2059 3985 regis,
2084 3923 2261 3985 postea
2289 3915 2570 3986 presbyteri
2591 3927 2636 3971 et
2664 3918 2993 3986 confessoris.

1978 4024 2031 4063 vt
2061 4009 2177 4063 idus
2209 4008 2356 4080 Sept.
2402 4008 2662 4063 Nativitas
2712 4022 2913 4064 sanctas
2954 4010 3133 4064 Maria:
3180 4012 3369 4065 matris
3395 4010 3500 4063 Do-

1907 4103 2041 4158 mini
2072 4102 2390 4159 nostriJesu
2407 4102 2611 4157 Christi
2631 4105 2926 4158 secundum
2957 4118 3197 4157 carnem.
3230 4103 3298 4157 Et
3321 4102 3502 4170 passio

1908 4197 2084 4253 sancti
2110 4195 2331 4251 Adriani
2362 4196 2637 4267 martyris.
2674 4194 2731 4249 In
2765 4195 3112 4260 Alexandria,
3152 4194 3345 4248 natalis
3373 4209 3500 4247 san-

1908 4298 2117 4345 ctorum
2146 4288 2444 4355 Ammoini,
2478 4288 2637 4352 Justi,
2684 4287 3017 4359 Serapionis,
3070 4284 3169 4341 Pii.
3220 4286 3351 4340 Item
3396 4284 3500 4354 Pii,

1907 4380 2217 4451 Theophili,
2250 4380 2507 4445 Neoteri,
2542 4391 2595 4435 et
2617 4380 2847 4435 aliorum
2889 4378 3074 4450 viginti
3107 4379 3361 4443 duorum,
3395 4377 3499 4432 Nc-

1910 4473 2067 4543 mesi,
2100 4472 2312 4540 Arioni,
2348 4475 2607 4527 Ammon.
2641 4472 2827 4527 Passio
2858 4472 3030 4527 sancti
3060 4471 3235 4537 Petri,
3287 4469 3498 4535 Sabini,

267 4572 329 4611 ιν
360 4573 491 4611 nam
540 4555 691 4628 θερί·
741 4554 798 4611 In
843 4553 1194 4621 Nicomedia.
1241 4554 1435 4609 natalis
1490 4563 1799 4610 sanctorum
1828 4553 1879 4615 D
1910 4567 2342 4624 Demetricicum
2376 4568 2496 4621 aliis
2544 4567 2936 4638 quadraginta;
2981 4563 3215 4635 Didymi,
3247 4564 3500 4631 Mitisori,

192 4652 459 4718 Zenonis,
486 4649 770 4721 Gorgonii,
795 4649 1127 4720 Monolappi,
1153 4648 1473 4716 Theodotze,
1517 4664 1639 4703 cum
1673 4648 1798 4703 liliis

194 4744 355 4801 suis:
390 4754 447 4799 et
475 4740 734 4798 Cosconi.
778 4740 833 4798 In
865 4741 1109 4812 partibus
1138 4742 1412 4811 Apamias,
1445 4742 1645 4796 natalis
1673 4756 1799 4796 san-

193 4849 417 4894 ctorum
466 4836 710 4905 Antonii,
770 4845 825 4892 et
865 4835 1125 4891 Antonini
1169 4834 1323 4889 Mart.
1354 4836 1411 4891 1n
1448 4835 1794 4905 Carthagine,

193 4930 399 4985 natalis
445 4938 761 4985 sanctorum
792 4928 1030 4983 Dubitati
1055 4969 1071 4995 ,
1104 4927 1317 4981 Tuscite
1345 4967 1361 4992 ,
1387 4926 1679 4982 Valentini.
1738 4926 1796 4981 In

192 5021 425 5087 Sicilia,
476 5022 674 5076 natalis
702 5029 1013 5076 sanctorum
1038 5018 1234 5088 Eupli,
1284 5018 1530 5086 Josephi,
1580 5018 1795 5083 Felicis,

193 5116 519 5182 Secunduli,
555 5116 695 5171 Iulli.
726 5114 784 5170 In
810 5113 1160 5179 Alexandria,
1190 5112 1387 5167 natalis
1413 5114 1588 5167 sancti
1620 5113 1801 5169 Theo-

191 5213 319 5269 dori
366 5212 648 5284 martyris.
686 5210 743 5265 in
769 5208 1083 5275 Antiochia,
1113 5206 1307 5263 natalis
1339 5207 1509 5262 sancti
1534 5207 1805 5263 Timothei

191 5304 481 5377 martyris.
525 5303 786 5372 Lugduno
811 5302 1029 5367 Galliae,
1056 5301 1326 5372 depositio
1352 5300 1523 5356 sancti
1555 5299 1715 5368 Justi,
1747 5310 1803 5357 et

191 5395 477 5452 dedicatio
532 5394 771 5450 basilicae
812 5393 982 5465 ipsius
1029 5394 1226 5449 sancti.
1292 5393 1577 5449 Stabulaus
1630 5393 1799 5448 sancti

191 5488 443 5545 Remacli
470 5488 702 5559 episcOpi
741 5495 789 5541 et
838 5486 1167 5555 confessoris.
1218 5483 1435 5542 Corbeia
1459 5485 1798 5551 monasterio,

191 5583 469 5639 dedicatio
491 5582 720 5637 basilica:
745 5582 907 5636 sancti
938 5581 1157 5637 Martini
1189 5582 1475 5653 pontificis.

270 5692 337 5733 ιιι
394 5693 516 5732 non.
550 5677 696 5749 Sept.
730 5676 784 5731 In
811 5675 1172 5746 Alexandria,
1233 5678 1430 5733 natalis
1476 5679 1652 5733 sancti
1684 5675 1804 5731 Ari-

195 5770 471 5842 stonippi.
524 5770 589 5827 Et
628 5770 679 5827 in
710 5768 931 5841 regione
962 5767 1205 5842 Apamia:
1232 5810 1247 5839 ,
1280 5769 1558 5840 provincia
1602 5768 1801 5841 Syricc,

1903 4660 2113 4730 Paneti,
2144 4661 2364 4727 Achilli,
2410 4661 2623 4726 lsidori,
2656 4659 2993 4729 Serapionis,
3020 4659 3249 4727 Magitze,
3283 4656 3499 4725 OI‘OSCi,

1903 4752 2132 4817 Silvani,
2174 4752 2486 4821 Arepionis,
2520 4759 2573 4804 et
2600 4750 2828 4803 aliorum
2863 4749 3332 4819 septingentorum
3365 4764 3500 4817 qua-

1902 4853 2045 4899 tuor.
2076 4845 2207 4899 item
2241 4842 2488 4907 Denetri,
2517 4842 2728 4905 Severi,
2760 4856 2881 4895 cum
2915 4840 3033 4893 aliis
3059 4840 3332 4896 undecim.
3366 4840 3498 4896 Item

1901 4935 2088 4992 Severi
2118 4950 2240 4989 cum
2290 4934 2410 4988 aliis
2458 4932 2832 5003 quadraginta.
2882 4933 2936 4986 In
2988 4948 3051 4987 ca
3103 4932 3192 4987 die
3248 4933 3501 4989 collectio

1907 5028 2198 5082 multorum
2231 5032 2531 5096 martyrum
2557 5038 2866 5092 corporum.
2895 5024 2949 5078 lu
2972 5024 3281 5095 Antiochia,
3305 5029 3503 5083 natalis

1904 5128 2215 5175 sanctorum
2260 5116 2554 5178 Timothei,
2584 5114 2939 5171 Faustiniani.

1978 5228 2010 5265 v
2034 5211 2153 5265 idus
2189 5210 2336 5281 Sept.
2370 5209 2577 5267 Romae.
2628 5209 2714 5264 via
2742 5210 3027 5277 Lavicana,
3053 5212 3192 5267 inter
3220 5214 3353 5267 dnas
3381 5214 3497 5268 lau—

1906 5321 2019 5370 ros,
2052 5304 2247 5359 natalis
2274 5303 2442 5359 sancti
2476 5301 2757 5370 Gargonii.
2792 5302 2859 5358 Et
2893 5303 2943 5357 in
2979 5302 3215 5371 Sabinis,
3244 5305 3497 5360 milliario

1904 5400 1973 5454 ab
2001 5399 2157 5465 urbe,
2208 5396 2406 5451 natalis
2460 5402 2774 5449 sanctorum
2819 5395 3126 5466 Hyacinthi,
3178 5396 3494 5464 Alexandri,

1903 5490 2157 5556 Tiburtii,
2188 5488 2392 5553 Juvini,
2450 5486 2673 5545 Silvani.
2733 5488 2788 5541 ln
2838 5484 3073 5542 Caesaria
3121 5487 3473 5559 Cappadociae

1908 5582 2103 5641 natalis
2148 5590 2459 5639 sanctorum
2514 5580 2726 5646 Donati,
2759 5580 2989 5647 Eleassi,
3027 5580 3327 5649 Fortunati,
3361 5582 3494 5637 Am-

1910 5675 2100 5730 monii.
2132 5675 2191 5732 In
2222 5674 2458 5741 Parthis,
2509 5671 2706 5729 natalis
2735 5681 3052 5730 sanctorum
3082 5672 3268 5745 Marci,
3306 5672 3471 5732 Libra

1908 5771 1998 5841 tis,
2027 5770 2177 5829 Julii.
