4048 6336
475 304 584 364 875

1523 299 1580 357 S.
1624 295 2002 355 IIIERONYMI
2040 294 2327 353 OPERUM
2366 292 2728 352 MANTISSA.

3676 292 3778 355 ινδ

548 434 605 475 IV
633 416 751 473 idus
782 415 928 489 Sept.
960 415 1016 473 ln
1046 412 1280 470 Caesaria
1308 411 1684 484 Cappadociae,
1712 411 1909 467 natalis
1936 426 2079 467 san—
2105 414 2156 475 Α
2184 413 2238 467 in
2263 411 2583 468 cmmeterio
2614 410 2828 478 Marte,
2859 407 3053 465 natalis
3075 408 3248 465 sancti
3275 407 3675 473 Emerentiani.
3710 410 3775 471 Et

483 520 698 569 ciorum
734 510 958 580 Euplizr,
985 504 1304 575 Alexandri,
1328 502 1578 575 Cirosici,
1605 505 1793 570 Hisici,
1841 503 2074 577 Alapon,

2177 502 2375 560 natalis
2403 511 2717 563 sanctorum
2744 501 2940 568 Palles,
2971 501 3192 570 Felicis,
3232 501 3491 572 Victoris,
3526 502 3765 573 Sperati,

486 603 712 669 Silvani,
766 615 887 655 cum
916 598 1037 652 aliis
1086 596 1347 668 quinque.
1401 596 1455 650 ιιι
1484 596 1846 665 Alexandria,
1881 599 2078 653 natalis
2178 595 2388 664 Navini,
2417 595 2688 663 Chorinti,
2719 595 3004 660 Secundae,
3041 595 3256 661 Donati,
3286 595 3607 657 Generosa).
3635 595 3766 655 Item

487 704 795 753 sanctorum
848 691 1088 756 Nemesi,
1131 690 1440 755 Ammonis,
1489 690 1749 762 Originis,
1776 691 1991 757 ﬂerosi,
2023 700 2081 749 et
2179 688 2465 756 Secundae,
2510 688 2726 760 Lupati.
2762 688 2818 744 In
2868 687 3117 755 Nuceria,
3179 687 3467 753 Prisciani,
3517 688 3757 744 Maximi.

484 790 711 844 aliorum
742 784 1175 853 octingentorum
1204 798 1298 839 sex
1325 800 1341 850 ;
1396 783 1632 855 Didymi,
1668 784 1953 847 Meresori,
1986 786 2083 841 Pa-

486 881 662 952 nepsi,
713 879 973 946 Achillei,
1021 877 1223 935 Niceti.
1271 877 1402 933 Item
1437 878 1742 943 Ammonis,
1774 877 1955 947 Orosi,
1983 880 2083 937 Sil-

484 972 630 1036 vani,
660 969 910 1040 Oripion,
950 968 1112 1037 Nimi,
1139 968 1279 1035 Sini,
1304 976 1361 1023 et
1390 968 1617 1027 aliorum
1648 984 1841 1027 novem
1861 1011 1876 1037 ,
1914 970 2084 1027 Pane-

485 1061 652 1129 modi,
679 1061 877 1131 Niceti,
902 1061 1115 1119 Silvini.
1179 1060 1387 1125 Bonae,
1419 1060 1687 1126 depositio
1731 1061 1879 1121 Beati
1915 1062 2083 1119 Hilari

484 1171 662 1227 papae.
706 1154 761 1209 In
790 1152 992 1217 Africa,
1017 1152 1212 1209 natalis
1241 1164 1552 1209 sanctorum
1598 1160 1895 1225 martyrum
1929 1154 2087 1210 Dole-

483 1248 658 1319 tatuli,
687 1246 920 1314 Tusciae,
947 1244 1169 1315 Magari,
1205 1244 1499 1301 Valentini.

2182 781 2391 846 Romae,
2415 783 2592 854 passio
2613 790 2819 839 sancta:
2832 779 3060 837 Caeciliae
3080 779 3329 851 virginis,
3357 779 3552 848 Saluti,
3583 780 3766 853 Tyrsi.

2256 893 2323 932 xv
2354 876 2456 933 kal.
2491 876 2605 933 Oct.
2642 876 2699 932 In
2741 874 3054 940 Neveduno,
3103 874 3301 931 natalis
3330 882 3645 933 sanctorum
3674 873 3776 929 Va-

2187 967 2416 1034 leriani,
2487 966 2749 1037 Magrini,
2810 963 3092 1025 Gordiani.
3153 963 3213 1020 In
3262 962 3528 1030 Nuceria,
3586 962 3785 1018 natalis

2187 1070 2502 1117 sanctorum
2535 1059 2858 1125 Constantii,
2908 1055 3182 1114 Sunctini.
3229 1053 3577 1115 Chalcedone
3604 1054 3785 1127 Bithy-

2190 1154 2318 1218 niae,
2345 1152 2544 1207 natalis
2570 1159 2882 1207 sanctorum
2914 1149 3253 1221 Euphemim,
3279 1147 3516 1207 Saleosi.
3563 1148 3787 1221 Suiporo

2193 1248 2285 1313 tio,
2317 1245 2608 1316 depositio,
2641 1245 2813 1300 sancti
2843 1244 2993 1299 Pauli
3016 1243 3294 1314 episcopi,
3337 1242 3604 1310 Macrobi,
3634 1242 3781 1307 Gau-

560 1358 621 1396 m
650 1341 767 1395 idus
797 1338 946 1408 Sept.
974 1339 1180 1405 Romze,
1212 1336 1294 1393 via
1342 1337 1553 1392 Salaria
1580 1338 1773 1405 veteri,
1800 1337 1856 1394 in
1888 1353 2092 1397 cceme-
2191 1339 2362 1409 diaui,
2405 1338 2520 1393 l~ici
2557 1348 2718 1392 mart.
2754 1334 2818 1390 In
2846 1334 3043 1403 Gallia,
3074 1336 3185 1390 vico
3212 1335 3299 1405 qui
3327 1334 3517 1390 dicitur
3539 1332 3787 1400 Leoditts,

493 1438 631 1491 terio
679 1433 917 1500 Basillze,
952 1433 1145 1487 natalis
1187 1440 1498 1487 sanctorum
1532 1432 1702 1495 Proti,
1756 1442 1805 1488 et
1834 1432 2088 1500 Jaciucti,

494 1529 730 1601 Didymi.
763 1527 821 1581 In
876 1535 1034 1596 portu
1083 1524 1231 1580 urbis
1283 1525 1491 1588 Roma),
1537 1524 1731 1579 natalis
1778 1532 2091 1581 sanctorum

491 1621 735 1691 Ingenui,
769 1629 824 1675 et
852 1619 1123 1689 Hippolyti
1168 1627 1485 1690 martyrum.
1520 1615 1578 1671 In
1604 1615 1958 1683 Alexandria,
1993 1632 2089 1671 na-

493 1716 622 1769 talis
664 1722 974 1768 sanctorum
1018 1712 1179 1784 Syri,
1210 1721 1265 1766 et
1290 1709 1628 1780 Serapionis.
1675 1710 1730 1764 ln
1763 1711 1978 1781 Apulia,
2003 1724 2096 1764 na-

2193 1434 2365 1503 passio
2393 1431 2555 1486 sancti
2587 1430 2899 1484 Landeberti
2923 1429 3151 1499 episcopi
3171 1438 3216 1483 et
3246 1429 3511 1499 martyris.

2270 1522 2481 1578 stvkal.
2520 1522 2634 1577 Oct.
2671 1525 2725 1578 ln
2762 1522 3125 1588 Alexandria,
3177 1520 3366 1577 natalis
3393 1519 3566 1575 sancti
3617 1518 3798 1575 Thro-

2200 1618 2391 1686 phitni.
2428 1616 2493 1671 Et
2524 1617 2577 1670 in
2616 1614 2929 1671 Nicomedia
2950 1655 2962 1675 .
2988 1614 3188 1671 natalis
3219 1621 3525 1673 sanctorum
3549 1610 3795 1679 Oceani,

2198 1710 2372 1784 Xysti,
2396 1709 2624 1766 Medaci.
2651 1710 2706 1765 In
2736 1709 3059 1777 Mediolano,
3085 1707 3353 1778 depositio
3377 1706 3549 1763 sancti
3578 1707 3800 1761 Eustor-

497 1808 622 1862 talis
653 1815 966 1862 sanctorum
1013 1803 1230 1868 Felicis,
1283 1812 1338 1857 et
1378 1802 1600 1869 Donati,
1654 1802 1801 1858 Julii.
1842 1802 2095 1875 Lugduno
2132 1803 2174 1864 Β
2203 1804 2273 1874 gii
2300 1802 2568 1872 episcopi,
2601 1801 2806 1872 Satyri.

498 1897 708 1966 Gallice,
739 1896 990 1969 depositio
1011 1897 1178 1950 sancti
1208 1893 1459 1949 Patientis
1488 1894 1735 1965 episcOpi.

569 1988 752 2044 Pridie
781 1989 896 2041 idus
923 1987 1070 2058 Sepl.
1109 1987 1164 2039 ln
1198 1985 1404 2055 Sicilia,
1431 1986 1650 2041 civitate
1674 1984 1965 2053 Catbenas,
2002 2002 2099 2046 na—

493 2084 620 2141 talis
642 2094 954 2139 sanctorum
989 2081 1166 2152 Eupli,
1197 2094 1248 2136 et
1266 2082 1581 2152 Serapionis
1607 2084 1870 2153 episcopi,
1898 2083 2096 2155 Magni.

503 2177 713 2242 Romae,
744 2174 938 2230 natalis
976 2184 1284 2230 sanctorum
1313 2175 1478 2241 l’roti,
1507 2174 1773 2245 Sanctini,
1802 2177 2096 2248 Hippolyti.

499 2269 866 2336 Nicomediae,
933 2269 1131 2325 natalis
1179 2268 1464 2325 Ammonis
1526 2269 1768 2326 lectoris.
1830 2271 1886 2326 lo
1938 2271 2095 2342 Asia,

500 2362 695 2420 natalis
741 2362 912 2417 sancti
958 2360 1151 2415 Diololi
1180 2403 1195 2428 ,
1245 2361 1510 2416 Matronae
1539 2401 1554 2428 ,
1625 2361 1807 2417 Tecla:
1854 2363 2097 2433 virginis,

502 2455 797 2512 Heraclito.
851 2453 919 2510 Et
939 2454 1087 2522 alibi,
1120 2453 1386 2524 depositio
1414 2453 1634 2509 Eusebii
1665 2454 1927 2526 episcopi.
1956 2455 2101 2529 Lug.

503 2548 632 2601 duni
662 2545 870 2613 Galliae,
906 2545 1157 2618 depositio
1190 2545 1322 2598 beati
1351 2544 1635 2599 sacerdotis
1656 2547 1882 2618 episc0pi
1908 2557 1955 2602 et
1983 2564 2102 2603 con-

503 2640 737 2711 fessoris.
762 2636 1163 2709 Augustiduno,
1183 2636 1450 2707 depositio
1471 2637 1614 2692 beati
1639 2638 1835 2695 Evanti
1860 2638 2103 2712 episcopi

507 2742 564 2787 ct
586 2731 941 2786 confessoris.

583 2820 716 2876 Idus
744 2824 890 2894 Sept.
939 2822 994 2876 In
1024 2821 1241 2891 Apulia,
1275 2823 1471 2879 natalis
1511 2834 1823 2881 sanctorum
1881 2825 2107 2881 Felicis-

514 2913 659 2979 simi,
686 2923 741 2968 et
770 2914 1085 2981 Secundini,
1115 2914 1334 2985 Jnstini,
1360 2913 1849 2989 ConstantinOpoli,
1893 2919 2107 2989 deposi-

514 3005 590 3059 tio
617 3007 790 3060 sancti
817 3003 1046 3060 Joannis
1086 3006 1353 3076 episcoiii.
1405 3007 1460 3061 In
1494 3009 1855 3078 Alexandria,
1912 3012 2107 3068 natalis

514 3101 687 3152 sancti
721 3098 982 3154 'I‘heodoli
1012 3099 1274 3170 episcopi.
1321 3100 1376 3154 In
1408 3101 1718 3169 Antiochia,
1754 3105 1948 3161 natalis
1975 3122 2105 3163 san-

2274 1913 2367 1953 xui
2397 1896 2500 1951 kal.
2545 1894 2725 1951 Octob.
2760 1895 2816 1951 In
2861 1893 3214 1963 Alexandria,
3246 1892 3448 1951 natalis
3487 1900 3794 1949 sanctorum

2202 1988 2486 2052 Demetrii,
2524 1988 2694 2052 l’alei,
2746 1986 2996 2055 Nilipaci,
3042 1986 3304 2053 Madiclii,
3339 1985 3614 2052 Castoris,
3646 1985 3797 2040 Satu-

2203 2084 2329 2151 rini,
2364 2083 2491 2139 Cmti
2519 2080 2798 2152 episcopi,
2834 2081 2983 2136 (Σθειί
3005 2121 3020 2147 ,
3047 2080 3195 2139 Julii.
3224 2080 3281 2135 In
3314 2079 3571 2150 Neapoli,
3600 2079 3791 2134 natalis

2201 2187 2512 2233 sanctorum
2545 2173 2788 2232 Januarii
2818 2185 2869 2228 et
2892 2173 3126 2229 Aniceti.
3158 2173 3223 2228 Et
3257 2173 3309 2229 in
3331 2173 3586 2243 Synnada
3623 2172 3801 2243 Phry-

2202 2270 2336 2341 giaa,
2371 2269 2565 2326 natalis
2611 2270 2785 2323 sancti
2818 2266 3040 2338 Trophi.
3073 2267 3279 2325 Vienna
3319 2264 3542 2321 civitate
3568 2307 3581 2331 ,
3617 2264 3804 2321 natalis

2203 2366 2379 2419 sancti
2410 2361 2656 2418 Ferreoli
2680 2373 2734 2417 et
2755 2359 3026 2416 dedicatio
3049 2359 3300 2417 Basilica:
3325 2357 3519 2429 ipsius,
3547 2368 3599 2417 ct
3627 2365 3805 2412 trans-

2204 2458 2336 2515 latio
2366 2456 2658 2511 tnullorum
2689 2470 3010 2524 corporum,
3034 2468 3157 2509 cum
3186 2453 3365 2523 capite
3398 2453 3571 2507 sancti
3599 2448 3802 2505 Juliani

2209 2549 2463 2620 martyris
2512 2548 2581 2603 de
2622 2547 2840 2603 Brirate
2880 2547 2984 2601 sub
3034 2545 3209 2602 altare
3258 2546 3461 2617 posito.
3494 2543 3548 2598 lu
3585 2543 3809 2599 civitate

2206 2644 2470 2709 Treviris,
2502 2642 2773 2713 depositio
2821 2639 2972 2695 Militi
3020 2638 3281 2709 episcopi.
3317 2640 3383 2692 Et
3421 2637 3587 2700 alibi,
3616 2634 3811 2689 natalis

2207 2747 2521 2793 sanctorum
2568 2734 2611 2789 Τ
2617 2733 2731 2805 rogi
2758 2732 2995 2803 episcopi
3020 2773 3034 2797 ,
3076 2742 3130 2786 et
3175 2731 3251 2786 Pii
3284 2728 3537 2796 diaconi,
3568 2725 3809 2807 Capilei,

2206 2830 2331 2895 Nili,
2362 2831 2599 2894 Paterni,
2632 2828 2820 2893 Musei,
2851 2842 2972 2883 cum
2995 2826 3116 2881 aliis
3136 2834 3354 2880 centum
3378 2825 3800 2893 quinquaginta.

2211 2922 2268 2976 In
2302 2921 2579 2977 territorio
2607 2921 2880 2987 Biturino,
2913 2919 3033 2975 vico
3068 2918 3365 2983 Vellauno,
3406 2914 3611 2971 natalis
3642 2914 3810 2969 sancti

2211 3016 2456 3072 Mariani.
2497 3015 2553 3070 In
2597 3015 2844 3080 Nuceria,
2891 3011 3134 3077 llermei,
3178 3011 3328 3069 Beati
3373 3010 3642 3080 episcOpi,
3669 3009 3813 3066 Feli-

2211 3113 2311 3179 cis,
2336 3110 2689 3173 Constantiae,
2714 3108 2937 3179 Privati,
2968 3106 3300 3177 Enphetuize,
3320 3105 3580 3177 Sygonre.
3618 3103 3686 3157 In
3714 3114 3814 3158 ter-

514 3203 723 3245 ctorum
772 3191 1040 3251 Timothei
1070 3234 1085 3261 ,
1143 3194 1439 3251 Theodori.
1485 3195 1541 3251 In
1586 3196 1820 3252 TurOnis
1867 3200 2105 3267 civitate,
2138 3197 2183 3260 C
2216 3207 2395 3259 rilorio
2436 3204 2685 3275 Lingonis
2730 3203 2959 3268 ciuitate,
2987 3204 3038 3255 in
3078 3201 3395 3255 monasterio
3438 3200 3705 3270 Segestro,
3750 3198 3813 3255 S.

514 3291 784 3359 depositio
821 3292 991 3346 sancti
1023 3290 1229 3348 Lidorii
1256 3294 1519 3365 episcOpi.
1550 3294 2107 3365 Andcgaviscivitate,

515 3384 785 3454 depositio
827 3384 978 3440 Beati
1025 3386 1358 3442 Maurilionis
1409 3387 1671 3457 episcOpi.
1715 3386 2105 3460 Augustiduno,

515 3479 766 3551 depositio
794 3480 930 3534 beati
961 3478 1196 3534 Nectarii
1227 3480 1477 3553 episcopi.

588 3587 725 3628 xvtu
747 3571 857 3626 kal.
885 3572 1006 3627 Oct.
1041 3573 1310 3629 Exaltatio
1331 3585 1535 3629 sanctae
1557 3575 1755 3629 crucis.
1791 3573 1999 3642 Romae,
2025 3575 2109 3632 via

517 3663 712 3733 Appia,
746 3667 800 3719 in
819 3670 1139 3723 cmmeterio
1160 3666 1382 3735 Calesti,
1416 3668 1609 3723 natalis
1646 3678 1955 3725 sanctorum
1978 3669 2114 3726 Cor-

520 3753 645 3807 nelii
667 3754 908 3823 episcopi
938 3766 993 3811 et
1018 3758 1370 3815 confessoris.
1418 3759 1470 3813 In
1494 3760 1697 3829 Africa,
1728 3762 1947 3818 civitate
1990 3761 2114 3817 Car-

520 3844 760 3914 thagine,
796 3848 989 3901 natalis
1021 3852 1193 3903 sancti
1223 3851 1479 3922 Cypriani
1512 3853 1776 3924 episcopi,
1809 3864 1867 3911 et
1893 3854 2110 3922 Felicis,

521 3935 749 4000 Honori,
786 3936 1078 4007 Demetrii,
1131 3940 1267 3997 Zeti.
1329 3944 1395 3998 Et
1423 3944 1587 4012 alibi,
1618 3945 1889 4017 depositio
1915 3948 2111 4018 Eparci

516 4043 782 4100 episcopi.

588 4138 695 4178 xvu
736 4122 844 4179 kal.
879 4123 997 4180 Oct.
1031 4125 1084 4180 lu
1135 4126 1495 4199 Alexandria,
1550 4132 1746 4188 natalis
1800 4141 2110 4189 sanctorum

517 4216 677 4270 trium
710 4216 963 4283 fratrum,
993 4219 1198 4291 Cytini,
1224 4220 1456 4286 Leontii,
1480 4223 1812 4293 Serapionis,
1843 4226 2020 4279 Croci.
2055 4224 2114 4281 In

520 4312 731 4382 Ancyra
763 4310 1012 4379 Galatiae,
1048 4314 1238 4369 natalis
1263 4324 1575 4371 sanctorum
1609 4316 1844 4382 Seleuci,
1870 4327 1924 4373 et
1950 4317 2112 4375 Vale-

518 4403 602 4459 rii.
629 4404 685 4459 In
710 4404 893 4460 Tomis
915 4404 1157 4472 civitate,
1175 4408 1371 4463 natalis
1396 4416 1706 4464 sanctorum
1731 4409 2117 4477 Stratorii,Va-

519 4495 660 4562 lerii,
696 4496 925 4565 Merobi,
948 4506 1004 4553 et
1027 4498 1281 4555 Gordiani
1305 4542 1319 4567 ,
1344 4508 1399 4554 et
1426 4500 1732 4555 Nicomedis
1760 4506 2035 4574 martyris.
2054 4502 2111 4558 In

2218 3297 2435 3369 Sigonis
2462 3305 2487 3334 ιι
2520 3295 2800 3366 presbyteri
2827 3302 2874 3349 et
2902 3293 3236 3363 confessoris.

2285 3407 2362 3447 xu
2387 3391 2489 3445 kal.
2528 3390 2647 3444 Oct.
2675 3388 2931 3460 Synnada
2964 3388 3238 3459 Phrygiae,
3273 3384 3475 3441 natalis
3498 3392 3810 3441 sanctorum

2217 3483 2534 3539 DormidOni
2556 3523 2570 3547 ,
2599 3479 2854 3536 Dorotltei
2876 3524 2889 3547 ,
2922 3480 3145 3544 Privati,
3178 3478 3412 3541 Felicis,
3449 3475 3812 3533 Constantina.

2216 3576 2349 3631 Item
2382 3572 2604 3629 Felicis.
2637 3572 2695 3628 In
2721 3570 2951 3627 Nuceria
2972 3612 2987 3634 ,
3023 3568 3218 3624 natalis
3249 3577 3565 3623 sanctorum
3594 3565 3816 3634 Felicis,

2216 3679 2265 3725 et
2296 3667 2651 3728 Constantite,
2686 3665 2775 3736 qui
2811 3664 2965 3735 passi
2988 3670 3116 3717 sunt
3143 3662 3247 3721 sub
3270 3660 3511 3717 Nerone.

2290 3777 2341 3817 XI
2366 3760 2474 3814 kal.
2504 3758 2621 3812 Oct.
2658 3758 2715 3813 In
2756 3755 3003 3819 Persida,
3052 3756 3272 3810 civitate
3302 3752 3579 3817 Tarrium,
3623 3751 3823 3807 natalis

2220 3856 2395 3912 sancti
2429 3854 2649 3911 Matthei
2683 3854 3052 3921 evangelista.
3094 3852 3322 3909 Piralice
3350 3850 3594 3915 civitate,
3629 3847 3823 3902 natalis

2217 3948 2387 4004 saneti
2442 3948 2792 4017 evangelista:
2834 3944 3015 4000 Lucae.
3062 3943 3389 4007 Mediolano,
3422 3939 3621 3994 natalis
3647 3937 3822 3992 sancti

2225 4044 2475 4099 Victoris.
2506 4040 2722 4098 Corbeia
2742 4039 3076 4103 monasterio,
3100 4035 3357 4093 dedicatio
3380 4032 3611 4089 basilica
3630 4030 3822 4086 Domni

2222 4138 2398 4194 Albini
2423 4146 2471 4190 et
2504 4134 2799 4189 Marcellini
2820 4134 3205 4203 episcoporum.

2291 4249 2324 4287 χ
2351 4230 2461 4286 kal.
2502 4230 2618 4284 Oct.
2659 4230 2866 4309 Bomze,
2894 4228 2981 4281 via
3007 4226 3213 4284 Salaria
3242 4232 3453 4284 vetere,
3480 4221 3535 4276 in
3564 4225 3823 4275 emuncto-

2221 4329 2304 4381 rio
2333 4325 2601 4397 ejusdem,
2638 4323 2836 4378 natalis
2877 4330 3084 4376 sancta:
3112 4319 3349 4374 Basillae.
3384 4314 3611 4372 Sidonis
3630 4311 3823 4369 civita-

2223 4431 2296 4484 te,
2332 4420 2383 4473 in
2418 4418 2541 4472 loco
2575 4416 2665 4485 qui
2695 4415 2894 4469 dicitur
2935 4414 3229 4483 Agaunus,
3282 4410 3477 4464 natalis
3502 4416 3819 4463 sanctorum

2223 4510 2489 4572 Mauricii.
2542 4508 2823 4577 Exnperii,
2870 4504 3123 4572 Candidi,
3172 4501 3443 4567 Victoris,
3492 4495 3821 4563 Innocentii,

522 4587 858 4655 Nicomedia,
890 4590 1083 4645 natalis
1114 4600 1424 4647 sanctorum
1452 4591 1622 4655 Areii,
1658 4592 1928 4648 Archeon.
1968 4594 2033 4649 Et
2057 4594 2109 4648 in
2144 4604 2188 4661 ι)
2221 4605 2405 4661 νίιειίε
2435 4619 2558 4660 cum
2589 4603 2752 4658 sociis
2782 4617 2877 4656 se;
2925 4599 3168 4654 millibus
3194 4595 3504 4668 quingentis
3539 4591 3821 4663 oetoginla

522 4680 749 4736 Nuceria
800 4681 1130 4753 Campaniae,
1178 4686 1370 4739 natalis
1419 4684 1480 4742 S.
1514 4683 1843 4740 Constantii.
1894 4686 1951 4740 In
1999 4691 2112 4742 An-

521 4777 696 4844 quira,
731 4775 1001 4847 depositio
1032 4778 1181 4832 l’auli
1209 4778 1473 4851 episcopi.
1510 4780 1576 4835 Et
1604 4782 1655 4835 in
1706 4780 1984 4837 territorio
2011 4780 2114 4838 Ca.

524 4869 833 4939 billonensi,
858 4882 1041 4928 castro
1069 4871 1357 4943 Ternocio,
1393 4874 1589 4930 natalis
1626 4876 1800 4932 saneti
1832 4875 2111 4933 Valeriani

522 4965 795 5035 martyris.
827 4965 1094 5037 Lugduno
1122 4967 1333 5035 Galliae,
1358 4969 1626 5040 depositio
1648 4969 1831 5026 Albini
1848 4971 2111 5041 episcopi.

526 5049 739 5108 Natalis
771 5055 832 5111 S.
867 5057 1081 5113 Aicadri
1103 5059 1322 5114 abbatis.

600 5162 688 5202 xv:
720 5147 824 5203 Ital.
860 5150 977 5205 Oct.
1006 5153 1332 5221 Calcedone,
1354 5156 1548 5211 natalis
1572 5165 1774 5212 sanctis
1801 5156 2117 5225 Euphemias

523 5239 769 5311 virginis.
794 5241 1002 5313 Romae,
1034 5246 1229 5301 natalis
1254 5256 1574 5304 sanctorum
1604 5248 1860 5313 Victoris,
1891 5248 2113 5318 Felicis,

523 5334 837 5400 Alexandri,
870 5336 1068 5409 Papiae,
1099 5340 1302 5411 Magni.
1337 5341 1391 5397 In
1423 5342 1511 5398 via
1532 5342 1866 5399 Nomentana
1894 5342 1961 5397 ad
1980 5341 2113 5412 Cap.

582 5585 608 5614 ⁸
633 5576 695 5633 S.
730 5575 960 5647 Sigeriis.
989 5574 1258 5631 Acherius
1290 5585 1473 5631 monet
1503 5576 1604 5647 legi
1630 5585 1883 5646 oportere
1912 5574 1971 5631 S.
2005 5574 2103 5631 Se-

504 5650 704 5718 quani;
749 5646 892 5718 quod
912 5648 1058 5717 [mihi
1098 5647 1323 5717 quidem
1359 5664 1466 5704 non
1500 5646 1709 5717 placet,
1736 5665 1863 5703 nam
1884 5662 2007 5703 eun
2035 5664 2102 5702 ex

503 5716 711 5787 vulgari
748 5716 808 5790 _S.
845 5716 1003 5790 Scine
1044 5716 1162 5773 ﬁeri
1204 5720 1464 5790 potuerit,
1488 5716 1562 5788 {ut
1593 5721 1830 5790 imperiti
1873 5719 2105 5790 scripto-

502 5788 834 5861 res,rquales
864 5787 1040 5843 media
1080 5787 1224 5861 tetas
1262 5787 1525 5857 plurimus
1554 5787 1777 5855 ell'udit,
1809 5787 2099 5861 opinaren-

492 5867 585 5919 tur
615 5860 671 5916 in
714 5858 807 5915 illo
838 5859 1180 5934 monasterio
1206 5861 1310 5919 coli
1354 5869 1604 5920 sanctuu
1632 5858 1924 5934 quemdam
1957 5901 1973 5932 ,
2004 5861 2097 5936 qui

2220 4699 2455 4768 quinque
2482 4743 2495 4767 ,
2557 4734 2571 4750 .
2645 4735 2658 4749 .
2733 4736 2745 4749 .
2797 4692 3129 4750 Autisiodero
3156 4735 3171 4761 ,
3210 4690 3468 4745 adventus
3502 4696 3549 4743 et
3593 4684 3826 4757 exceptio

2219 4789 2449 4861 corporis
2503 4788 2668 4844 sancti
2723 4786 2972 4843 Germani
3019 4785 3246 4855 episwpi
3305 4790 3355 4838 et
3404 4779 3717 4851 confessoris
3762 4774 3826 4831 ab

2221 4880 2405 4937 Italia.
3563 4889 3569 4895 '

2292 4992 2347 5030 ix
2373 4974 2480 5029 kal.
2504 4973 2621 5029 Oct.
2653 4973 2710 5029 In
2736 4972 3004 5037 Seleucia,
3033 4968 3229 5025 natalis
3253 4976 3458 5023 sanctae
3478 4962 3666 5021 Tecla:
3688 4977 3830 5017 mar-

2225 5069 2379 5141 tyris.
2414 5070 2480 5122 Et
2502 5069 2556 5122 in
2587 5067 2937 5130 Alexandria,
2966 5064 3162 5119 natalis
3189 5062 3361 5117 sancti
3395 5057 3561 5115 Marci
3590 5068 3829 5126 evange-

2232 5163 2391 5217 listzc.
2425 5161 2637 5227 Romae,
2669 5159 2940 5230 depositio
2970 5158 3143 5212 sancti
3177 5154 3379 5211 Liberii
3407 5148 3676 5220 episcopi.

2295 5270 2388 5310 vnt
2413 5252 2519 5308 Ital.
2546 5253 2665 5307 Oct.
2693 5251 3026 5308 Machironta
3050 5240 3609 5313 castello,Conceptio
3638 5239 3822 5297 sancti

2223 5344 2453 5401 Joannis
2485 5344 2759 5414 Baptistre.
2794 5342 2860 5398 Et
2886 5341 3048 5409 alibi,
3083 5340 3282 5397 natalis
3310 5347 3625 5393 sanctorum
3661 5331 3823 5398 Julii,

2211 5590 2410 5632 nomen
2456 5576 2723 5648 Sequanae
2756 5572 2968 5630 ﬂumini
2993 5570 3229 5648 dederit,
3262 5565 3639 5648 mihi__videt_u_r
3669 5563 3830 5648 Sigo-

2208 5650 2291 5702 nis
2322 5664 2519 5704 nomen
2547 5640 2777 5703 'omnino
2813 5661 2935 5701 esse
2979 5641 3344 5700 retinendum.
3390 5640 3456 5696 Et
3486 5640 3713 5709 quidem
3736 5646 3828 5695 feo

2209 5720 2406 5791 magis,
2457 5720 2606 5789 quod
2648 5733 2756 5775 non
2799 5713 3267 5791 aliterscribitor
3317 5714 3372 5769 in
3419 5711 3823 5786 Martyrologiis

2206 5787 2523 5861 Gelonens’i,
2558 5802 2615 5850 et
2646 5790 2821 5849 sancti
2856 5787 3027 5847 Galli.
