4048 6312
219 281 329 341 477

1306 286 1337 339 ι
1353 285 1867 348 Ετυετιεδιιιυιι
1907 290 1950 348 Κ
1971 288 2431 347 \LENDARIUM.

3418 296 3523 353 478

216 400 626 475 Christopltori,
648 400 949 468 Laurentii,
973 399 1257 467 Martialis,
1295 400 1555 470 Victoris,
1586 400 1811 473 Gargili,
1845 410 1895 468 Α
1993 420 2050 460 tv
2080 421 2199 460 non.
2233 404 2349 459 Oct.
2381 404 2435 460 lu
2457 404 2716 478 Egypto,
2739 407 2919 477 Marci,
2951 418 3004 466 et
3034 410 3283 467 Martiani
3308 425 3519 482 marty-

217 497 422 565 Marci,
443 498 671 564 Nobilis,
706 496 981 560 Victorize,
1011 495 1356 564 Secundolte,
1379 495 1686 562 Faustam,
1715 497 1822 552 Va-

219 592 394 657 leriae,
426 592 709 658 Cclerinte,
744 590 1052 646 Donatulte.
1088 590 1143 645 In
1170 590 1549 662 Augustidunu
1581 592 1822 657 civitate,

217 684 666 750 vico-Scdiluco,
697 685 894 739 natalis
921 691 1237 740 sanctorum
1270 683 1519 751 Andocii,
1543 683 1721 756 Tyrsi,
1751 684 1823 739 A-

219 778 401 847 prilis,
434 787 489 833 et
517 776 714 832 Felicis
744 787 1045 849 martyrum
1072 793 1087 831 ς
1113 776 1389 833 Lucrosze.
1414 776 1702 847 Lugduno,
1725 776 1824 832 dc-

220 871 421 942 positio
441 871 618 926 sancti
646 870 782 939 Lupi
809 871 1054 941 episcopi
1076 880 1133 926 et
1150 872 1511 928 confessoris.
1536 874 1818 941 Arvernis,

220 964 493 1035 depositio
522 963 697 1019 sancti
729 964 937 1019 Rustici
965 963 1233 1035 episcopi.

292 1073 368 1113 vn
392 1056 497 1111 kal.
536 1056 653 1112 Oct.
687 1056 743 1112 In
773 1058 933 1122 Asia,
966 1057 1163 1113 natalis
1191 1067 1506 1112 sanctorum
1546 1057 1778 1127 Eucarpi
1800 1097 1818 1125 ,

215 1160 272 1207 et
298 1150 565 1208 Bardonis
593 1168 715 1207 cum
746 1151 867 1206 aliis
887 1151 1098 1220 viginti.
1133 1152 1188 1205 In
1212 1150 1411 1217 Gallia,
1445 1150 1729 1205 Ambianis
1751 1152 1822 1206 ci-

214 1245 411 1313 vitate,
440 1245 625 1315 passio
655 1245 715 1301 S.
757 1244 984 1300 Firmioi
1018 1244 1295 1314 episcopi,
1343 1254 1400 1299 et
1435 1245 1710 1316 martyris.
1754 1245 1821 1299 Et

212 1336 369 1399 alibi,
392 1336 661 1406 depositio
686 1336 862 1390 sancti
894 1335 1086 1390 Marci.

286 1444 339 1481 VI
370 1428 598 1483 kal.0ct.
630 1429 835 1493 Roma),
866 1428 945 1482 via
975 1426 1145 1498 Appia
1165 1470 1181 1495 ,
1216 1428 1268 1482 in
1291 1426 1611 1484 cmmetcrio
1633 1428 1820 1485 Cales—

215 1519 276 1585 ti,
309 1519 582 1589 depositio
626 1519 685 1576 S.
718 1520 934 1575 Eusebii
967 1519 1213 1589 episcopi
1254 1530 1311 1574 et
1356 1520 1708 1576 confessoris.
1750 1521 1818 1576 Et

214 1610 266 1666 itt
301 1612 532 1678 Albano,
570 1612 764 1666 natalis
798 1612 855 1667 S.
886 1612 1194 1667 Senatoris.
1230 1612 1469 1675 Etalibi,
1518 1614 1713 1670 natalis
1754 1614 1812 1669 S.

215 1704 468 1775 Migigno,
500 1704 761 1771 Nabotis,
800 1704 1064 1759 Faustini.
1095 1704 1165 1759 Et
1212 1704 1265 1759 in
1305 1705 1582 1773 Sardinia,
1619 1706 1815 1775 natalis

1930 514 2072 554 tum.
2107 499 2162 553 ltt
2212 500 2389 555 Africa
2417 542 2432 567 ,
2469 500 2716 569 Marcisi,
2763 501 3047 571 Restituti,
3076 504 3225 563 Julii.
3255 507 3323 565 Et
3352 508 3522 575 alibi,

1926 592 2100 647 sancti
2145 592 2324 659 Dasii,
2366 592 2612 662 alibique
2641 592 2882 651 Marcelli
2920 596 3183 667 episcOpi.
3214 601 3523 657 Autisiode-

1926 698 2011 747 ro,
2039 683 2311 751 depOsitio
2342 685 2520 739 sancti
2554 684 2719 743 Marsi
2748 685 3054 758 presbyteri
3080 698 3131 743 et
3161 688 3517 749 confessoris.

2000 792 2059 831 ιιι
2087 793 2191 831 non
2223 775 2340 831 Oct.
2373 776 2430 831 ln
2456 777 2668 843 Sicilia,
2696 777 2883 833 Placiti
2906 818 2920 845 ,
2950 778 3160 844 Eutici,
3194 791 3251 837 et
3280 782 3513 840 aliorum

1929 868 2170 938 triginta.
2202 869 2269 923 Et
2292 868 2458 935 alibi,
2490 868 2691 935 Barici,
2734 868 3020 938 Victorini,
3049 871 3259 937 Fausti,
3290 872 3519 944 Pelagii.

1927 959 2174 1014 Valentia
2208 960 2460 1028 civitate,
2499 961 2769 1029 depositio
2803 962 3152 1032 Apollonaris
3177 964 3424 1035 episcOpi
3459 974 3515 1021 et

1922 1053 2283 1109 confessoris.
2315 1054 2698 1123 Autisiodero,
2731 1055 3005 1126 depositio
3045 1067 3359 1115 sanctorum
3400 1073 3525 1128 ger-

1922 1161 2213 1202 manorum
2246 1145 2473 1202 Flrmati
2501 1147 2741 1217 diaconi,
2773 1159 2831 1206 et
2859 1148 3135 1207 Flaviana:
3161 1150 3276 1208 Deo
3296 1163 3523 1211 sacrata

1922 1238 2170 1308 virginis,

1999 1330 2180 1385 Pridie
2215 1347 2338 1386 non.
2390 1330 2505 1387 Oct.
2540 1333 2719 1403 Capua
2742 1374 2756 1396 ,
2806 1336 3004 1390 natalis
3033 1346 3349 1393 sanctorum
3374 1337 3519 1394 Mar-

1920 1426 2253 1492 cclli,Casti,
2281 1426 2481 1493 Emeli,
2508 1427 2812 1491 Saturnini,
2842 1428 3132 1487 Donatelli.
3159 1432 3371 1499 Roma),
3399 1433 3523 1488 Bal-

1921 1518 2065 1573 liina:
2085 1560 2097 1583 ,
2129 1528 2185 1573 et
2211 1517 2488 1588 depositio
2516 1520 2690 1574 Sancti
2720 1520 2887 1577 Marci
2914 1523 3155 1592 CpiSCOlti
3174 1564 3187 1589 ,
3214 1523 3437 1580 Juliani.
3462 1525 3520 1581 in

1918 1610 2123 1675 Africa,
2157 1610 2389 1681 Rogati,
2420 1610 2732 1675 Saturnini,
2762 1612 3045 1681 Januarii,
3076 1614 3354 1681 Faustini,
3378 1617 3521 1672 Mar-

1923 1702 2083 1757 tialis.
2118 1701 2175 1757 ltt
2207 1702 2400 1772 Apulia
2427 1744 2442 1769 ,
2478 1704 2659 1771 Casti,
2694 1690 2901 1770 Emelt,
2944 1704 3257 1771 Saturnini,
3293 1712 3517 1765 Ammo-

211 1799 387 1853 sancti
416 1797 621 1854 Lnxuri
652 1798 931 1869 martyris.
962 1796 1237 1865 Arvernis,
1268 1797 1518 1867 depositio
1538 1797 1816 1867 Apollinu-
1845 1798 1893 1859 Β
1923 1794 1996 1847 ttii
2024 1794 2347 1865 presbyteri.
2374 1795 2601 1865 Agenno
2632 1796 2875 1864 civitate,
2912 1800 3107 1854 natalis
3129 1810 3339 1857 sancta:
3363 1800 3514 1858 Fidis

212 1892 283 1945 ris
312 1890 546 1961 episcopi
574 1898 622 1943 et
649 1888 985 1961 confessoris.

287 2002 318 2039 v
348 1986 457 2038 kal.
491 1982 607 2039 Oct.
647 1982 706 2038 In
736 1983 969 2037 Caesarie
996 1981 1386 2053 Cappadociae,
1426 1980 1624 2036 natalis
1643 1981 1814 2036 sancti

218 2078 551 2134 Eleutherii.
578 2078 635 2134 In
661 2077 833 2133 Tarso
854 2076 1079 2143 Ciliciae,
1129 2076 1327 2132 natalis
1372 2084 1683 2131 sanctorum
1707 2074 1816 2132 Ta-

218 2171 353 2237 raci,
396 2170 584 2237 Probi,
616 2181 672 2226 et
701 2169 1025 2235 Andronici,
1055 2168 1279 2225 Justini.
1324 2167 1531 2225 Aducia
1571 2168 1815 2236 civitate,

219 2262 415 2319 natalis
460 2273 773 2318 sanctorum
811 2259 995 2317 Cosmi
1026 2270 1083 2317 et
1114 2260 1356 2317 Damiani
1401 2268 1725 2332 martyrum.
1761 2261 1816 2316 In

223 2355 472 2426 Epheso,
532 2355 726 2411 natalis
776 2357 950 2411 sancti
996 2353 1300 2421 Timothei,
1364 2352 1617 2423 discipuli
1668 2354 1816 2408 Pauli

221 2449 479 2516 apostoli.
526 2447 582 2503 in
615 2448 892 2503 territorio
938 2448 1317 2519 Augustiduno
1346 2449 1587 2517 civitate,
1642 2448 1819 2503 sancti

223 2539 549 2607 Floretttini,
580 2538 822 2606 Sylvani,
853 2539 1041 2595 Firmi.

291 2649 343 2688 tv
370 2633 480 2688 kat.
524 2632 639 2687 Oct.
683 2634 742 2689 In
774 2632 974 2700 Africa,
1008 2632 1203 2687 natalis
1232 2641 1542 2688 sanctorum
1573 2631 1820 2689 Lauren-

225 2727 303 2794 tii,
334 2726 606 2795 Faustini,
635 2737 689 2782 et
718 2725 998 2794 Victuriae,
1032 2725 1312 2793 Candida),
1348 2726 1595 2793 Valeriae,
1634 2712 1819 2782 Dona-

225 2829 313 2889 ιω,
342 2821 527 2887 Levae,
562 2821 825 2887 Fuciosrn,
858 2820 1057 2892 Gagili,
1084 2820 1312 2887 Placidi,
1344 2832 1399 2877 et
1421 2820 1651 2879 aliorum
1681 2820 1819 2876 mul-

225 2924 419 2981 torum,
456 2914 714 2984 Longini,
747 2913 1021 2980 Victoriae,
1053 2914 1395 2970 Prisciniani.
1420 2914 1631 2978 Romae,
1659 2924 1815 2969 nata-

224 3007 288 3062 lis
331 3009 506 3064 sancti
540 3006 764 3063 Stactei.
793 3007 981 3065 Genua
1014 3009 1266 3074 civitate,
1300 3007 1568 3076 depositio
1606 3007 1816 3063 Salonii

222 3102 460 3172 episcopi
488 3111 542 3155 et
579 3100 934 3159 confessoris.
961 3099 1324 3165 Autisiodero,
1360 3100 1617 3169 depositio
1647 3102 1819 3155 sancti

221 3195 374 3249 Alodi
405 3194 635 3264 episcopi
656 3206 702 3247 et
731 3193 1063 3262 confessoris.

289 3301 350 3342 ιιι
384 3286 495 3342 kal.
541 3286 656 3341 Oct.
691 3286 746 3340 ln
780 3284 1008 3340 Thracia
1030 3328 1044 3353 ,
1079 3284 1293 3351 Eurici,
1330 3285 1533 3351 Plauti,
1562 3286 1811 3355 Planciti,

218 3380 464 3445 Ambuti,
494 3379 743 3448 Araclize,
776 3380 1043 3448 Thraciae,
1068 3380 1312 3450 Donatat,
1346 3381 1551 3451 Romae,
1583 3384 1811 3440 militum

216 3474 502 3543 sexaginta
521 3482 665 3529 octo.
703 3472 971 3531 Dedicatio
990 3473 1217 3529 basilicis
1242 3472 1554 3547 Arcliangeli
1580 3473 1815 3529 Michae-

217 3560 281 3617 lis
302 3564 356 3617 in
382 3575 555 3618 monte
580 3563 665 3635 qui
689 3566 874 3619 dicitur
901 3564 1197 3637 Garganus.
1241 3566 1307 3622 Et
1334 3567 1485 3633 alibi,
1532 3567 1806 3635 Januarii,

217 3655 381 3721 Sosii,
414 3656 673 3725 Ampttni.
705 3657 989 3723 CcledOni,
1020 3657 1251 3719 Jostini.
1286 3659 1667 3729 Autisiodcro,
1702 3660 1801 3716 de-

219 3748 416 3816 positio
447 3748 547 3803 Fra
560 3750 698 3804 terni
734 3749 980 3819 episcopi
1007 3759 1061 3804 et
1090 3749 1448 3813 confessoris.

284 3837 470 3894 Pridie
508 3839 614 3895 kal.
659 3840 774 3896 Oct.
820 3841 876 3897 lu
926 3841 1243 3897 Placentina
1293 3842 1552 3907 civitate,
1609 3841 1807 3897 natalis

216 3932 384 3988 sancti
434 3932 693 3988 Antonini
732 3934 1011 4005 martyris.
1060 3934 1116 3989 In
1147 3933 1483 4000 Mediolano,
1517 3935 1805 3988 translatio

213 4024 459 4093 corporis
487 4025 657 4079 sancti
695 4024 924 4080 Victoris
953 4026 1227 4096 martyris.
1258 4023 1555 4079 Bethlehem
1577 4026 1804 4092 civitate,

212 4116 461 4189 depositio
494 4119 554 4174 S.
591 4118 901 4192 Hieronymi
927 4120 1227 4191 presbyteri.

684 4255 932 4313 MENSIS
964 4254 1325 4313 OCTOBRIS.

752 4348 931 4404 liabet
959 4350 1083 4406 Dies
1114 4364 1265 4405 xxxi.

280 4486 405 4542 Kal.
445 4488 561 4543 Oct.
587 4486 799 4542 Litauia
822 4486 1130 4544 indicanda.
1158 4488 1349 4553 Prisci,
1369 4486 1609 4543 Faustini
1637 4495 1797 4544 mart.

1924 1884 2146 1954 \irginis
2176 1894 2232 1939 et
2262 1889 2540 1956 martyris.
2571 1887 2636 1941 ln
2670 1888 2874 1944 civitate
2914 1890 3276 1960 Autisiodero,
3310 1894 3519 1965 deposi-

1924 1977 1994 2029 tio
2024 1978 2189 2031 sancti
2221 1976 2445 2032 Romani
2475 1980 2721 2050 episcopi.

1997 2085 2049 2125 ts
2078 2069 2197 2123 idus
2237 2068 2353 2124 Oct.
2384 2070 2603 2137 Rotuae,
2638 2071 2723 2126 via
2755 2073 2927 2143 Appia
2953 2114 2968 2140 ,
3000 2075 3272 2145 depositio
3302 2090 3519 2134 sancto-

1922 2178 2040 2217 rum
2062 2173 2365 2233 martyrum
2397 2162 2628 2232 Apulei,
2651 2176 2706 2219 et
2732 2165 2973 2221 Marcelli
3003 2168 3267 2239 episcopi,
3294 2180 3347 2225 et
3374 2170 3517 2226 Mar-

1920 2254 1968 2307 ci
2023 2253 2263 2321 episcupi
2311 2261 2368 2308 et
2410 2253 2765 2311 confessoris.
2814 2255 2873 2312 In
2926 2255 3108 2328 Cipua
3159 2259 3502 2330 Campania),

1921 2344 2133 2412 Quarti,
2166 2353 2220 2400 et
2250 2344 2576 2400 Marcellini.
2609 2345 2675 2400 Et
2705 2346 2855 2409 alibi,
2886 2359 3091 2404 sanctae
3115 2349 3301 2421 Julian,
3332 2352 3515 2424 Syrgi,

1924 2439 2099 2505 ltacei,
2129 2445 2184 2493 et
2214 2439 2406 2493 natalis
2432 2440 2608 2495 sancti
2638 2440 2874 2496 Mattltaai
2902 2444 3277 2513 evangelistam
3312 2445 3511 2501 Bituri-

1922 2544 2014 2584 cas
2051 2527 2310 2597 civitate,
2345 2531 2522 2585 sancti
2560 2530 2847 2602 Augustini
2880 2536 3181 2607 presbyteri
3217 2544 3274 2593 ct
3306 2538 3521 2594 confes-

1917 2622 2082 2679 soris.

1992 2731 2083 2770 vnt
2113 2715 2229 2771 idus
2262 2714 2377 2771 Oct.
2410 2715 2465 2770 ln
2492 2717 2806 2785 Antiochia,
2844 2718 3089 2793 Dionysii
3123 2722 3387 2793 episcopi,
3430 2724 3519 2780 Ja-

1921 2808 2132 2873 nuarii,
2164 2807 2409 2864 Faustini
2456 2819 2624 2867 mart.
2668 2812 2955 2882 Martialis,
2992 2812 3228 2883 Privati,
3275 2816 3513 2888 Eraclti,

1920 2903 2143 2969 Juliani,
2171 2904 2425 2976 Pelagine.

1993 3016 2063 3055 vtt
2093 3001 2211 3056 idus
2244 2999 2358 3056 Oct.
2391 3000 2448 3057 In
2484 3002 2701 3059 civitate
2726 3003 2982 3061 Laodicia
3012 3004 3286 3079 Phrygias,
3314 3006 3511 3063 natalis

1920 3096 2092 3152 sancti
2110 3095 2391 3151 Theodoli.
2413 3099 2474 3153 Et
2498 3099 3509 3173 alibi,Attici,Lutldnli,Septimi,luli.

1842 3180 1888 3244 C
1920 3188 2139 3244 Colonia
2187 3190 2480 3261 Agrippina
2532 3193 2783 3259 civitate,
2825 3195 3021 3250 natalis
3056 3202 3370 3250 sanctorum
3406 3202 3515 3249 tre-

1918 3292 2202 3338 centorum
2230 3285 2617 3353 septemdecim
2644 3300 2963 3358 martyrum.
3000 3286 3057 3341 ln
3077 3286 3353 3355 provincia
3383 3283 3515 3341 Cre-

1922 3386 1998 3441 ta,
2016 3377 2235 3432 civitate
2250 3376 2510 3447 Augusta,
2544 3380 2737 3433 natalis
2755 3389 2956 3434 sancttc
2980 3378 3125 3434 Afra:
3148 3378 3425 3450 martyris.
3451 3377 3511 3434 In

1916 3468 2138 3523 civitate
2154 3469 2383 3530 Vienna,
2417 3469 2712 3524 multorum
2737 3480 3058 3541 tuartyrum.
3078 3470 3337 3537 Parisius,
3361 3482 3514 3526 nata-

1915 3559 1979 3614 lis
2008 3568 2320 3615 sanctorum
2362 3559 2606 3631 Dionysii
2632 3562 2896 3632 episcopi,
2922 3562 3130 3617 Rustici
3175 3564 3504 3635 presbyteri,

1917 3652 2225 3708 Eleutherii
2260 3652 2500 3707 diaconi.
2546 3652 2611 3707 In
2641 3653 2869 3710 Centqu
2899 3658 3250 3725 ,monasterio,
3285 3656 3515 3713 (rotula-

1915 3744 1985 3797 tio
2017 3744 2250 3811 corporis
2282 3742 2521 3799 Ricltarii
2578 3747 2916 3818 confessoris.
2960 3748 3182 3816 Romae,
3237 3749 3509 3818 Marcelli,

1913 3834 2184 3902 Genuini,
2229 3836 2380 3891 Novii
2411 3877 2426 3903 ,
2466 3836 2628 3892 Justi.
2674 3838 2824 3894 lnter
2859 3840 2994 3895 duas
3037 3840 3255 3909 lauros,
3302 3851 3508 3898 sanctae

1916 3928 2200 3996 l'ritttivm,
2248 3929 2428 3995 (Iusti,
2459 3928 2606 3985 Julii.
2632 3931 2687 3988 In
2713 3931 2933 4001 Cilicia,
2962 3931 3188 4000 Taraci,
3224 3934 3407 3999 Probi,
3445 3944 3502 3991 et

1911 4020 2239 4077 Andronici.
2265 4020 2331 4075 In
2362 4020 2580 4078 Centulo
2607 4028 2939 4092 monasterio,
2984 4028 3239 4099 depositio
3272 4029 3509 4099 corporis

1910 4115 1977 4168 Β.
2012 4115 2228 4171 Richart
2251 4117 2583 4187 confessoris.
2610 4116 2828 4172 Corbeia
2876 4120 3215 4183 monasterio,
3246 4119 3504 4189 depositio

1913 4206 2215 4278 Theofridis
2238 4208 2452 4263 abbatis.
3174 4211 3183 4221 '

1985 4314 2037 4363 vt
2073 4299 2191 4354 idus
2224 4298 2341 4354 Oct.
2388 4298 2443 4356 In
2474 4298 2655 4358 Africa
2678 4341 2693 4368 ,
2723 4300 2983 4368 (Eraclii,
3016 4301 3298 4369 Dionysii,
3323 4299 3507 4370 Septi-

1908 4406 2030 4457 tnze,
2064 4391 2348 4461 Secundae,
2378 4393 2566 4449 Salsae.
2596 4394 2661 4449 Et
2692 4395 2846 4464 alibi,
2878 4394 3041 4460 Caiti,
3071 4394 3343 4462 Quintasi,
3371 4395 3507 4465 Sep-

1908 4486 2045 4551 timi,
2079 4486 2325 4554 Vennsti,
2356 4489 2527 4554 Beati,
2556 4488 2819 4553 Secundi,
2863 4487 3079 4556 Donati,
3104 4488 3323 4550 Sereni,
3348 4489 3507 4544 Cres-

218 4580 526 4647 Alexantlri,
558 4580 818 4649 Eopropi,
844 4581 1141 4648 Saturnini,
1178 4582 1328 4651 Spei,
1355 4581 1545 4650 Primi,
1578 4582 1797 4639 Donati.
1832 4565 1880 4625 θ
1906 4580 2077 4647 ccuti,
2102 4580 2318 4651 Taraci,
2351 4580 2537 4649 Probi,
2572 4581 2890 4646 Andronici,
2920 4579 3118 4637 Niceti.
3148 4579 3353 4635 Natalis
3384 4580 3506 4636 Fir-

216 4669 335 4726 ltetn
367 4674 581 4745 Digntn,
618 4673 843 4739 Paftico,
877 4673 1060 4743 Prepi.
1092 4675 1148 4732 In
1174 4675 1363 4729 Tomis
1387 4672 1536 4729 Julii.
1566 4673 1789 4729 Autisioo

217 4765 346 4832 dero,
366 4770 618 4839 depositio
644 4766 889 4823 Germani
916 4770 1161 4840 episcopi.
1192 4768 1359 4823 Remis
1383 4769 1625 4836 civitatis,
1652 4786 1797 4823 sane-

217 4855 251 4907 ti
275 4856 510 4931 Remigii.
544 4859 773 4928 Treveri,
804 4860 970 4914 sancti
994 4858 1191 4915 Niceti.

1907 4674 2060 4740 mini,
2095 4673 2308 4730 Heracli
2329 4714 2343 4739 ,
2368 4672 2553 4738 Cassi,
2589 4673 2808 4737 Eusebi,
2846 4671 3114 4737 Florenti,
3139 4671 3398 4727 Victoris.
3430 4672 3506 4728 A-

1902 4766 2185 4837 grippinae,
2218 4765 2456 4822 Mallusti
2480 4780 2603 4820 cum
2635 4763 2763 4820 aliis
2807 4764 3066 4819 trecentis
3096 4763 3317 4832 triginta
3358 4778 3505 4820 mar-

1902 4860 2131 4931 tyribus.
2169 4859 2371 4914 Eodem
2400 4858 2491 4914 die
2517 4858 2713 4913 natalis
2733 4857 2906 4913 sancti
2933 4854 3190 4912 Cerbonii
3222 4854 3495 4913 confessos

278 4964 327 5003 vt
362 4968 483 5007 non.
534 4951 652 5007 Oct.
686 4954 739 5007 In
768 4951 1100 5014 Nicomedia.
1134 4951 1463 5011 Eleutherii.
1513 4952 1570 5008 In
1600 4951 1793 5011 Antio-
1900 4954 1977 5007 ris
2010 4952 2063 5006 in
2095 4949 2420 5016 Populonio.

215 5035 352 5106 chia,
402 5042 600 5110 Primi,
621 5044 840 5110 Quirilli
861 5085 876 5110 ,
911 5043 1093 5099 Pitini.
1134 5043 1351 5111 Romte,
1382 5044 1581 5100 natalis
1611 5046 1789 5103 sancti

216 5126 445 5200 Eusebii,
478 5147 532 5191 et
556 5135 706 5202 alibi,
741 5133 965 5203 Leonis,
998 5135 1214 5200 Gaiani,
1236 5136 1494 5193 Secundi.
1529 5137 1659 5192 Item
1680 5139 1781 5195 Se-

215 5224 383 5292 eundi,
414 5226 673 5286 Platonis.
706 5228 898 5300 Longi.
922 5228 989 5284 In
1018 5228 1227 5298 Gallia,
1261 5232 1432 5303 passio
1459 5232 1628 5289 sancti
1656 5230 1789 5287 Leo-

214 5312 401 5383 degarii
430 5322 660 5393 episcopi
688 5332 737 5377 et
766 5326 1033 5395 martyris.

281 5422 310 5460 ν
336 5428 454 5467 non.
488 5415 605 5470 Oct.
639 5416 953 5483 Antiochia,
987 5419 1286 5490 Theogeni.
1315 5419 1498 5477 Africa
1524 5461 1539 5485 ,
1595 5422 1780 5478 Victo-

1968 5060 1999 5098 v
2026 5043 2140 5098 idus
2165 5042 2281 5102 Oct.
2330 5043 2388 5098 ln
2416 5044 2633 5101 Auerno
2662 5052 2688 5080 ⁸
2720 5040 2925 5101 Siciliae
2945 5082 2960 5107 ,
3005 5041 3183 5098 sancti
3213 5040 3496 5100 Athanasii

1896 5137 2219 5209 presbyteri,
2256 5138 2513 5206 Ampodi,
2540 5136 2776 5204 Placidi,
2804 5136 3017 5199 Fausti,
3050 5135 3317 5202 Januarii,
3347 5138 3488 5192 Mar-

1892 5232 2065 5297 tialis,
2105 5230 2366 5297 Marcelli,
2390 5229 2686 5298 Juviniani,
2711 5230 3021 5297 Antiochia,
3046 5233 3220 5287 sancti
3253 5229 3479 5287 Eraclii.

1895 5326 2097 5382 Eodem
2128 5324 2216 5381 die
2244 5323 2420 5381 sancti
2446 5322 2643 5380 Nicasii
2662 5332 2739 5390 ,et
2764 5322 2994 5380 aliorum
3022 5331 3347 5393 martyrum.

1963 5436 2015 5474 tv
2046 5419 2163 5473 idus
2195 5418 2311 5473 Oct.
2354 5418 2412 5473 In
2445 5417 2719 5487 provincia
2745 5417 2941 5490 Syriae,
2986 5425 3301 5473 sanctorum
3347 5413 3489 5470 Eva-

214 5498 309 5567 ris,
354 5502 590 5577 Urbani,
633 5509 883 5582 Sapargi.
924 5510 991 5567 Et
1028 5511 1194 5578 alibi,
1228 5512 1469 5582 Felicis,
1512 5513 1780 5586 Amponi,
1891 5516 1995 5585 gri,
2039 5514 2315 5570 Prosirite.
2360 5514 2419 5570 Io
2463 5514 2731 5588 Egypto,
2769 5514 3010 5571 Eustasii
3052 5512 3373 5585 presbyteri.
3424 5510 3482 5565 in

212 5588 368 5650 Casti.

278 5781 305 5815 ι
338 5775 407 5835 In
426 5780 640 5844 Accrno.
671 5784 892 5849 Editutn
910 5797 1029 5847 erat
1053 5788 1110 5846 in
1134 5804 1332 5848 amo.

1892 5606 2208 5679 Campania,
2251 5610 2446 5669 natalis
2487 5618 2801 5668 sanctorum
2833 5607 3122 5676 Eucaristi,
3164 5605 3478 5664 Fortunati.
