  <div class='ocr_page' id='page_1' title='image "/cluster/home/n/w/nwhite01/storage/ocr_20150623/30/uva.x000826572/247.png"; bbox 0 0 4048 6290; ppageno 0'>
   <div class='ocr_carea' id='block_1_1' title="bbox 548 250 657 317">
    <p class='ocr_par' dir='ltr' id='par_1_1' title="bbox 548 250 657 317">
     <span class='ocr_line' id='line_1_1' title="bbox 548 250 657 317; baseline 0.009 -1"><span class='ocrx_word' id='word_1_1' title='bbox 548 250 657 317; x_wconf 69' lang='grc'><strong>479</strong></span> 
     </span>
    </p>
   </div>
   <div class='ocr_carea' id='block_1_2' title="bbox 1576 259 2799 325">
    <p class='ocr_par' dir='ltr' id='par_1_2' title="bbox 1576 259 2799 325">
     <span class='ocr_line' id='line_1_2' title="bbox 1576 259 2799 325; baseline 0.007 -11"><span class='ocrx_word' id='word_1_2' title='bbox 1576 261 1635 315; x_wconf 82' lang='grc'><strong>8.</strong></span> <span class='ocrx_word' id='word_1_3' title='bbox 1679 259 2068 319; x_wconf 80' lang='lat' dir='ltr'><strong>illERONYMl</strong></span> <span class='ocrx_word' id='word_1_4' title='bbox 2107 261 2392 321; x_wconf 73' lang='lat' dir='ltr'><strong>OPEllUM</strong></span> <span class='ocrx_word' id='word_1_5' title='bbox 2433 264 2799 325; x_wconf 64' lang='lat' dir='ltr'><strong>MANTISSA.</strong></span> 
     </span>
    </p>
   </div>
   <div class='ocr_carea' id='block_1_3' title="bbox 3749 274 3855 338">
    <p class='ocr_par' dir='ltr' id='par_1_3' title="bbox 3749 274 3855 338">
     <span class='ocr_line' id='line_1_3' title="bbox 3749 274 3855 338; baseline 0.047 -5"><span class='ocrx_word' id='word_1_6' title='bbox 3749 274 3855 338; x_wconf 72' lang='lat' dir='ltr'><strong>J80</strong></span> 
     </span>
    </p>
   </div>
   <div class='ocr_carea' id='block_1_4' title="bbox 552 373 3853 453">
    <p class='ocr_par' dir='ltr' id='par_1_4' title="bbox 552 373 3853 453">
     <span class='ocr_line' id='line_1_4' title="bbox 552 373 3853 453; baseline 0.005 -21"><span class='ocrx_word' id='word_1_7' title='bbox 552 376 613 433; x_wconf 84' lang='lat' dir='ltr'><strong>In</strong></span> <span class='ocrx_word' id='word_1_8' title='bbox 642 374 922 442; x_wconf 82' lang='lat' dir='ltr'><strong>Ravenna,</strong></span> <span class='ocrx_word' id='word_1_9' title='bbox 966 377 1050 430; x_wconf 89' lang='lat' dir='ltr'><strong>via</strong></span> <span class='ocrx_word' id='word_1_10' title='bbox 1090 373 1453 441; x_wconf 88' lang='lat' dir='ltr'><strong>Laurentina,</strong></span> <span class='ocrx_word' id='word_1_11' title='bbox 1495 374 1698 430; x_wconf 82' lang='lat' dir='ltr'><strong>natalis</strong></span> <span class='ocrx_word' id='word_1_12' title='bbox 1727 375 1902 430; x_wconf 81' lang='lat' dir='ltr'><strong>sancti</strong></span> <span class='ocrx_word' id='word_1_13' title='bbox 1942 376 2147 444; x_wconf 84' lang='lat' dir='ltr'><strong>Edicti,</strong></span> <span class='ocrx_word' id='word_1_14' title='bbox 2179 378 2230 439; x_wconf 82' lang='grc' dir='ltr'><strong>Α</strong></span> <span class='ocrx_word' id='word_1_15' title='bbox 2256 377 2472 448; x_wconf 80' lang='lat' dir='ltr'><strong>Rogati,</strong></span> <span class='ocrx_word' id='word_1_16' title='bbox 2504 379 2723 450; x_wconf 88' lang='lat' dir='ltr'><strong>Paperi,</strong></span> <span class='ocrx_word' id='word_1_17' title='bbox 2748 381 3032 453; x_wconf 75' lang='lat' dir='ltr'><strong>Victurim,</strong></span> <span class='ocrx_word' id='word_1_18' title='bbox 3067 382 3332 452; x_wconf 82' lang='lat' dir='ltr'><strong>Flaviani,</strong></span> <span class='ocrx_word' id='word_1_19' title='bbox 3363 385 3630 445; x_wconf 77' lang='lat' dir='ltr'><strong>Victoris.</strong></span> <span class='ocrx_word' id='word_1_20' title='bbox 3660 388 3853 447; x_wconf 82' lang='lat' dir='ltr'><strong>Hiera-</strong></span> 
     </span>
    </p>
   </div>
   <div class='ocr_carea' id='block_1_5' title="bbox 554 464 2039 536">
    <p class='ocr_par' dir='ltr' id='par_1_5' title="bbox 554 464 2039 536">
     <span class='ocr_line' id='line_1_5' title="bbox 554 464 2039 536; baseline -0.001 -13"><span class='ocrx_word' id='word_1_21' title='bbox 554 468 762 536; x_wconf 66' lang='lat' dir='ltr'><strong>Romaz,</strong></span> <span class='ocrx_word' id='word_1_22' title='bbox 792 467 1012 531; x_wconf 91' lang='lat' dir='ltr'><strong>Calesti,</strong></span> <span class='ocrx_word' id='word_1_23' title='bbox 1048 466 1251 521; x_wconf 93' lang='lat' dir='ltr'><strong>Saturi.</strong></span> <span class='ocrx_word' id='word_1_24' title='bbox 1275 464 1562 531; x_wconf 91' lang='lat' dir='ltr'><strong>Bituricas,</strong></span> <span class='ocrx_word' id='word_1_25' title='bbox 1590 466 1768 522; x_wconf 82' lang='lat' dir='ltr'><strong>sancti</strong></span> <span class='ocrx_word' id='word_1_26' title='bbox 1791 465 2039 536; x_wconf 92' lang='lat' dir='ltr'><strong>Opionis.</strong></span> 
     </span>
    </p>
   </div>
   <div class='ocr_carea' id='block_1_6' title="bbox 623 555 2152 627">
    <p class='ocr_par' dir='ltr' id='par_1_6' title="bbox 623 555 2152 627">
     <span class='ocr_line' id='line_1_6' title="bbox 623 555 2152 627; baseline -0.001 -10"><span class='ocrx_word' id='word_1_27' title='bbox 623 577 685 617; x_wconf 84' lang='grc' dir='ltr'>ιιι</span> <span class='ocrx_word' id='word_1_28' title='bbox 711 562 828 614; x_wconf 84' lang='lat' dir='ltr'><strong>idus</strong></span> <span class='ocrx_word' id='word_1_29' title='bbox 854 559 971 612; x_wconf 83' lang='lat' dir='ltr'><strong>Oct.</strong></span> <span class='ocrx_word' id='word_1_30' title='bbox 998 557 1056 611; x_wconf 85' lang='lat' dir='ltr'><strong>in</strong></span> <span class='ocrx_word' id='word_1_31' title='bbox 1084 557 1391 627; x_wconf 83' lang='lat' dir='ltr'><strong>Hispaniis,</strong></span> <span class='ocrx_word' id='word_1_32' title='bbox 1423 555 1675 613; x_wconf 86' lang='lat' dir='ltr'><strong>Corduba</strong></span> <span class='ocrx_word' id='word_1_33' title='bbox 1706 557 1946 626; x_wconf 88' lang='lat' dir='ltr'><strong>civitate,</strong></span> <span class='ocrx_word' id='word_1_34' title='bbox 1978 558 2152 616; x_wconf 86' lang='lat' dir='ltr'><strong>Faus-</strong></span> 
     </span>
    </p>
   </div>
   <div class='ocr_carea' id='block_1_7' title="bbox 551 649 2146 721">
    <p class='ocr_par' dir='ltr' id='par_1_7' title="bbox 551 649 2146 721">
     <span class='ocr_line' id='line_1_7' title="bbox 551 649 2146 721; baseline -0.002 -11"><span class='ocrx_word' id='word_1_35' title='bbox 551 654 627 721; x_wconf 90' lang='lat' dir='ltr'><strong>ti,</strong></span> <span class='ocrx_word' id='word_1_36' title='bbox 660 652 885 707; x_wconf 60' lang='lat' dir='ltr'><strong>Martia}.</strong></span> <span class='ocrx_word' id='word_1_37' title='bbox 919 651 977 705; x_wconf 86' lang='lat' dir='ltr'><strong>in</strong></span> <span class='ocrx_word' id='word_1_38' title='bbox 1005 650 1369 707; x_wconf 83' lang='lat' dir='ltr'><strong>Chalcedonia</strong></span> <span class='ocrx_word' id='word_1_39' title='bbox 1390 694 1405 719; x_wconf 94' lang='lat'><strong>,</strong></span> <span class='ocrx_word' id='word_1_40' title='bbox 1452 649 1651 704; x_wconf 83' lang='lat' dir='ltr'><strong>natalis</strong></span> <span class='ocrx_word' id='word_1_41' title='bbox 1682 650 1858 704; x_wconf 88' lang='lat' dir='ltr'><strong>sancti</strong></span> <span class='ocrx_word' id='word_1_42' title='bbox 1904 650 2146 707; x_wconf 87' lang='lat' dir='ltr'><strong>Adriani.</strong></span> 
     </span>
    </p>
   </div>
   <div class='ocr_carea' id='block_1_8' title="bbox 554 742 2147 815">
    <p class='ocr_par' dir='ltr' id='par_1_8' title="bbox 554 742 2147 815">
     <span class='ocr_line' id='line_1_8' title="bbox 554 742 2147 815; baseline -0.001 -14"><span class='ocrx_word' id='word_1_43' title='bbox 554 746 688 801; x_wconf 85' lang='lat' dir='ltr'><strong>item</strong></span> <span class='ocrx_word' id='word_1_44' title='bbox 752 744 971 809; x_wconf 78' lang='lat' dir='ltr'><strong>Fausti,</strong></span> <span class='ocrx_word' id='word_1_45' title='bbox 1015 743 1287 810; x_wconf 88' lang='lat' dir='ltr'><strong>Januarii,</strong></span> <span class='ocrx_word' id='word_1_46' title='bbox 1343 742 1607 799; x_wconf 85' lang='lat' dir='ltr'><strong>Marcelli.</strong></span> <span class='ocrx_word' id='word_1_47' title='bbox 1668 742 1726 799; x_wconf 85' lang='lat' dir='ltr'><strong>In</strong></span> <span class='ocrx_word' id='word_1_48' title='bbox 1777 743 2147 815; x_wconf 82' lang='lat' dir='ltr'><strong>Alexandria,</strong></span> 
     </span>
    </p>
   </div>
   <div class='ocr_carea' id='block_1_9' title="bbox 550 837 1573 909">
    <p class='ocr_par' dir='ltr' id='par_1_9' title="bbox 550 837 1573 909">
     <span class='ocr_line' id='line_1_9' title="bbox 550 837 1573 909; baseline -0.004 -12"><span class='ocrx_word' id='word_1_49' title='bbox 550 838 837 897; x_wconf 81' lang='lat' dir='ltr'><strong>Athanasii</strong></span> <span class='ocrx_word' id='word_1_50' title='bbox 870 839 1110 909; x_wconf 88' lang='lat' dir='ltr'><strong>episcopi</strong></span> <span class='ocrx_word' id='word_1_51' title='bbox 1135 846 1191 895; x_wconf 92' lang='lat' dir='ltr'><strong>et</strong></span> <span class='ocrx_word' id='word_1_52' title='bbox 1219 837 1573 895; x_wconf 81' lang='lat' dir='ltr'><strong>confessoris.</strong></span> 
     </span>
    </p>
   </div>
   <div class='ocr_carea' id='block_1_10' title="bbox 619 930 2150 997">
    <p class='ocr_par' dir='ltr' id='par_1_10' title="bbox 619 930 2150 997">
     <span class='ocr_line' id='line_1_10' title="bbox 619 930 2150 997; baseline 0 -10"><span class='ocrx_word' id='word_1_53' title='bbox 619 948 660 987; x_wconf 86' lang='lat' dir='ltr'><strong>ll</strong></span> <span class='ocrx_word' id='word_1_54' title='bbox 691 932 810 987; x_wconf 85' lang='lat' dir='ltr'><strong>idus</strong></span> <span class='ocrx_word' id='word_1_55' title='bbox 842 931 960 987; x_wconf 88' lang='lat' dir='ltr'><strong>Oct.</strong></span> <span class='ocrx_word' id='word_1_56' title='bbox 995 930 1204 997; x_wconf 60' lang='lat' dir='ltr'><strong>Roma,</strong></span> <span class='ocrx_word' id='word_1_57' title='bbox 1238 932 1322 987; x_wconf 88' lang='lat' dir='ltr'><strong>via</strong></span> <span class='ocrx_word' id='word_1_58' title='bbox 1346 930 1591 997; x_wconf 84' lang='lat' dir='ltr'><strong>Aurelia,</strong></span> <span class='ocrx_word' id='word_1_59' title='bbox 1618 931 1672 986; x_wconf 92' lang='lat' dir='ltr'><strong>in</strong></span> <span class='ocrx_word' id='word_1_60' title='bbox 1704 932 2023 990; x_wconf 69' lang='lat' dir='ltr'><strong>cmmeterio</strong></span> <span class='ocrx_word' id='word_1_61' title='bbox 2048 931 2150 988; x_wconf 88' lang='lat' dir='ltr'><strong>Ca-</strong></span> 
     </span>
    </p>
   </div>
   <div class='ocr_carea' id='block_1_11' title="bbox 556 1025 2151 1099">
    <p class='ocr_par' dir='ltr' id='par_1_11' title="bbox 556 1025 2151 1099">
     <span class='ocr_line' id='line_1_11' title="bbox 556 1025 2151 1099; baseline -0.001 -16"><span class='ocrx_word' id='word_1_62' title='bbox 556 1027 781 1099; x_wconf 88' lang='lat' dir='ltr'><strong>lapodii,</strong></span> <span class='ocrx_word' id='word_1_63' title='bbox 812 1026 1012 1084; x_wconf 88' lang='lat' dir='ltr'><strong>Calesti</strong></span> <span class='ocrx_word' id='word_1_64' title='bbox 1034 1025 1302 1097; x_wconf 87' lang='lat' dir='ltr'><strong>episcopi,</strong></span> <span class='ocrx_word' id='word_1_65' title='bbox 1328 1025 1532 1084; x_wconf 83' lang='lat' dir='ltr'><strong>Saturi.</strong></span> <span class='ocrx_word' id='word_1_66' title='bbox 1564 1026 1620 1080; x_wconf 90' lang='lat' dir='ltr'><strong>In</strong></span> <span class='ocrx_word' id='word_1_67' title='bbox 1650 1025 2015 1097; x_wconf 84' lang='lat' dir='ltr'><strong>Cappadocia,</strong></span> <span class='ocrx_word' id='word_1_68' title='bbox 2042 1025 2151 1081; x_wconf 83' lang='lat' dir='ltr'><strong>Lu-</strong></span> 
     </span>
    </p>
   </div>
   <div class='ocr_carea' id='block_1_12' title="bbox 545 1120 2149 1191">
    <p class='ocr_par' dir='ltr' id='par_1_12' title="bbox 545 1120 2149 1191">
     <span class='ocr_line' id='line_1_12' title="bbox 545 1120 2149 1191; baseline 0 -16"><span class='ocrx_word' id='word_1_69' title='bbox 545 1120 831 1191; x_wconf 92' lang='lat' dir='ltr'><strong>pranpodi,</strong></span> <span class='ocrx_word' id='word_1_70' title='bbox 864 1120 1119 1188; x_wconf 86' lang='lat' dir='ltr'><strong>Modesti,</strong></span> <span class='ocrx_word' id='word_1_71' title='bbox 1145 1120 1393 1186; x_wconf 89' lang='lat' dir='ltr'><strong>Luciani,</strong></span> <span class='ocrx_word' id='word_1_72' title='bbox 1425 1120 1730 1186; x_wconf 90' lang='lat' dir='ltr'><strong>Saturnini,</strong></span> <span class='ocrx_word' id='word_1_73' title='bbox 1756 1120 2023 1191; x_wconf 85' lang='lat' dir='ltr'><strong>Simplici,</strong></span> <span class='ocrx_word' id='word_1_74' title='bbox 2048 1122 2149 1176; x_wconf 81' lang='lat' dir='ltr'><strong>Sa-</strong></span> 
     </span>
    </p>
   </div>
   <div class='ocr_carea' id='block_1_13' title="bbox 547 1213 2143 1284">
    <p class='ocr_par' dir='ltr' id='par_1_13' title="bbox 547 1213 2143 1284">
     <span class='ocr_line' id='line_1_13' title="bbox 547 1213 2143 1284; baseline 0.001 -16"><span class='ocrx_word' id='word_1_75' title='bbox 547 1214 674 1281; x_wconf 90' lang='lat' dir='ltr'><strong>turi,</strong></span> <span class='ocrx_word' id='word_1_76' title='bbox 709 1213 931 1269; x_wconf 87' lang='lat' dir='ltr'><strong>Placidi.</strong></span> <span class='ocrx_word' id='word_1_77' title='bbox 960 1213 1209 1271; x_wconf 90' lang='lat' dir='ltr'><strong>Cordoba</strong></span> <span class='ocrx_word' id='word_1_78' title='bbox 1232 1214 1476 1278; x_wconf 84' lang='lat' dir='ltr'><strong>civitate,</strong></span> <span class='ocrx_word' id='word_1_79' title='bbox 1500 1214 1658 1284; x_wconf 88' lang='lat' dir='ltr'><strong>Lupi,</strong></span> <span class='ocrx_word' id='word_1_80' title='bbox 1686 1215 1945 1280; x_wconf 68' lang='lat' dir='ltr'><strong>Aureliae,</strong></span> <span class='ocrx_word' id='word_1_81' title='bbox 1970 1215 2143 1271; x_wconf 76' lang='lat' dir='ltr'><strong>Maxi-</strong></span> 
     </span>
    </p>
   </div>
   <div class='ocr_carea' id='block_1_14' title="bbox 544 1302 2145 1380">
    <p class='ocr_par' dir='ltr' id='par_1_14' title="bbox 544 1302 2145 1380">
     <span class='ocr_line' id='line_1_14' title="bbox 544 1302 2145 1380; baseline 0.001 -21"><span class='ocrx_word' id='word_1_82' title='bbox 544 1304 640 1359; x_wconf 89' lang='lat' dir='ltr'><strong>mi.</strong></span> <span class='ocrx_word' id='word_1_83' title='bbox 690 1304 935 1376; x_wconf 79' lang='lat' dir='ltr'><strong>Lugduni</strong></span> <span class='ocrx_word' id='word_1_84' title='bbox 967 1302 1179 1370; x_wconf 72' lang='lat' dir='ltr'><strong>Galliw,</strong></span> <span class='ocrx_word' id='word_1_85' title='bbox 1223 1304 1494 1360; x_wconf 78' lang='lat' dir='ltr'><strong>translatio</strong></span> <span class='ocrx_word' id='word_1_86' title='bbox 1535 1306 1769 1377; x_wconf 86' lang='lat' dir='ltr'><strong>corporis</strong></span> <span class='ocrx_word' id='word_1_87' title='bbox 1800 1309 1971 1362; x_wconf 87' lang='lat' dir='ltr'><strong>sancti</strong></span> <span class='ocrx_word' id='word_1_88' title='bbox 2008 1307 2145 1380; x_wconf 80' lang='lat' dir='ltr'><strong>justi</strong></span> 
     </span>
    </p>
   </div>
   <div class='ocr_carea' id='block_1_15' title="bbox 546 1398 1215 1468">
    <p class='ocr_par' dir='ltr' id='par_1_15' title="bbox 546 1398 1215 1468">
     <span class='ocr_line' id='line_1_15' title="bbox 546 1398 1215 1468; baseline 0.001 -17"><span class='ocrx_word' id='word_1_89' title='bbox 546 1398 778 1468; x_wconf 82' lang='lat' dir='ltr'><strong>episcOpi</strong></span> <span class='ocrx_word' id='word_1_90' title='bbox 805 1406 853 1453; x_wconf 80' lang='lat' dir='ltr'><strong>et</strong></span> <span class='ocrx_word' id='word_1_91' title='bbox 873 1398 1215 1467; x_wconf 60' lang='lat' dir='ltr'><strong>«confessoris.</strong></span> 
     </span>
    </p>
   </div>
   <div class='ocr_carea' id='block_1_16' title="bbox 617 1490 2144 1561">
    <p class='ocr_par' dir='ltr' id='par_1_16' title="bbox 617 1490 2144 1561">
     <span class='ocr_line' id='line_1_16' title="bbox 617 1490 2144 1561; baseline 0.003 -17"><span class='ocrx_word' id='word_1_92' title='bbox 617 1490 747 1545; x_wconf 83' lang='lat' dir='ltr'><strong>Idus</strong></span> <span class='ocrx_word' id='word_1_93' title='bbox 806 1490 923 1545; x_wconf 87' lang='lat' dir='ltr'><strong>Oct.</strong></span> <span class='ocrx_word' id='word_1_94' title='bbox 977 1491 1208 1546; x_wconf 86' lang='lat' dir='ltr'><strong>Colonia</strong></span> <span class='ocrx_word' id='word_1_95' title='bbox 1258 1490 1511 1561; x_wconf 86' lang='lat' dir='ltr'><strong>civitate,</strong></span> <span class='ocrx_word' id='word_1_96' title='bbox 1576 1491 1773 1546; x_wconf 88' lang='lat' dir='ltr'><strong>natalis</strong></span> <span class='ocrx_word' id='word_1_97' title='bbox 1829 1500 2144 1549; x_wconf 89' lang='lat' dir='ltr'><strong>sanctorum</strong></span> 
     </span>
    </p>
   </div>
   <div class='ocr_carea' id='block_1_17' title="bbox 546 1583 2146 1656">
    <p class='ocr_par' dir='ltr' id='par_1_17' title="bbox 546 1583 2146 1656">
     <span class='ocr_line' id='line_1_17' title="bbox 546 1583 2146 1656; baseline 0.003 -18"><span class='ocrx_word' id='word_1_98' title='bbox 546 1583 853 1639; x_wconf 86' lang='lat' dir='ltr'><strong>Maurorum</strong></span> <span class='ocrx_word' id='word_1_99' title='bbox 887 1583 956 1640; x_wconf 87' lang='lat' dir='ltr'><strong>de</strong></span> <span class='ocrx_word' id='word_1_100' title='bbox 985 1585 1252 1640; x_wconf 87' lang='lat' dir='ltr'><strong>militibus</strong></span> <span class='ocrx_word' id='word_1_101' title='bbox 1282 1602 1299 1641; x_wconf 88' lang='lat'><strong>:</strong></span> <span class='ocrx_word' id='word_1_102' title='bbox 1332 1585 1387 1640; x_wconf 93' lang='lat' dir='ltr'><strong>ln</strong></span> <span class='ocrx_word' id='word_1_103' title='bbox 1427 1585 1631 1656; x_wconf 87' lang='lat' dir='ltr'><strong>Capua,</strong></span> <span class='ocrx_word' id='word_1_104' title='bbox 1656 1585 1878 1656; x_wconf 90' lang='lat' dir='ltr'><strong>Luplili.</strong></span> <span class='ocrx_word' id='word_1_105' title='bbox 1914 1587 2008 1643; x_wconf 86' lang='lat' dir='ltr'><strong>Via</strong></span> <span class='ocrx_word' id='word_1_106' title='bbox 2031 1587 2146 1643; x_wconf 87' lang='lat' dir='ltr'><strong>Au-</strong></span> 
     </span>
    </p>
   </div>
   <div class='ocr_carea' id='block_1_18' title="bbox 540 1675 2011 1747">
    <p class='ocr_par' dir='ltr' id='par_1_18' title="bbox 540 1675 2011 1747">
     <span class='ocr_line' id='line_1_18' title="bbox 540 1675 2011 1747; baseline 0.003 -18"><span class='ocrx_word' id='word_1_107' title='bbox 540 1675 698 1743; x_wconf 88' lang='lat' dir='ltr'><strong>relia,</strong></span> <span class='ocrx_word' id='word_1_108' title='bbox 728 1676 780 1729; x_wconf 90' lang='lat' dir='ltr'><strong>in</strong></span> <span class='ocrx_word' id='word_1_109' title='bbox 812 1677 1128 1731; x_wconf 73' lang='lat' dir='ltr'><strong>coemcterio</strong></span> <span class='ocrx_word' id='word_1_110' title='bbox 1157 1677 1423 1747; x_wconf 86' lang='lat' dir='ltr'><strong>ejusdem,</strong></span> <span class='ocrx_word' id='word_1_111' title='bbox 1447 1686 1650 1732; x_wconf 81' lang='lat' dir='ltr'><strong>sanctae</strong></span> <span class='ocrx_word' id='word_1_112' title='bbox 1670 1678 2011 1735; x_wconf 74' lang='lat' dir='ltr'><strong>Fortunatae.</strong></span> 
     </span>
    </p>
   </div>
   <div class='ocr_carea' id='block_1_19' title="bbox 2255 470 3850 554">
    <p class='ocr_par' dir='ltr' id='par_1_19' title="bbox 2255 470 3850 554">
     <span class='ocr_line' id='line_1_19' title="bbox 2255 470 3850 554; baseline 0.014 -31"><span class='ocrx_word' id='word_1_113' title='bbox 2255 470 2367 540; x_wconf 83' lang='lat' dir='ltr'><strong>poli</strong></span> <span class='ocrx_word' id='word_1_114' title='bbox 2397 471 2667 544; x_wconf 61' lang='lat' dir='ltr'><strong>Phrygia),</strong></span> <span class='ocrx_word' id='word_1_115' title='bbox 2700 474 3008 545; x_wconf 89' lang='lat' dir='ltr'><strong>Claudiani,</strong></span> <span class='ocrx_word' id='word_1_116' title='bbox 3039 477 3288 549; x_wconf 83' lang='lat' dir='ltr'><strong>Eutheri,</strong></span> <span class='ocrx_word' id='word_1_117' title='bbox 3330 480 3568 552; x_wconf 89' lang='lat' dir='ltr'><strong>Flavini,</strong></span> <span class='ocrx_word' id='word_1_118' title='bbox 3598 482 3766 554; x_wconf 91' lang='lat' dir='ltr'><strong>Justi,</strong></span> <span class='ocrx_word' id='word_1_119' title='bbox 3797 496 3850 545; x_wconf 85' lang='lat' dir='ltr'><strong>ct</strong></span> 
     </span>
    </p>
   </div>
   <div class='ocr_carea' id='block_1_20' title="bbox 2253 564 2504 623">
    <p class='ocr_par' dir='ltr' id='par_1_20' title="bbox 2253 564 2504 623">
     <span class='ocr_line' id='line_1_20' title="bbox 2253 564 2504 623; baseline 0.004 -3"><span class='ocrx_word' id='word_1_120' title='bbox 2253 564 2504 623; x_wconf 77' lang='lat' dir='ltr'><strong>Victoris.</strong></span> 
     </span>
    </p>
   </div>
   <div class='ocr_carea' id='block_1_21' title="bbox 2323 658 3840 731">
    <p class='ocr_par' dir='ltr' id='par_1_21' title="bbox 2323 658 3840 731">
     <span class='ocr_line' id='line_1_21' title="bbox 2323 658 3840 731; baseline 0.012 -19"><span class='ocrx_word' id='word_1_121' title='bbox 2323 673 2418 713; x_wconf 80' lang='lat' dir='ltr'><strong>vni</strong></span> <span class='ocrx_word' id='word_1_122' title='bbox 2448 658 2553 713; x_wconf 85' lang='lat' dir='ltr'><strong>kal.</strong></span> <span class='ocrx_word' id='word_1_123' title='bbox 2591 659 2727 715; x_wconf 88' lang='lat' dir='ltr'><strong>Nov.</strong></span> <span class='ocrx_word' id='word_1_124' title='bbox 2759 660 2967 731; x_wconf 70' lang='lat' dir='ltr'><strong>Romae,</strong></span> <span class='ocrx_word' id='word_1_125' title='bbox 2996 663 3238 730; x_wconf 80' lang='lat' dir='ltr'><strong>Maximi,</strong></span> <span class='ocrx_word' id='word_1_126' title='bbox 3266 674 3323 721; x_wconf 91' lang='lat' dir='ltr'><strong>et</strong></span> <span class='ocrx_word' id='word_1_127' title='bbox 3358 667 3591 725; x_wconf 89' lang='lat' dir='ltr'><strong>aliorum</strong></span> <span class='ocrx_word' id='word_1_128' title='bbox 3621 680 3840 730; x_wconf 86' lang='lat' dir='ltr'><strong>centum</strong></span> 
     </span>
    </p>
   </div>
   <div class='ocr_carea' id='block_1_22' title="bbox 2253 752 3848 826">
    <p class='ocr_par' dir='ltr' id='par_1_22' title="bbox 2253 752 3848 826">
     <span class='ocr_line' id='line_1_22' title="bbox 2253 752 3848 826; baseline 0.013 -23"><span class='ocrx_word' id='word_1_129' title='bbox 2253 752 2443 823; x_wconf 83' lang='lat' dir='ltr'><strong>viginti</strong></span> <span class='ocrx_word' id='word_1_130' title='bbox 2476 755 2734 825; x_wconf 89' lang='lat' dir='ltr'><strong>militum,</strong></span> <span class='ocrx_word' id='word_1_131' title='bbox 2766 772 2998 826; x_wconf 84' lang='lat' dir='ltr'><strong>quorum</strong></span> <span class='ocrx_word' id='word_1_132' title='bbox 3041 760 3264 815; x_wconf 88' lang='lat' dir='ltr'><strong>nomina</strong></span> <span class='ocrx_word' id='word_1_133' title='bbox 3294 760 3439 819; x_wconf 87' lang='lat' dir='ltr'><strong>Deus</strong></span> <span class='ocrx_word' id='word_1_134' title='bbox 3475 764 3600 819; x_wconf 85' lang='lat' dir='ltr'><strong>scit.</strong></span> <span class='ocrx_word' id='word_1_135' title='bbox 3639 764 3699 821; x_wconf 89' lang='lat' dir='ltr'><strong>lu</strong></span> <span class='ocrx_word' id='word_1_136' title='bbox 3744 767 3848 823; x_wconf 81' lang='lat' dir='ltr'><strong>Ga-</strong></span> 
     </span>
    </p>
   </div>
   <div class='ocr_carea' id='block_1_23' title="bbox 2252 843 3843 924">
    <p class='ocr_par' dir='ltr' id='par_1_23' title="bbox 2252 843 3843 924">
     <span class='ocr_line' id='line_1_23' title="bbox 2252 843 3843 924; baseline 0.012 -28"><span class='ocrx_word' id='word_1_137' title='bbox 2252 843 2410 907; x_wconf 90' lang='lat' dir='ltr'><strong>valis,</strong></span> <span class='ocrx_word' id='word_1_138' title='bbox 2443 845 2714 916; x_wconf 86' lang='lat' dir='ltr'><strong>depositio</strong></span> <span class='ocrx_word' id='word_1_139' title='bbox 2739 848 2887 903; x_wconf 86' lang='lat' dir='ltr'><strong>Beati</strong></span> <span class='ocrx_word' id='word_1_140' title='bbox 2919 849 3112 905; x_wconf 85' lang='lat' dir='ltr'><strong>Hilarii</strong></span> <span class='ocrx_word' id='word_1_141' title='bbox 3135 853 3378 924; x_wconf 86' lang='lat' dir='ltr'><strong>episcopi</strong></span> <span class='ocrx_word' id='word_1_142' title='bbox 3409 862 3466 910; x_wconf 90' lang='lat' dir='ltr'><strong>et</strong></span> <span class='ocrx_word' id='word_1_143' title='bbox 3488 856 3843 915; x_wconf 81' lang='lat' dir='ltr'><strong>confessoris.</strong></span> 
     </span>
    </p>
   </div>
   <div class='ocr_carea' id='block_1_24' title="bbox 2250 936 3845 1020">
    <p class='ocr_par' dir='ltr' id='par_1_24' title="bbox 2250 936 3845 1020">
     <span class='ocr_line' id='line_1_24' title="bbox 2250 936 3845 1020; baseline 0.011 -30"><span class='ocrx_word' id='word_1_144' title='bbox 2250 936 2308 991; x_wconf 89' lang='lat' dir='ltr'><strong>In</strong></span> <span class='ocrx_word' id='word_1_145' title='bbox 2362 936 2542 994; x_wconf 75' lang='lat' dir='ltr'><strong>Africa</strong></span> <span class='ocrx_word' id='word_1_146' title='bbox 2582 939 2882 1007; x_wconf 90' lang='lat' dir='ltr'><strong>Saturnini,</strong></span> <span class='ocrx_word' id='word_1_147' title='bbox 2926 942 3229 1011; x_wconf 90' lang='lat' dir='ltr'><strong>Claudiani,</strong></span> <span class='ocrx_word' id='word_1_148' title='bbox 3278 945 3525 1012; x_wconf 87' lang='lat' dir='ltr'><strong>Primivi,</strong></span> <span class='ocrx_word' id='word_1_149' title='bbox 3576 949 3845 1020; x_wconf 85' lang='lat' dir='ltr'><strong>Flaviani,</strong></span> 
     </span>
    </p>
   </div>
   <div class='ocr_carea' id='block_1_25' title="bbox 2252 1027 3843 1107">
    <p class='ocr_par' dir='ltr' id='par_1_25' title="bbox 2252 1027 3843 1107">
     <span class='ocr_line' id='line_1_25' title="bbox 2252 1027 3843 1107; baseline 0.011 -25"><span class='ocrx_word' id='word_1_150' title='bbox 2252 1027 2450 1085; x_wconf 89' lang='lat' dir='ltr'><strong>Zotici.</strong></span> <span class='ocrx_word' id='word_1_151' title='bbox 2493 1030 2550 1085; x_wconf 87' lang='lat' dir='ltr'><strong>In</strong></span> <span class='ocrx_word' id='word_1_152' title='bbox 2592 1031 2865 1102; x_wconf 87' lang='lat' dir='ltr'><strong>Sardinia,</strong></span> <span class='ocrx_word' id='word_1_153' title='bbox 2907 1033 3118 1102; x_wconf 90' lang='lat' dir='ltr'><strong>Savini,</strong></span> <span class='ocrx_word' id='word_1_154' title='bbox 3162 1036 3369 1104; x_wconf 85' lang='lat' dir='ltr'><strong>Saturi,</strong></span> <span class='ocrx_word' id='word_1_155' title='bbox 3416 1040 3628 1107; x_wconf 88' lang='lat' dir='ltr'><strong>Asteri,</strong></span> <span class='ocrx_word' id='word_1_156' title='bbox 3656 1039 3843 1100; x_wconf 87' lang='lat' dir='ltr'><strong>Cbari.</strong></span> 
     </span>
    </p>
   </div>
   <div class='ocr_carea' id='block_1_26' title="bbox 2252 1120 3845 1205">
    <p class='ocr_par' dir='ltr' id='par_1_26' title="bbox 2252 1120 3845 1205">
     <span class='ocr_line' id='line_1_26' title="bbox 2252 1120 3845 1205; baseline 0.01 -29"><span class='ocrx_word' id='word_1_157' title='bbox 2252 1120 2562 1179; x_wconf 91' lang='lat' dir='ltr'><strong>Suessionis</strong></span> <span class='ocrx_word' id='word_1_158' title='bbox 2604 1126 2846 1193; x_wconf 86' lang='lat' dir='ltr'><strong>civitate,</strong></span> <span class='ocrx_word' id='word_1_159' title='bbox 2892 1129 3089 1184; x_wconf 89' lang='lat' dir='ltr'><strong>natalis</strong></span> <span class='ocrx_word' id='word_1_160' title='bbox 3138 1140 3461 1187; x_wconf 86' lang='lat' dir='ltr'><strong>sanctorum</strong></span> <span class='ocrx_word' id='word_1_161' title='bbox 3507 1131 3750 1205; x_wconf 87' lang='lat' dir='ltr'><strong>Crispini</strong></span> <span class='ocrx_word' id='word_1_162' title='bbox 3792 1145 3845 1192; x_wconf 91' lang='lat' dir='ltr'><strong>et</strong></span> 
     </span>
    </p>
   </div>
   <div class='ocr_carea' id='block_1_27' title="bbox 2247 1214 3839 1300">
    <p class='ocr_par' dir='ltr' id='par_1_27' title="bbox 2247 1214 3839 1300">
     <span class='ocr_line' id='line_1_27' title="bbox 2247 1214 3839 1300; baseline 0.006 -29"><span class='ocrx_word' id='word_1_163' title='bbox 2247 1214 2579 1286; x_wconf 86' lang='lat' dir='ltr'><strong>Crispiuiani</strong></span> <span class='ocrx_word' id='word_1_164' title='bbox 2622 1232 2959 1292; x_wconf 85' lang='lat' dir='ltr'><strong>martyrum;</strong></span> <span class='ocrx_word' id='word_1_165' title='bbox 3001 1223 3318 1293; x_wconf 89' lang='lat' dir='ltr'><strong>Claudiaui,</strong></span> <span class='ocrx_word' id='word_1_166' title='bbox 3366 1224 3587 1297; x_wconf 80' lang='lat' dir='ltr'><strong>Rogati,</strong></span> <span class='ocrx_word' id='word_1_167' title='bbox 3623 1228 3839 1300; x_wconf 81' lang='lat' dir='ltr'><strong>Papari,</strong></span> 
     </span>
    </p>
   </div>
   <div class='ocr_carea' id='block_1_28' title="bbox 2248 1307 3843 1393">
    <p class='ocr_par' dir='ltr' id='par_1_28' title="bbox 2248 1307 3843 1393">
     <span class='ocr_line' id='line_1_28' title="bbox 2248 1307 3843 1393; baseline 0.011 -31"><span class='ocrx_word' id='word_1_168' title='bbox 2248 1307 2469 1376; x_wconf 87' lang='lat' dir='ltr'><strong>Felicis,</strong></span> <span class='ocrx_word' id='word_1_169' title='bbox 2526 1320 2579 1366; x_wconf 89' lang='lat' dir='ltr'><strong>et</strong></span> <span class='ocrx_word' id='word_1_170' title='bbox 2635 1311 2847 1369; x_wconf 86' lang='lat' dir='ltr'><strong>Vitalis.</strong></span> <span class='ocrx_word' id='word_1_171' title='bbox 2904 1314 3223 1384; x_wconf 86' lang='lat' dir='ltr'><strong>Sanctonas,</strong></span> <span class='ocrx_word' id='word_1_172' title='bbox 3285 1318 3561 1375; x_wconf 77' lang='lat' dir='ltr'><strong>translatio</strong></span> <span class='ocrx_word' id='word_1_173' title='bbox 3610 1325 3843 1393; x_wconf 85' lang='lat' dir='ltr'><strong>corporis</strong></span> 
     </span>
    </p>
   </div>
   <div class='ocr_carea' id='block_1_29' title="bbox 2248 1400 3265 1480">
    <p class='ocr_par' dir='ltr' id='par_1_29' title="bbox 2248 1400 3265 1480">
     <span class='ocr_line' id='line_1_29' title="bbox 2248 1400 3265 1480; baseline 0.009 -25"><span class='ocrx_word' id='word_1_174' title='bbox 2248 1400 2311 1456; x_wconf 90' lang='lat' dir='ltr'><strong>S.</strong></span> <span class='ocrx_word' id='word_1_175' title='bbox 2352 1400 2559 1456; x_wconf 84' lang='lat' dir='ltr'><strong>Vibiani</strong></span> <span class='ocrx_word' id='word_1_176' title='bbox 2588 1407 2902 1477; x_wconf 78' lang='lat' dir='ltr'><strong>confessoris</strong></span> <span class='ocrx_word' id='word_1_177' title='bbox 2929 1418 2979 1462; x_wconf 88' lang='lat' dir='ltr'><strong>et</strong></span> <span class='ocrx_word' id='word_1_178' title='bbox 3010 1409 3265 1480; x_wconf 87' lang='lat' dir='ltr'><strong>episcopi.</strong></span> 
     </span>
    </p>
   </div>
   <div class='ocr_carea' id='block_1_30' title="bbox 2317 1492 3843 1579">
    <p class='ocr_par' dir='ltr' id='par_1_30' title="bbox 2317 1492 3843 1579">
     <span class='ocr_line' id='line_1_30' title="bbox 2317 1492 3843 1579; baseline 0.012 -31"><span class='ocrx_word' id='word_1_179' title='bbox 2317 1508 2391 1548; x_wconf 88' lang='lat' dir='ltr'><strong>vn</strong></span> <span class='ocrx_word' id='word_1_180' title='bbox 2429 1492 2537 1548; x_wconf 86' lang='lat' dir='ltr'><strong>kal.</strong></span> <span class='ocrx_word' id='word_1_181' title='bbox 2585 1495 2725 1553; x_wconf 88' lang='lat' dir='ltr'><strong>Nov.</strong></span> <span class='ocrx_word' id='word_1_182' title='bbox 2757 1498 2813 1553; x_wconf 90' lang='lat' dir='ltr'><strong>lu</strong></span> <span class='ocrx_word' id='word_1_183' title='bbox 2857 1498 3200 1569; x_wconf 88' lang='lat' dir='ltr'><strong>Nicomedia,</strong></span> <span class='ocrx_word' id='word_1_184' title='bbox 3234 1512 3543 1561; x_wconf 89' lang='lat' dir='ltr'><strong>sanctorum</strong></span> <span class='ocrx_word' id='word_1_185' title='bbox 3586 1506 3843 1579; x_wconf 89' lang='lat' dir='ltr'><strong>Luciani,</strong></span> 
     </span>
    </p>
   </div>
   <div class='ocr_carea' id='block_1_31' title="bbox 2246 1586 3197 1661">
    <p class='ocr_par' dir='ltr' id='par_1_31' title="bbox 2246 1586 3197 1661">
     <span class='ocr_line' id='line_1_31' title="bbox 2246 1586 3197 1661; baseline 0.008 -19"><span class='ocrx_word' id='word_1_186' title='bbox 2246 1586 2535 1658; x_wconf 86' lang='lat' dir='ltr'><strong>Mardiaui,</strong></span> <span class='ocrx_word' id='word_1_187' title='bbox 2571 1589 2762 1657; x_wconf 85' lang='lat' dir='ltr'><strong>Florii,</strong></span> <span class='ocrx_word' id='word_1_188' title='bbox 2798 1592 3022 1661; x_wconf 89' lang='lat' dir='ltr'><strong>Eraclii,</strong></span> <span class='ocrx_word' id='word_1_189' title='bbox 3052 1594 3197 1650; x_wconf 90' lang='lat' dir='ltr'><strong>Tuti.</strong></span> 
     </span>
    </p>
   </div>
   <div class='ocr_carea' id='block_1_32' title="bbox 2318 1686 3842 1765">
    <p class='ocr_par' dir='ltr' id='par_1_32' title="bbox 2318 1686 3842 1765">
     <span class='ocr_line' id='line_1_32' title="bbox 2318 1686 3842 1765; baseline 0.012 -30"><span class='ocrx_word' id='word_1_190' title='bbox 2318 1700 2369 1739; x_wconf 81' lang='lat' dir='ltr'><strong>v1</strong></span> <span class='ocrx_word' id='word_1_191' title='bbox 2398 1686 2502 1741; x_wconf 89' lang='lat' dir='ltr'><strong>kal.</strong></span> <span class='ocrx_word' id='word_1_192' title='bbox 2544 1686 2677 1743; x_wconf 85' lang='lat' dir='ltr'><strong>Nov.</strong></span> <span class='ocrx_word' id='word_1_193' title='bbox 2710 1689 2767 1745; x_wconf 91' lang='lat' dir='ltr'><strong>ln</strong></span> <span class='ocrx_word' id='word_1_194' title='bbox 2794 1690 3001 1760; x_wconf 78' lang='lat' dir='ltr'><strong>Africa,</strong></span> <span class='ocrx_word' id='word_1_195' title='bbox 3031 1703 3347 1750; x_wconf 85' lang='lat' dir='ltr'><strong>sanctorum</strong></span> <span class='ocrx_word' id='word_1_196' title='bbox 3380 1695 3685 1765; x_wconf 86' lang='lat' dir='ltr'><strong>Saturnini,</strong></span> <span class='ocrx_word' id='word_1_197' title='bbox 3718 1699 3842 1754; x_wconf 81' lang='lat' dir='ltr'><strong>Fla-</strong></span> 
     </span>
    </p>
   </div>
   <div class='ocr_carea' id='block_1_33' title="bbox 608 1763 3842 1860">
    <p class='ocr_par' dir='ltr' id='par_1_33' title="bbox 608 1763 3842 1860">
     <span class='ocr_line' id='line_1_33' title="bbox 608 1763 3842 1860; baseline 0.009 -39"><span class='ocrx_word' id='word_1_198' title='bbox 608 1782 716 1821; x_wconf 82' lang='lat' dir='ltr'><strong>xvu</strong></span> <span class='ocrx_word' id='word_1_199' title='bbox 746 1765 854 1824; x_wconf 85' lang='lat' dir='ltr'><strong>kal.</strong></span> <span class='ocrx_word' id='word_1_200' title='bbox 890 1767 1031 1821; x_wconf 87' lang='lat' dir='ltr'><strong>Nov.</strong></span> <span class='ocrx_word' id='word_1_201' title='bbox 1066 1767 1123 1822; x_wconf 90' lang='lat' dir='ltr'><strong>In</strong></span> <span class='ocrx_word' id='word_1_202' title='bbox 1156 1769 1316 1835; x_wconf 86' lang='lat' dir='ltr'><strong>Baiis,</strong></span> <span class='ocrx_word' id='word_1_203' title='bbox 1360 1770 1535 1824; x_wconf 87' lang='lat' dir='ltr'><strong>sancti</strong></span> <span class='ocrx_word' id='word_1_204' title='bbox 1574 1770 1705 1825; x_wconf 82' lang='lat' dir='ltr'><strong>Sut‘li</strong></span> <span class='ocrx_word' id='word_1_205' title='bbox 1760 1772 2037 1841; x_wconf 87' lang='lat' dir='ltr'><strong>martyris.</strong></span> <span class='ocrx_word' id='word_1_206' title='bbox 2077 1772 2134 1828; x_wconf 93' lang='lat' dir='ltr'><strong>In</strong></span> <span class='ocrx_word' id='word_1_207' title='bbox 2172 1763 2218 1824; x_wconf 87' lang='grc' dir='ltr'><strong>Β</strong></span> <span class='ocrx_word' id='word_1_208' title='bbox 2250 1779 2345 1833; x_wconf 87' lang='lat' dir='ltr'><strong>vii.</strong></span> <span class='ocrx_word' id='word_1_209' title='bbox 2378 1780 2431 1834; x_wconf 93' lang='lat' dir='ltr'><strong>ln</strong></span> <span class='ocrx_word' id='word_1_210' title='bbox 2463 1780 2719 1855; x_wconf 84' lang='lat' dir='ltr'><strong>Phrygia,</strong></span> <span class='ocrx_word' id='word_1_211' title='bbox 2746 1784 2926 1854; x_wconf 86' lang='lat' dir='ltr'><strong>Tarsi,</strong></span> <span class='ocrx_word' id='word_1_212' title='bbox 2955 1786 3272 1860; x_wconf 84' lang='lat' dir='ltr'><strong>Polycarpi,</strong></span> <span class='ocrx_word' id='word_1_213' title='bbox 3305 1789 3427 1857; x_wconf 86' lang='lat' dir='ltr'><strong>Gai,</strong></span> <span class='ocrx_word' id='word_1_214' title='bbox 3460 1763 3705 1860; x_wconf 85' lang='lat' dir='ltr'><strong>Eumini,</strong></span> <span class='ocrx_word' id='word_1_215' title='bbox 3738 1794 3842 1849; x_wconf 87' lang='lat' dir='ltr'><strong>No-</strong></span> 
     </span>
    </p>
   </div>
   <div class='ocr_carea' id='block_1_34' title="bbox 546 1857 2142 1931">
    <p class='ocr_par' dir='ltr' id='par_1_34' title="bbox 546 1857 2142 1931">
     <span class='ocr_line' id='line_1_34' title="bbox 546 1857 2142 1931; baseline 0.003 -16"><span class='ocrx_word' id='word_1_216' title='bbox 546 1857 754 1929; x_wconf 81' lang='lat' dir='ltr'><strong>Airica,</strong></span> <span class='ocrx_word' id='word_1_217' title='bbox 788 1858 995 1926; x_wconf 69' lang='lat' dir='ltr'><strong>Cecrae,</strong></span> <span class='ocrx_word' id='word_1_218' title='bbox 1029 1868 1085 1913; x_wconf 92' lang='lat' dir='ltr'><strong>et</strong></span> <span class='ocrx_word' id='word_1_219' title='bbox 1129 1859 1363 1915; x_wconf 91' lang='lat' dir='ltr'><strong>aliorum</strong></span> <span class='ocrx_word' id='word_1_220' title='bbox 1399 1862 1603 1929; x_wconf 85' lang='lat' dir='ltr'><strong>pariter</strong></span> <span class='ocrx_word' id='word_1_221' title='bbox 1634 1876 1913 1931; x_wconf 89' lang='lat' dir='ltr'><strong>passorum</strong></span> <span class='ocrx_word' id='word_1_222' title='bbox 1937 1865 2142 1919; x_wconf 88' lang='lat' dir='ltr'><strong>ducen-</strong></span> 
     </span>
    </p>
   </div>
   <div class='ocr_carea' id='block_1_35' title="bbox 553 1951 2139 2026">
    <p class='ocr_par' dir='ltr' id='par_1_35' title="bbox 553 1951 2139 2026">
     <span class='ocr_line' id='line_1_35' title="bbox 553 1951 2139 2026; baseline 0.004 -21"><span class='ocrx_word' id='word_1_223' title='bbox 553 1958 737 2006; x_wconf 91' lang='lat' dir='ltr'><strong>torum</strong></span> <span class='ocrx_word' id='word_1_224' title='bbox 771 1952 1110 2021; x_wconf 84' lang='lat' dir='ltr'><strong>septuaginta</strong></span> <span class='ocrx_word' id='word_1_225' title='bbox 1138 1969 1149 2004; x_wconf 92' lang='lat'><strong>:</strong></span> <span class='ocrx_word' id='word_1_226' title='bbox 1181 1951 1362 2017; x_wconf 89' lang='lat' dir='ltr'><strong>Merii,</strong></span> <span class='ocrx_word' id='word_1_227' title='bbox 1392 1952 1568 2007; x_wconf 84' lang='lat' dir='ltr'><strong>Aufidi</strong></span> <span class='ocrx_word' id='word_1_228' title='bbox 1591 1994 1605 2017; x_wconf 91' lang='lat'><strong>,</strong></span> <span class='ocrx_word' id='word_1_229' title='bbox 1632 1953 1930 2026; x_wconf 90' lang='lat' dir='ltr'><strong>Saturnini,</strong></span> <span class='ocrx_word' id='word_1_230' title='bbox 1960 1956 2139 2012; x_wconf 87' lang='lat' dir='ltr'><strong>Nerei.</strong></span> 
     </span>
    </p>
   </div>
   <div class='ocr_carea' id='block_1_36' title="bbox 616 2039 2142 2111">
    <p class='ocr_par' dir='ltr' id='par_1_36' title="bbox 616 2039 2142 2111">
     <span class='ocr_line' id='line_1_36' title="bbox 616 2039 2142 2111; baseline 0.007 -18"><span class='ocrx_word' id='word_1_231' title='bbox 616 2057 701 2095; x_wconf 87' lang='lat' dir='ltr'><strong>xvt</strong></span> <span class='ocrx_word' id='word_1_232' title='bbox 728 2039 834 2095; x_wconf 91' lang='lat' dir='ltr'><strong>kal.</strong></span> <span class='ocrx_word' id='word_1_233' title='bbox 872 2040 1014 2111; x_wconf 85' lang='lat' dir='ltr'><strong>Nov.</strong></span> <span class='ocrx_word' id='word_1_234' title='bbox 1049 2039 1360 2097; x_wconf 86' lang='lat' dir='ltr'><strong>Nicomedia</strong></span> <span class='ocrx_word' id='word_1_235' title='bbox 1382 2084 1395 2108; x_wconf 93' lang='lat'><strong>,</strong></span> <span class='ocrx_word' id='word_1_236' title='bbox 1426 2042 1746 2099; x_wconf 85' lang='lat' dir='ltr'><strong>Alexandri.</strong></span> <span class='ocrx_word' id='word_1_237' title='bbox 1792 2046 1847 2101; x_wconf 90' lang='lat' dir='ltr'><strong>In</strong></span> <span class='ocrx_word' id='word_1_238' title='bbox 1881 2048 2142 2103; x_wconf 84' lang='lat' dir='ltr'><strong>Maurita-</strong></span> 
     </span>
    </p>
   </div>
   <div class='ocr_carea' id='block_1_37' title="bbox 545 2129 2144 2209">
    <p class='ocr_par' dir='ltr' id='par_1_37' title="bbox 545 2129 2144 2209">
     <span class='ocr_line' id='line_1_37' title="bbox 545 2129 2144 2209; baseline 0.008 -24"><span class='ocrx_word' id='word_1_239' title='bbox 545 2130 657 2197; x_wconf 89' lang='lat' dir='ltr'><strong>nia,</strong></span> <span class='ocrx_word' id='word_1_240' title='bbox 692 2130 839 2198; x_wconf 86' lang='lat' dir='ltr'><strong>Nini,</strong></span> <span class='ocrx_word' id='word_1_241' title='bbox 867 2129 1148 2201; x_wconf 70' lang='lat' dir='ltr'><strong>Victurite,</strong></span> <span class='ocrx_word' id='word_1_242' title='bbox 1176 2133 1490 2202; x_wconf 87' lang='lat' dir='ltr'><strong>Nohilitani,</strong></span> <span class='ocrx_word' id='word_1_243' title='bbox 1524 2138 1832 2204; x_wconf 87' lang='lat' dir='ltr'><strong>Mauritani,</strong></span> <span class='ocrx_word' id='word_1_244' title='bbox 1863 2140 2017 2209; x_wconf 88' lang='lat' dir='ltr'><strong>Luci,</strong></span> <span class='ocrx_word' id='word_1_245' title='bbox 2053 2141 2144 2197; x_wconf 92' lang='lat' dir='ltr'><strong>Ci-</strong></span> 
     </span>
    </p>
   </div>
   <div class='ocr_carea' id='block_1_38' title="bbox 544 2224 2143 2297">
    <p class='ocr_par' dir='ltr' id='par_1_38' title="bbox 544 2224 2143 2297">
     <span class='ocr_line' id='line_1_38' title="bbox 544 2224 2143 2297; baseline 0.006 -18"><span class='ocrx_word' id='word_1_246' title='bbox 544 2224 663 2292; x_wconf 92' lang='lat' dir='ltr'><strong>tini,</strong></span> <span class='ocrx_word' id='word_1_247' title='bbox 690 2224 1071 2293; x_wconf 90' lang='lat' dir='ltr'><strong>Criscentiani,</strong></span> <span class='ocrx_word' id='word_1_248' title='bbox 1094 2226 1331 2293; x_wconf 82' lang='lat' dir='ltr'><strong>Ruﬁani,</strong></span> <span class='ocrx_word' id='word_1_249' title='bbox 1359 2229 1572 2295; x_wconf 93' lang='lat' dir='ltr'><strong>Donati,</strong></span> <span class='ocrx_word' id='word_1_250' title='bbox 1601 2230 1930 2297; x_wconf 83' lang='lat' dir='ltr'><strong>Defensoris,</strong></span> <span class='ocrx_word' id='word_1_251' title='bbox 1964 2234 2143 2289; x_wconf 81' lang='lat' dir='ltr'><strong>Rusti-</strong></span> 
     </span>
    </p>
   </div>
   <div class='ocr_carea' id='block_1_39' title="bbox 538 2322 2141 2396">
    <p class='ocr_par' dir='ltr' id='par_1_39' title="bbox 538 2322 2141 2396">
     <span class='ocr_line' id='line_1_39' title="bbox 538 2322 2141 2396; baseline 0.006 -21"><span class='ocrx_word' id='word_1_252' title='bbox 538 2322 692 2387; x_wconf 88' lang='lat' dir='ltr'><strong>tiani,</strong></span> <span class='ocrx_word' id='word_1_253' title='bbox 726 2322 1039 2387; x_wconf 90' lang='lat' dir='ltr'><strong>Serviliani,</strong></span> <span class='ocrx_word' id='word_1_254' title='bbox 1076 2323 1308 2390; x_wconf 88' lang='lat' dir='ltr'><strong>Sacrati,</strong></span> <span class='ocrx_word' id='word_1_255' title='bbox 1332 2324 1599 2389; x_wconf 63' lang='lat' dir='ltr'><strong>Veneriae,</strong></span> <span class='ocrx_word' id='word_1_256' title='bbox 1631 2328 1908 2396; x_wconf 85' lang='lat' dir='ltr'><strong>Januarii,</strong></span> <span class='ocrx_word' id='word_1_257' title='bbox 1936 2330 2141 2384; x_wconf 88' lang='lat' dir='ltr'><strong>Mustu-</strong></span> 
     </span>
    </p>
   </div>
   <div class='ocr_carea' id='block_1_40' title="bbox 538 2413 2135 2488">
    <p class='ocr_par' dir='ltr' id='par_1_40' title="bbox 538 2413 2135 2488">
     <span class='ocr_line' id='line_1_40' title="bbox 538 2413 2135 2488; baseline 0.004 -20"><span class='ocrx_word' id='word_1_258' title='bbox 538 2413 636 2480; x_wconf 72' lang='lat'><strong>133,</strong></span> <span class='ocrx_word' id='word_1_259' title='bbox 677 2414 959 2483; x_wconf 86' lang='lat' dir='ltr'><strong>Quintasi,</strong></span> <span class='ocrx_word' id='word_1_260' title='bbox 1005 2414 1285 2483; x_wconf 74' lang='lat' dir='ltr'><strong>Memmze,</strong></span> <span class='ocrx_word' id='word_1_261' title='bbox 1336 2416 1551 2486; x_wconf 67' lang='lat' dir='ltr'><strong>Primae,</strong></span> <span class='ocrx_word' id='word_1_262' title='bbox 1594 2417 1839 2486; x_wconf 73' lang='lat' dir='ltr'><strong>DOnattB,</strong></span> <span class='ocrx_word' id='word_1_263' title='bbox 1874 2418 2135 2488; x_wconf 67' lang='lat' dir='ltr'><strong>Severiaz,</strong></span> 
     </span>
    </p>
   </div>
   <div class='ocr_carea' id='block_1_41' title="bbox 552 2505 1381 2577">
    <p class='ocr_par' dir='ltr' id='par_1_41' title="bbox 552 2505 1381 2577">
     <span class='ocr_line' id='line_1_41' title="bbox 552 2505 1381 2577; baseline 0.001 -17"><span class='ocrx_word' id='word_1_264' title='bbox 552 2505 839 2575; x_wconf 73' lang='lat' dir='ltr'><strong>Victurim,</strong></span> <span class='ocrx_word' id='word_1_265' title='bbox 868 2507 1109 2573; x_wconf 81' lang='lat' dir='ltr'><strong>Basillar,</strong></span> <span class='ocrx_word' id='word_1_266' title='bbox 1141 2508 1381 2577; x_wconf 87' lang='lat' dir='ltr'><strong>Magnili.</strong></span> 
     </span>
    </p>
   </div>
   <div class='ocr_carea' id='block_1_42' title="bbox 608 2598 2133 2675">
    <p class='ocr_par' dir='ltr' id='par_1_42' title="bbox 608 2598 2133 2675">
     <span class='ocr_line' id='line_1_42' title="bbox 608 2598 2133 2675; baseline 0.007 -23"><span class='ocrx_word' id='word_1_267' title='bbox 608 2614 678 2654; x_wconf 89' lang='lat' dir='ltr'><strong>xv</strong></span> <span class='ocrx_word' id='word_1_268' title='bbox 707 2598 811 2653; x_wconf 88' lang='lat' dir='ltr'><strong>kal.</strong></span> <span class='ocrx_word' id='word_1_269' title='bbox 846 2599 986 2656; x_wconf 89' lang='lat' dir='ltr'><strong>Nov.</strong></span> <span class='ocrx_word' id='word_1_270' title='bbox 1018 2600 1074 2654; x_wconf 93' lang='lat' dir='ltr'><strong>lu</strong></span> <span class='ocrx_word' id='word_1_271' title='bbox 1099 2600 1342 2669; x_wconf 88' lang='lat' dir='ltr'><strong>Oriente,</strong></span> <span class='ocrx_word' id='word_1_272' title='bbox 1371 2603 1657 2658; x_wconf 88' lang='lat' dir='ltr'><strong>translatio</strong></span> <span class='ocrx_word' id='word_1_273' title='bbox 1683 2605 1930 2675; x_wconf 91' lang='lat' dir='ltr'><strong>corporis</strong></span> <span class='ocrx_word' id='word_1_274' title='bbox 1961 2608 2133 2663; x_wconf 90' lang='lat' dir='ltr'><strong>sancti</strong></span> 
     </span>
    </p>
   </div>
   <div class='ocr_carea' id='block_1_43' title="bbox 534 2686 2129 2765">
    <p class='ocr_par' dir='ltr' id='par_1_43' title="bbox 534 2686 2129 2765">
     <span class='ocr_line' id='line_1_43' title="bbox 534 2686 2129 2765; baseline 0.007 -23"><span class='ocrx_word' id='word_1_275' title='bbox 534 2686 697 2743; x_wconf 70' lang='lat' dir='ltr'><strong>Luca:</strong></span> <span class='ocrx_word' id='word_1_276' title='bbox 728 2689 1100 2758; x_wconf 70' lang='lat' dir='ltr'><strong>evangelistm.</strong></span> <span class='ocrx_word' id='word_1_277' title='bbox 1136 2689 1193 2745; x_wconf 90' lang='lat' dir='ltr'><strong>In</strong></span> <span class='ocrx_word' id='word_1_278' title='bbox 1223 2691 1556 2759; x_wconf 86' lang='lat' dir='ltr'><strong>Nicomedia,</strong></span> <span class='ocrx_word' id='word_1_279' title='bbox 1590 2692 1773 2764; x_wconf 70' lang='lat' dir='ltr'><strong>Lucra,</strong></span> <span class='ocrx_word' id='word_1_280' title='bbox 1808 2695 2129 2765; x_wconf 69' lang='lat' dir='ltr'><strong>Victurinaz,</strong></span> 
     </span>
    </p>
   </div>
   <div class='ocr_carea' id='block_1_44' title="bbox 533 2779 2134 2855">
    <p class='ocr_par' dir='ltr' id='par_1_44' title="bbox 533 2779 2134 2855">
     <span class='ocr_line' id='line_1_44' title="bbox 533 2779 2134 2855; baseline 0.007 -20"><span class='ocrx_word' id='word_1_281' title='bbox 533 2780 760 2835; x_wconf 89' lang='lat' dir='ltr'><strong>Justini.</strong></span> <span class='ocrx_word' id='word_1_282' title='bbox 800 2779 857 2834; x_wconf 87' lang='lat' dir='ltr'><strong>lu</strong></span> <span class='ocrx_word' id='word_1_283' title='bbox 888 2781 1172 2853; x_wconf 77' lang='lat' dir='ltr'><strong>Axiopoli,</strong></span> <span class='ocrx_word' id='word_1_284' title='bbox 1218 2784 1511 2853; x_wconf 84' lang='lat' dir='ltr'><strong>liermetis,</strong></span> <span class='ocrx_word' id='word_1_285' title='bbox 1547 2794 1601 2841; x_wconf 90' lang='lat' dir='ltr'><strong>et</strong></span> <span class='ocrx_word' id='word_1_286' title='bbox 1641 2786 1834 2855; x_wconf 84' lang='lat' dir='ltr'><strong>Taxis,</strong></span> <span class='ocrx_word' id='word_1_287' title='bbox 1878 2789 2029 2845; x_wconf 81' lang='lat' dir='ltr'><strong>Julii.</strong></span> <span class='ocrx_word' id='word_1_288' title='bbox 2064 2791 2134 2846; x_wconf 88' lang='lat' dir='ltr'><strong>Et</strong></span> 
     </span>
    </p>
   </div>
   <div class='ocr_carea' id='block_1_45' title="bbox 532 2872 2127 2953">
    <p class='ocr_par' dir='ltr' id='par_1_45' title="bbox 532 2872 2127 2953">
     <span class='ocr_line' id='line_1_45' title="bbox 532 2872 2127 2953; baseline 0.009 -29"><span class='ocrx_word' id='word_1_289' title='bbox 532 2872 688 2943; x_wconf 85' lang='lat' dir='ltr'><strong>juxta</strong></span> <span class='ocrx_word' id='word_1_290' title='bbox 719 2883 932 2943; x_wconf 89' lang='lat' dir='ltr'><strong>portum</strong></span> <span class='ocrx_word' id='word_1_291' title='bbox 958 2874 1289 2946; x_wconf 84' lang='lat' dir='ltr'><strong>Romanum,</strong></span> <span class='ocrx_word' id='word_1_292' title='bbox 1323 2880 1505 2948; x_wconf 90' lang='lat' dir='ltr'><strong>passio</strong></span> <span class='ocrx_word' id='word_1_293' title='bbox 1534 2879 1591 2935; x_wconf 90' lang='lat' dir='ltr'><strong>S.</strong></span> <span class='ocrx_word' id='word_1_294' title='bbox 1626 2880 1854 2952; x_wconf 82' lang='lat' dir='ltr'><strong>Agnetis</strong></span> <span class='ocrx_word' id='word_1_295' title='bbox 1879 2883 2127 2953; x_wconf 86' lang='lat' dir='ltr'><strong>virginis.</strong></span> 
     </span>
    </p>
   </div>
   <div class='ocr_carea' id='block_1_46' title="bbox 544 2964 2133 3043">
    <p class='ocr_par' dir='ltr' id='par_1_46' title="bbox 544 2964 2133 3043">
     <span class='ocr_line' id='line_1_46' title="bbox 544 2964 2133 3043; baseline 0.009 -23"><span class='ocrx_word' id='word_1_296' title='bbox 544 2964 604 3020; x_wconf 84' lang='lat' dir='ltr'><strong>In</strong></span> <span class='ocrx_word' id='word_1_297' title='bbox 634 2965 925 3037; x_wconf 89' lang='lat' dir='ltr'><strong>Campania</strong></span> <span class='ocrx_word' id='word_1_298' title='bbox 959 2969 1181 3026; x_wconf 85' lang='lat' dir='ltr'><strong>civitate</strong></span> <span class='ocrx_word' id='word_1_299' title='bbox 1218 2972 1486 3039; x_wconf 87' lang='lat' dir='ltr'><strong>Puteolis,</strong></span> <span class='ocrx_word' id='word_1_300' title='bbox 1526 2973 1801 3043; x_wconf 83' lang='lat' dir='ltr'><strong>Januarii,</strong></span> <span class='ocrx_word' id='word_1_301' title='bbox 1831 2976 2052 3043; x_wconf 87' lang='lat' dir='ltr'><strong>Felicis,</strong></span> <span class='ocrx_word' id='word_1_302' title='bbox 2077 2989 2133 3034; x_wconf 90' lang='lat' dir='ltr'><strong>et</strong></span> 
     </span>
    </p>
   </div>
   <div class='ocr_carea' id='block_1_47' title="bbox 537 3058 2130 3137">
    <p class='ocr_par' dir='ltr' id='par_1_47' title="bbox 537 3058 2130 3137">
     <span class='ocr_line' id='line_1_47' title="bbox 537 3058 2130 3137; baseline 0.007 -22"><span class='ocrx_word' id='word_1_303' title='bbox 537 3058 817 3130; x_wconf 88' lang='lat' dir='ltr'><strong>depositio</strong></span> <span class='ocrx_word' id='word_1_304' title='bbox 841 3062 979 3117; x_wconf 86' lang='lat' dir='ltr'><strong>Justi</strong></span> <span class='ocrx_word' id='word_1_305' title='bbox 1011 3065 1187 3134; x_wconf 90' lang='lat' dir='ltr'><strong>pueri.</strong></span> <span class='ocrx_word' id='word_1_306' title='bbox 1220 3065 1277 3120; x_wconf 88' lang='lat' dir='ltr'><strong>In</strong></span> <span class='ocrx_word' id='word_1_307' title='bbox 1307 3065 1514 3133; x_wconf 80' lang='lat' dir='ltr'><strong>Africa,</strong></span> <span class='ocrx_word' id='word_1_308' title='bbox 1547 3066 1718 3132; x_wconf 91' lang='lat' dir='ltr'><strong>Lucii,</strong></span> <span class='ocrx_word' id='word_1_309' title='bbox 1750 3068 2130 3137; x_wconf 84' lang='lat' dir='ltr'><strong>Victoris,Da-</strong></span> 
     </span>
    </p>
   </div>
   <div class='ocr_carea' id='block_1_48' title="bbox 536 3146 2200 3227">
    <p class='ocr_par' dir='ltr' id='par_1_48' title="bbox 536 3146 2200 3227">
     <span class='ocr_line' id='line_1_48' title="bbox 536 3146 2200 3227; baseline 0.008 -21"><span class='ocrx_word' id='word_1_310' title='bbox 536 3151 608 3218; x_wconf 89' lang='lat' dir='ltr'><strong>si,</strong></span> <span class='ocrx_word' id='word_1_311' title='bbox 638 3151 825 3221; x_wconf 87' lang='lat' dir='ltr'><strong>Leuci,</strong></span> <span class='ocrx_word' id='word_1_312' title='bbox 853 3152 1132 3223; x_wconf 87' lang='lat' dir='ltr'><strong>Victorici,</strong></span> <span class='ocrx_word' id='word_1_313' title='bbox 1164 3156 1345 3212; x_wconf 85' lang='lat' dir='ltr'><strong>Beresi</strong></span> <span class='ocrx_word' id='word_1_314' title='bbox 1369 3158 1633 3227; x_wconf 90' lang='lat' dir='ltr'><strong>episcopi,</strong></span> <span class='ocrx_word' id='word_1_315' title='bbox 1659 3158 1930 3227; x_wconf 86' lang='lat' dir='ltr'><strong>Victricis,</strong></span> <span class='ocrx_word' id='word_1_316' title='bbox 1957 3163 2128 3219; x_wconf 89' lang='lat' dir='ltr'><strong>Faus—</strong></span> <span class='ocrx_word' id='word_1_317' title='bbox 2155 3146 2200 3208; x_wconf 65' lang='grc' dir='ltr'><strong>(ἶ</strong></span> 
     </span>
    </p>
   </div>
   <div class='ocr_carea' id='block_1_49' title="bbox 533 3242 2128 3326">
    <p class='ocr_par' dir='ltr' id='par_1_49' title="bbox 533 3242 2128 3326">
     <span class='ocr_line' id='line_1_49' title="bbox 533 3242 2128 3326; baseline 0.008 -28"><span class='ocrx_word' id='word_1_318' title='bbox 533 3242 656 3308; x_wconf 92' lang='lat' dir='ltr'><strong>tini,</strong></span> <span class='ocrx_word' id='word_1_319' title='bbox 697 3242 976 3301; x_wconf 82' lang='lat' dir='ltr'><strong>Martialis.</strong></span> <span class='ocrx_word' id='word_1_320' title='bbox 1006 3244 1240 3301; x_wconf 84' lang='lat' dir='ltr'><strong>Ebrocas</strong></span> <span class='ocrx_word' id='word_1_321' title='bbox 1282 3248 1519 3315; x_wconf 81' lang='lat' dir='ltr'><strong>civitate,</strong></span> <span class='ocrx_word' id='word_1_322' title='bbox 1560 3251 1752 3305; x_wconf 82' lang='lat' dir='ltr'><strong>natalis</strong></span> <span class='ocrx_word' id='word_1_323' title='bbox 1792 3250 1855 3307; x_wconf 91' lang='lat' dir='ltr'><strong>S.</strong></span> <span class='ocrx_word' id='word_1_324' title='bbox 1896 3254 2128 3326; x_wconf 85' lang='lat' dir='ltr'><strong>Aquilim&#39;</strong></span> 
     </span>
    </p>
   </div>
   <div class='ocr_carea' id='block_1_50' title="bbox 532 3336 1202 3407">
    <p class='ocr_par' dir='ltr' id='par_1_50' title="bbox 532 3336 1202 3407">
     <span class='ocr_line' id='line_1_50' title="bbox 532 3336 1202 3407; baseline 0.006 -20"><span class='ocrx_word' id='word_1_325' title='bbox 532 3336 767 3405; x_wconf 80' lang='lat' dir='ltr'><strong>episcOpi</strong></span> <span class='ocrx_word' id='word_1_326' title='bbox 791 3343 841 3391; x_wconf 80' lang='lat' dir='ltr'><strong>et</strong></span> <span class='ocrx_word' id='word_1_327' title='bbox 868 3338 1202 3407; x_wconf 79' lang='lat' dir='ltr'><strong>confessoris.</strong></span> 
     </span>
    </p>
   </div>
   <div class='ocr_carea' id='block_1_51' title="bbox 601 3427 2133 3507">
    <p class='ocr_par' dir='ltr' id='par_1_51' title="bbox 601 3427 2133 3507">
     <span class='ocr_line' id='line_1_51' title="bbox 601 3427 2133 3507; baseline 0.008 -26"><span class='ocrx_word' id='word_1_328' title='bbox 601 3443 691 3481; x_wconf 77' lang='lat' dir='ltr'><strong>xiv</strong></span> <span class='ocrx_word' id='word_1_329' title='bbox 718 3427 825 3483; x_wconf 87' lang='lat' dir='ltr'><strong>kal.</strong></span> <span class='ocrx_word' id='word_1_330' title='bbox 863 3429 1003 3485; x_wconf 90' lang='lat' dir='ltr'><strong>Nov.</strong></span> <span class='ocrx_word' id='word_1_331' title='bbox 1036 3430 1095 3485; x_wconf 84' lang='lat' dir='ltr'><strong>In</strong></span> <span class='ocrx_word' id='word_1_332' title='bbox 1129 3429 1306 3500; x_wconf 87' lang='lat' dir='ltr'><strong>Ostia,</strong></span> <span class='ocrx_word' id='word_1_333' title='bbox 1341 3432 1579 3490; x_wconf 86' lang='lat' dir='ltr'><strong>Austerii</strong></span> <span class='ocrx_word' id='word_1_334' title='bbox 1610 3435 1946 3507; x_wconf 89' lang='lat' dir='ltr'><strong>presbyteri,</strong></span> <span class='ocrx_word' id='word_1_335' title='bbox 1984 3437 2133 3494; x_wconf 90' lang='lat' dir='ltr'><strong>Nea-</strong></span> 
     </span>
    </p>
   </div>
   <div class='ocr_carea' id='block_1_52' title="bbox 540 3525 2128 3597">
    <p class='ocr_par' dir='ltr' id='par_1_52' title="bbox 540 3525 2128 3597">
     <span class='ocr_line' id='line_1_52' title="bbox 540 3525 2128 3597; baseline 0.011 -19"><span class='ocrx_word' id='word_1_336' title='bbox 540 3525 672 3594; x_wconf 88' lang='lat' dir='ltr'><strong>poli,</strong></span> <span class='ocrx_word' id='word_1_337' title='bbox 702 3525 882 3595; x_wconf 89' lang='lat' dir='ltr'><strong>Sussi,</strong></span> <span class='ocrx_word' id='word_1_338' title='bbox 910 3528 1176 3597; x_wconf 84' lang='lat' dir='ltr'><strong>Januarii,</strong></span> <span class='ocrx_word' id='word_1_339' title='bbox 1203 3530 1371 3597; x_wconf 86' lang='lat' dir='ltr'><strong>Festi,</strong></span> <span class='ocrx_word' id='word_1_340' title='bbox 1409 3534 1694 3589; x_wconf 88' lang='lat' dir='ltr'><strong>Desiderii.</strong></span> <span class='ocrx_word' id='word_1_341' title='bbox 1724 3534 1779 3590; x_wconf 92' lang='lat' dir='ltr'><strong>In</strong></span> <span class='ocrx_word' id='word_1_342' title='bbox 1811 3538 2128 3596; x_wconf 78' lang='lat' dir='ltr'><strong>cmmeterio</strong></span> 
     </span>
    </p>
   </div>
   <div class='ocr_carea' id='block_1_53' title="bbox 537 3618 2123 3702">
    <p class='ocr_par' dir='ltr' id='par_1_53' title="bbox 537 3618 2123 3702">
     <span class='ocr_line' id='line_1_53' title="bbox 537 3618 2123 3702; baseline 0.011 -32"><span class='ocrx_word' id='word_1_343' title='bbox 537 3618 782 3674; x_wconf 86' lang='lat' dir='ltr'><strong>Puteolis</strong></span> <span class='ocrx_word' id='word_1_344' title='bbox 804 3661 818 3686; x_wconf 93' lang='lat'><strong>,</strong></span> <span class='ocrx_word' id='word_1_345' title='bbox 851 3622 1099 3679; x_wconf 87' lang='lat' dir='ltr'><strong>Prosculi</strong></span> <span class='ocrx_word' id='word_1_346' title='bbox 1123 3666 1137 3692; x_wconf 93' lang='lat'><strong>,</strong></span> <span class='ocrx_word' id='word_1_347' title='bbox 1173 3625 1432 3682; x_wconf 87' lang='lat' dir='ltr'><strong>Prosduci</strong></span> <span class='ocrx_word' id='word_1_348' title='bbox 1458 3671 1473 3695; x_wconf 94' lang='lat'><strong>,</strong></span> <span class='ocrx_word' id='word_1_349' title='bbox 1507 3639 1559 3683; x_wconf 91' lang='lat' dir='ltr'><strong>et</strong></span> <span class='ocrx_word' id='word_1_350' title='bbox 1587 3627 1734 3684; x_wconf 69' lang='lat' dir='ltr'><strong>Nica:</strong></span> <span class='ocrx_word' id='word_1_351' title='bbox 1766 3631 1957 3686; x_wconf 87' lang='lat' dir='ltr'><strong>matris</strong></span> <span class='ocrx_word' id='word_1_352' title='bbox 1986 3632 2123 3702; x_wconf 86' lang='lat' dir='ltr'><strong>ejus.</strong></span> 
     </span>
    </p>
   </div>
   <div class='ocr_carea' id='block_1_54' title="bbox 526 3709 2126 3795">
    <p class='ocr_par' dir='ltr' id='par_1_54' title="bbox 526 3709 2126 3795">
     <span class='ocr_line' id='line_1_54' title="bbox 526 3709 2126 3795; baseline 0.014 -35"><span class='ocrx_word' id='word_1_353' title='bbox 526 3709 755 3762; x_wconf 80' lang='lat' dir='ltr'><strong>.Domna:</strong></span> <span class='ocrx_word' id='word_1_354' title='bbox 778 3712 1023 3782; x_wconf 88' lang='lat' dir='ltr'><strong>virginis,</strong></span> <span class='ocrx_word' id='word_1_355' title='bbox 1050 3717 1188 3782; x_wconf 85' lang='lat' dir='ltr'><strong>Asti,</strong></span> <span class='ocrx_word' id='word_1_356' title='bbox 1224 3717 1383 3773; x_wconf 88' lang='lat' dir='ltr'><strong>Buiti.</strong></span> <span class='ocrx_word' id='word_1_357' title='bbox 1412 3720 1467 3774; x_wconf 89' lang='lat' dir='ltr'><strong>In</strong></span> <span class='ocrx_word' id='word_1_358' title='bbox 1495 3721 1781 3777; x_wconf 79' lang='lat' dir='ltr'><strong>Antiochia</strong></span> <span class='ocrx_word' id='word_1_359' title='bbox 1808 3722 2001 3795; x_wconf 63' lang='lat' dir='ltr'><strong>Syria},</strong></span> <span class='ocrx_word' id='word_1_360' title='bbox 2030 3742 2126 3781; x_wconf 88' lang='lat' dir='ltr'><strong>na-</strong></span> 
     </span>
    </p>
   </div>
   <div class='ocr_carea' id='block_1_55' title="bbox 520 3801 2124 3887">
    <p class='ocr_par' dir='ltr' id='par_1_55' title="bbox 520 3801 2124 3887">
     <span class='ocr_line' id='line_1_55' title="bbox 520 3801 2124 3887; baseline 0.015 -35"><span class='ocrx_word' id='word_1_361' title='bbox 520 3801 659 3855; x_wconf 72' lang='lat' dir='ltr'><strong>talis</strong></span> <span class='ocrx_word' id='word_1_362' title='bbox 690 3813 1001 3860; x_wconf 90' lang='lat' dir='ltr'><strong>sanctorum</strong></span> <span class='ocrx_word' id='word_1_363' title='bbox 1033 3808 1260 3879; x_wconf 87' lang='lat' dir='ltr'><strong>Pelagii,</strong></span> <span class='ocrx_word' id='word_1_364' title='bbox 1297 3811 1543 3868; x_wconf 88' lang='lat' dir='ltr'><strong>Bcronici</strong></span> <span class='ocrx_word' id='word_1_365' title='bbox 1567 3855 1582 3877; x_wconf 91' lang='lat'><strong>,</strong></span> <span class='ocrx_word' id='word_1_366' title='bbox 1610 3815 1865 3887; x_wconf 84' lang='lat' dir='ltr'><strong>Pelagiae,</strong></span> <span class='ocrx_word' id='word_1_367' title='bbox 1896 3827 1951 3874; x_wconf 88' lang='lat' dir='ltr'><strong>et</strong></span> <span class='ocrx_word' id='word_1_368' title='bbox 1981 3820 2124 3876; x_wconf 78' lang='lat' dir='ltr'><strong>alio~</strong></span> 
     </span>
    </p>
   </div>
   <div class='ocr_carea' id='block_1_56' title="bbox 533 3896 1549 3977">
    <p class='ocr_par' dir='ltr' id='par_1_56' title="bbox 533 3896 1549 3977">
     <span class='ocr_line' id='line_1_56' title="bbox 533 3896 1549 3977; baseline 0.015 -31"><span class='ocrx_word' id='word_1_369' title='bbox 533 3910 652 3948; x_wconf 83' lang='lat' dir='ltr'><strong>rum</strong></span> <span class='ocrx_word' id='word_1_370' title='bbox 685 3896 1041 3969; x_wconf 87' lang='lat' dir='ltr'><strong>quadraginta</strong></span> <span class='ocrx_word' id='word_1_371' title='bbox 1072 3912 1196 3957; x_wconf 90' lang='lat' dir='ltr'><strong>octo</strong></span> <span class='ocrx_word' id='word_1_372' title='bbox 1224 3916 1549 3977; x_wconf 87' lang='lat' dir='ltr'><strong>martyrum.</strong></span> 
     </span>
    </p>
   </div>
   <div class='ocr_carea' id='block_1_57' title="bbox 600 3987 2123 4074">
    <p class='ocr_par' dir='ltr' id='par_1_57' title="bbox 600 3987 2123 4074">
     <span class='ocr_line' id='line_1_57' title="bbox 600 3987 2123 4074; baseline 0.014 -34"><span class='ocrx_word' id='word_1_373' title='bbox 600 4002 693 4042; x_wconf 84' lang='lat' dir='ltr'><strong>xm</strong></span> <span class='ocrx_word' id='word_1_374' title='bbox 726 3987 830 4043; x_wconf 85' lang='lat' dir='ltr'><strong>kal.</strong></span> <span class='ocrx_word' id='word_1_375' title='bbox 868 3990 1005 4049; x_wconf 90' lang='lat' dir='ltr'><strong>Nov.</strong></span> <span class='ocrx_word' id='word_1_376' title='bbox 1042 3994 1095 4049; x_wconf 93' lang='lat' dir='ltr'><strong>In</strong></span> <span class='ocrx_word' id='word_1_377' title='bbox 1142 3995 1381 4053; x_wconf 81' lang='lat' dir='ltr'><strong>Puteolis</strong></span> <span class='ocrx_word' id='word_1_378' title='bbox 1410 4000 1628 4057; x_wconf 88' lang='lat' dir='ltr'><strong>civitate</strong></span> <span class='ocrx_word' id='word_1_379' title='bbox 1653 4043 1668 4069; x_wconf 95' lang='lat'><strong>,</strong></span> <span class='ocrx_word' id='word_1_380' title='bbox 1708 4004 1889 4074; x_wconf 90' lang='lat' dir='ltr'><strong>Dasii,</strong></span> <span class='ocrx_word' id='word_1_381' title='bbox 1929 4007 2123 4063; x_wconf 90' lang='lat' dir='ltr'><strong>Anosi-</strong></span> 
     </span>
    </p>
   </div>
   <div class='ocr_carea' id='block_1_58' title="bbox 525 4077 2122 4159">
    <p class='ocr_par' dir='ltr' id='par_1_58' title="bbox 525 4077 2122 4159">
     <span class='ocr_line' id='line_1_58' title="bbox 525 4077 2122 4159; baseline 0.014 -28"><span class='ocrx_word' id='word_1_382' title='bbox 525 4077 680 4146; x_wconf 89' lang='lat' dir='ltr'><strong>nimi,</strong></span> <span class='ocrx_word' id='word_1_383' title='bbox 710 4079 979 4152; x_wconf 87' lang='lat' dir='ltr'><strong>Januarii,</strong></span> <span class='ocrx_word' id='word_1_384' title='bbox 1010 4086 1298 4155; x_wconf 87' lang='lat' dir='ltr'><strong>Durothei,</strong></span> <span class='ocrx_word' id='word_1_385' title='bbox 1335 4089 1580 4159; x_wconf 89' lang='lat' dir='ltr'><strong>Susimii,</strong></span> <span class='ocrx_word' id='word_1_386' title='bbox 1615 4096 1911 4151; x_wconf 75' lang='lat' dir='ltr'><strong>Januariae.</strong></span> <span class='ocrx_word' id='word_1_387' title='bbox 1943 4098 2001 4153; x_wconf 91' lang='lat' dir='ltr'><strong>ln</strong></span> <span class='ocrx_word' id='word_1_388' title='bbox 2032 4098 2122 4153; x_wconf 82' lang='lat' dir='ltr'><strong>Ni-</strong></span> 
     </span>
    </p>
   </div>
   <div class='ocr_carea' id='block_1_59' title="bbox 518 4166 2123 4259">
    <p class='ocr_par' dir='ltr' id='par_1_59' title="bbox 518 4166 2123 4259">
     <span class='ocr_line' id='line_1_59' title="bbox 518 4166 2123 4259; baseline 0.015 -34"><span class='ocrx_word' id='word_1_389' title='bbox 518 4173 787 4240; x_wconf 91' lang='lat' dir='ltr'><strong>comedia,</strong></span> <span class='ocrx_word' id='word_1_390' title='bbox 814 4166 1078 4246; x_wconf 77' lang='lat' dir='ltr'><strong>Eusticis,</strong></span> <span class='ocrx_word' id='word_1_391' title='bbox 1099 4180 1408 4251; x_wconf 86' lang='lat' dir='ltr'><strong>Promachi,</strong></span> <span class='ocrx_word' id='word_1_392' title='bbox 1437 4186 1609 4257; x_wconf 90' lang='lat' dir='ltr'><strong>Lucii,</strong></span> <span class='ocrx_word' id='word_1_393' title='bbox 1638 4190 1967 4259; x_wconf 88' lang='lat' dir='ltr'><strong>Marcellini,</strong></span> <span class='ocrx_word' id='word_1_394' title='bbox 1992 4193 2123 4249; x_wconf 86' lang='lat' dir='ltr'><strong>Ber-</strong></span> 
     </span>
    </p>
   </div>
   <div class='ocr_carea' id='block_1_60' title="bbox 523 4264 2117 4355">
    <p class='ocr_par' dir='ltr' id='par_1_60' title="bbox 523 4264 2117 4355">
     <span class='ocr_line' id='line_1_60' title="bbox 523 4264 2117 4355; baseline 0.016 -38"><span class='ocrx_word' id='word_1_395' title='bbox 523 4264 682 4321; x_wconf 88' lang='lat' dir='ltr'><strong>uiaci.</strong></span> <span class='ocrx_word' id='word_1_396' title='bbox 716 4267 853 4324; x_wconf 86' lang='lat' dir='ltr'><strong>Item</strong></span> <span class='ocrx_word' id='word_1_397' title='bbox 886 4271 1115 4339; x_wconf 91' lang='lat' dir='ltr'><strong>Susimi,</strong></span> <span class='ocrx_word' id='word_1_398' title='bbox 1141 4276 1408 4347; x_wconf 91' lang='lat' dir='ltr'><strong>Januarii,</strong></span> <span class='ocrx_word' id='word_1_399' title='bbox 1436 4279 1589 4337; x_wconf 91' lang='lat' dir='ltr'><strong>Julii.</strong></span> <span class='ocrx_word' id='word_1_400' title='bbox 1620 4282 1845 4354; x_wconf 81' lang='lat' dir='ltr'><strong>Agenno</strong></span> <span class='ocrx_word' id='word_1_401' title='bbox 1874 4284 2117 4355; x_wconf 87' lang='lat' dir='ltr'><strong>civitate,</strong></span> 
     </span>
    </p>
   </div>
   <div class='ocr_carea' id='block_1_61' title="bbox 518 4360 1287 4439">
    <p class='ocr_par' dir='ltr' id='par_1_61' title="bbox 518 4360 1287 4439">
     <span class='ocr_line' id='line_1_61' title="bbox 518 4360 1287 4439; baseline 0.013 -27"><span class='ocrx_word' id='word_1_402' title='bbox 518 4360 693 4414; x_wconf 83' lang='lat' dir='ltr'><strong>sancti</strong></span> <span class='ocrx_word' id='word_1_403' title='bbox 723 4360 968 4431; x_wconf 89' lang='lat' dir='ltr'><strong>Caprasii</strong></span> <span class='ocrx_word' id='word_1_404' title='bbox 1002 4369 1287 4439; x_wconf 84' lang='lat' dir='ltr'><strong>martyris.</strong></span> 
     </span>
    </p>
   </div>
   <div class='ocr_carea' id='block_1_62' title="bbox 592 4452 2112 4539">
    <p class='ocr_par' dir='ltr' id='par_1_62' title="bbox 592 4452 2112 4539">
     <span class='ocr_line' id='line_1_62' title="bbox 592 4452 2112 4539; baseline 0.015 -33"><span class='ocrx_word' id='word_1_405' title='bbox 592 4467 672 4507; x_wconf 84' lang='lat' dir='ltr'><strong>xu</strong></span> <span class='ocrx_word' id='word_1_406' title='bbox 718 4452 825 4508; x_wconf 86' lang='lat' dir='ltr'><strong>kal.</strong></span> <span class='ocrx_word' id='word_1_407' title='bbox 870 4454 1012 4511; x_wconf 84' lang='lat' dir='ltr'><strong>Nov.</strong></span> <span class='ocrx_word' id='word_1_408' title='bbox 1068 4459 1123 4513; x_wconf 96' lang='lat' dir='ltr'><strong>ln</strong></span> <span class='ocrx_word' id='word_1_409' title='bbox 1172 4459 1510 4529; x_wconf 86' lang='lat' dir='ltr'><strong>Nicomedia,</strong></span> <span class='ocrx_word' id='word_1_410' title='bbox 1561 4464 1728 4534; x_wconf 90' lang='lat' dir='ltr'><strong>Dasii,</strong></span> <span class='ocrx_word' id='word_1_411' title='bbox 1778 4469 1971 4539; x_wconf 89' lang='lat' dir='ltr'><strong>Zotiei,</strong></span> <span class='ocrx_word' id='word_1_412' title='bbox 2013 4472 2112 4529; x_wconf 89' lang='lat' dir='ltr'><strong>Gai</strong></span> 
     </span>
    </p>
   </div>
   <div class='ocr_carea' id='block_1_63' title="bbox 515 4544 2109 4627">
    <p class='ocr_par' dir='ltr' id='par_1_63' title="bbox 515 4544 2109 4627">
     <span class='ocr_line' id='line_1_63' title="bbox 515 4544 2109 4627; baseline 0.014 -31"><span class='ocrx_word' id='word_1_413' title='bbox 515 4556 637 4598; x_wconf 90' lang='lat' dir='ltr'><strong>cum</strong></span> <span class='ocrx_word' id='word_1_414' title='bbox 671 4544 963 4602; x_wconf 88' lang='lat' dir='ltr'><strong>duodecim</strong></span> <span class='ocrx_word' id='word_1_415' title='bbox 997 4550 1239 4607; x_wconf 88' lang='lat' dir='ltr'><strong>millibus</strong></span> <span class='ocrx_word' id='word_1_416' title='bbox 1269 4554 1622 4625; x_wconf 88' lang='lat' dir='ltr'><strong>martyribus.</strong></span> <span class='ocrx_word' id='word_1_417' title='bbox 1663 4556 1718 4611; x_wconf 94' lang='lat' dir='ltr'><strong>ln</strong></span> <span class='ocrx_word' id='word_1_418' title='bbox 1756 4559 1963 4627; x_wconf 81' lang='lat' dir='ltr'><strong>Africa,</strong></span> <span class='ocrx_word' id='word_1_419' title='bbox 1992 4562 2109 4619; x_wconf 88' lang='lat' dir='ltr'><strong>Mo-</strong></span> 
     </span>
    </p>
   </div>
   <div class='ocr_carea' id='block_1_64' title="bbox 513 4634 2111 4725">
    <p class='ocr_par' dir='ltr' id='par_1_64' title="bbox 513 4634 2111 4725">
     <span class='ocr_line' id='line_1_64' title="bbox 513 4634 2111 4725; baseline 0.014 -37"><span class='ocrx_word' id='word_1_420' title='bbox 513 4634 679 4705; x_wconf 87' lang='lat' dir='ltr'><strong>desti,</strong></span> <span class='ocrx_word' id='word_1_421' title='bbox 730 4638 925 4708; x_wconf 87' lang='lat' dir='ltr'><strong>Eutici,</strong></span> <span class='ocrx_word' id='word_1_422' title='bbox 981 4641 1195 4709; x_wconf 89' lang='lat' dir='ltr'><strong>Materi,</strong></span> <span class='ocrx_word' id='word_1_423' title='bbox 1232 4643 1425 4699; x_wconf 85' lang='lat' dir='ltr'><strong>Dissci.</strong></span> <span class='ocrx_word' id='word_1_424' title='bbox 1480 4646 1535 4701; x_wconf 93' lang='lat' dir='ltr'><strong>ln</strong></span> <span class='ocrx_word' id='word_1_425' title='bbox 1591 4646 1768 4704; x_wconf 65' lang='lat' dir='ltr'><strong>Nicaza</strong></span> <span class='ocrx_word' id='word_1_426' title='bbox 1818 4650 2111 4725; x_wconf 79' lang='lat' dir='ltr'><strong>Bithyniae,</strong></span> 
     </span>
    </p>
   </div>
   <div class='ocr_carea' id='block_1_65' title="bbox 517 4730 2108 4816">
    <p class='ocr_par' dir='ltr' id='par_1_65' title="bbox 517 4730 2108 4816">
     <span class='ocr_line' id='line_1_65' title="bbox 517 4730 2108 4816; baseline 0.012 -32"><span class='ocrx_word' id='word_1_427' title='bbox 517 4730 746 4802; x_wconf 74' lang='lat' dir='ltr'><strong>Arrigis,</strong></span> <span class='ocrx_word' id='word_1_428' title='bbox 779 4733 1060 4803; x_wconf 88' lang='lat' dir='ltr'><strong>Macharii,</strong></span> <span class='ocrx_word' id='word_1_429' title='bbox 1098 4737 1268 4806; x_wconf 92' lang='lat' dir='ltr'><strong>Dicei,</strong></span> <span class='ocrx_word' id='word_1_430' title='bbox 1302 4738 1535 4795; x_wconf 89' lang='lat' dir='ltr'><strong>Proculi.</strong></span> <span class='ocrx_word' id='word_1_431' title='bbox 1567 4741 1812 4814; x_wconf 87' lang='lat' dir='ltr'><strong>Neapoli,</strong></span> <span class='ocrx_word' id='word_1_432' title='bbox 1857 4746 2108 4816; x_wconf 86' lang='lat' dir='ltr'><strong>Modesti,</strong></span> 
     </span>
    </p>
   </div>
   <div class='ocr_carea' id='block_1_66' title="bbox 517 4824 2110 4909">
    <p class='ocr_par' dir='ltr' id='par_1_66' title="bbox 517 4824 2110 4909">
     <span class='ocr_line' id='line_1_66' title="bbox 517 4824 2110 4909; baseline 0.011 -32"><span class='ocrx_word' id='word_1_433' title='bbox 517 4831 574 4877; x_wconf 88' lang='lat' dir='ltr'><strong>et</strong></span> <span class='ocrx_word' id='word_1_434' title='bbox 615 4824 847 4880; x_wconf 87' lang='lat' dir='ltr'><strong>aliorum</strong></span> <span class='ocrx_word' id='word_1_435' title='bbox 878 4829 1157 4900; x_wconf 86' lang='lat' dir='ltr'><strong>oct0ginta</strong></span> <span class='ocrx_word' id='word_1_436' title='bbox 1190 4842 1445 4900; x_wconf 85' lang='lat' dir='ltr'><strong>quatuor.</strong></span> <span class='ocrx_word' id='word_1_437' title='bbox 1484 4832 1726 4890; x_wconf 89' lang='lat' dir='ltr'><strong>Puteolis</strong></span> <span class='ocrx_word' id='word_1_438' title='bbox 1775 4835 2110 4909; x_wconf 67' lang='lat' dir='ltr'><strong>Campaniae,</strong></span> 
     </span>
    </p>
   </div>
   <div class='ocr_carea' id='block_1_67' title="bbox 516 4913 2113 5001">
    <p class='ocr_par' dir='ltr' id='par_1_67' title="bbox 516 4913 2113 5001">
     <span class='ocr_line' id='line_1_67' title="bbox 516 4913 2113 5001; baseline 0.014 -34"><span class='ocrx_word' id='word_1_439' title='bbox 516 4913 759 4985; x_wconf 70' lang='lat' dir='ltr'><strong>Proculi,</strong></span> <span class='ocrx_word' id='word_1_440' title='bbox 822 4919 1053 4990; x_wconf 88' lang='lat' dir='ltr'><strong>Euticis,</strong></span> <span class='ocrx_word' id='word_1_441' title='bbox 1117 4922 1402 4988; x_wconf 87' lang='lat' dir='ltr'><strong>Macharii,</strong></span> <span class='ocrx_word' id='word_1_442' title='bbox 1465 4926 1789 4984; x_wconf 75' lang='lat' dir='ltr'><strong>Donatellae.</strong></span> <span class='ocrx_word' id='word_1_443' title='bbox 1848 4931 2113 5001; x_wconf 84' lang='lat' dir='ltr'><strong>Lugduuo</strong></span> 
     </span>
    </p>
   </div>
   <div class='ocr_carea' id='block_1_68' title="bbox 516 5008 2107 5098">
    <p class='ocr_par' dir='ltr' id='par_1_68' title="bbox 516 5008 2107 5098">
     <span class='ocr_line' id='line_1_68' title="bbox 516 5008 2107 5098; baseline 0.012 -34"><span class='ocrx_word' id='word_1_444' title='bbox 516 5008 727 5077; x_wconf 67' lang='lat' dir='ltr'><strong>Gallias,</strong></span> <span class='ocrx_word' id='word_1_445' title='bbox 749 5012 980 5071; x_wconf 88' lang='lat' dir='ltr'><strong>Viatoris</strong></span> <span class='ocrx_word' id='word_1_446' title='bbox 1002 5019 1175 5087; x_wconf 83' lang='lat' dir='ltr'><strong>pueri,</strong></span> <span class='ocrx_word' id='word_1_447' title='bbox 1192 5018 1446 5090; x_wconf 77' lang='lat' dir='ltr'><strong>discipuli</strong></span> <span class='ocrx_word' id='word_1_448' title='bbox 1473 5024 1643 5077; x_wconf 90' lang='lat' dir='ltr'><strong>sancti</strong></span> <span class='ocrx_word' id='word_1_449' title='bbox 1673 5022 1813 5079; x_wconf 91' lang='lat' dir='ltr'><strong>Justi</strong></span> <span class='ocrx_word' id='word_1_450' title='bbox 1839 5027 2107 5098; x_wconf 89' lang='lat' dir='ltr'><strong>episcopi.</strong></span> 
     </span>
    </p>
   </div>
   <div class='ocr_carea' id='block_1_69' title="bbox 587 5104 2110 5191">
    <p class='ocr_par' dir='ltr' id='par_1_69' title="bbox 587 5104 2110 5191">
     <span class='ocr_line' id='line_1_69' title="bbox 587 5104 2110 5191; baseline 0.013 -34"><span class='ocrx_word' id='word_1_451' title='bbox 587 5118 642 5157; x_wconf 89' lang='lat' dir='ltr'><strong>xt</strong></span> <span class='ocrx_word' id='word_1_452' title='bbox 691 5104 797 5158; x_wconf 86' lang='lat' dir='ltr'><strong>kal.</strong></span> <span class='ocrx_word' id='word_1_453' title='bbox 844 5108 979 5162; x_wconf 85' lang='lat' dir='ltr'><strong>Nov.</strong></span> <span class='ocrx_word' id='word_1_454' title='bbox 1035 5109 1092 5164; x_wconf 89' lang='lat' dir='ltr'><strong>lu</strong></span> <span class='ocrx_word' id='word_1_455' title='bbox 1141 5110 1501 5183; x_wconf 87' lang='lat' dir='ltr'><strong>Adrianopoli</strong></span> <span class='ocrx_word' id='word_1_456' title='bbox 1552 5114 1819 5183; x_wconf 67' lang='lat' dir='ltr'><strong>Thraciae,</strong></span> <span class='ocrx_word' id='word_1_457' title='bbox 1874 5119 2110 5191; x_wconf 87' lang='lat' dir='ltr'><strong>Philippi</strong></span> 
     </span>
    </p>
   </div>
   <div class='ocr_carea' id='block_1_70' title="bbox 511 5196 2105 5284">
    <p class='ocr_par' dir='ltr' id='par_1_70' title="bbox 511 5196 2105 5284">
     <span class='ocr_line' id='line_1_70' title="bbox 511 5196 2105 5284; baseline 0.009 -32"><span class='ocrx_word' id='word_1_458' title='bbox 511 5196 776 5266; x_wconf 82' lang='lat' dir='ltr'><strong>cpiSCOpi.</strong></span> <span class='ocrx_word' id='word_1_459' title='bbox 825 5200 1046 5256; x_wconf 85' lang='lat' dir='ltr'><strong>Eusebii</strong></span> <span class='ocrx_word' id='word_1_460' title='bbox 1095 5213 1151 5259; x_wconf 89' lang='lat' dir='ltr'><strong>ct</strong></span> <span class='ocrx_word' id='word_1_461' title='bbox 1215 5204 1509 5273; x_wconf 85' lang='lat' dir='ltr'><strong>Hermetis,</strong></span> <span class='ocrx_word' id='word_1_462' title='bbox 1554 5206 1761 5262; x_wconf 89' lang='lat' dir='ltr'><strong>Severi.</strong></span> <span class='ocrx_word' id='word_1_463' title='bbox 1808 5209 1866 5264; x_wconf 89' lang='lat' dir='ltr'><strong>In</strong></span> <span class='ocrx_word' id='word_1_464' title='bbox 1914 5211 2105 5284; x_wconf 87' lang='lat' dir='ltr'><strong>Portu,</strong></span> 
     </span>
    </p>
   </div>
   <div class='ocr_carea' id='block_1_71' title="bbox 512 5290 2108 5368">
    <p class='ocr_par' dir='ltr' id='par_1_71' title="bbox 512 5290 2108 5368">
     <span class='ocr_line' id='line_1_71' title="bbox 512 5290 2108 5368; baseline 0.01 -23"><span class='ocrx_word' id='word_1_465' title='bbox 512 5292 693 5347; x_wconf 89' lang='lat' dir='ltr'><strong>sancti</strong></span> <span class='ocrx_word' id='word_1_466' title='bbox 727 5290 924 5349; x_wconf 90' lang='lat' dir='ltr'><strong>Valerii</strong></span> <span class='ocrx_word' id='word_1_467' title='bbox 955 5297 1234 5368; x_wconf 85' lang='lat' dir='ltr'><strong>martyris.</strong></span> <span class='ocrx_word' id='word_1_468' title='bbox 1262 5297 1320 5351; x_wconf 91' lang='lat' dir='ltr'><strong>lu</strong></span> <span class='ocrx_word' id='word_1_469' title='bbox 1351 5297 1606 5365; x_wconf 91' lang='lat' dir='ltr'><strong>Thracia,</strong></span> <span class='ocrx_word' id='word_1_470' title='bbox 1636 5298 1767 5355; x_wconf 88' lang='lat' dir='ltr'><strong>item</strong></span> <span class='ocrx_word' id='word_1_471' title='bbox 1800 5301 2011 5359; x_wconf 87' lang='lat' dir='ltr'><strong>Severi.</strong></span> <span class='ocrx_word' id='word_1_472' title='bbox 2039 5305 2108 5361; x_wconf 87' lang='lat' dir='ltr'><strong>Et</strong></span> 
     </span>
    </p>
   </div>
   <div class='ocr_carea' id='block_1_72' title="bbox 507 5384 1351 5460">
    <p class='ocr_par' dir='ltr' id='par_1_72' title="bbox 507 5384 1351 5460">
     <span class='ocr_line' id='line_1_72' title="bbox 507 5384 1351 5460; baseline 0.005 -21"><span class='ocrx_word' id='word_1_473' title='bbox 507 5384 663 5455; x_wconf 90' lang='lat' dir='ltr'><strong>alibi,</strong></span> <span class='ocrx_word' id='word_1_474' title='bbox 701 5387 883 5455; x_wconf 87' lang='lat' dir='ltr'><strong>passio</strong></span> <span class='ocrx_word' id='word_1_475' title='bbox 905 5389 1076 5443; x_wconf 81' lang='lat' dir='ltr'><strong>sancti</strong></span> <span class='ocrx_word' id='word_1_476' title='bbox 1108 5390 1351 5460; x_wconf 84' lang='lat' dir='ltr'><strong>Leugati.</strong></span> 
     </span>
    </p>
   </div>
   <div class='ocr_carea' id='block_1_73' title="bbox 578 5475 2107 5552">
    <p class='ocr_par' dir='ltr' id='par_1_73' title="bbox 578 5475 2107 5552">
     <span class='ocr_line' id='line_1_73' title="bbox 578 5475 2107 5552; baseline 0.009 -22"><span class='ocrx_word' id='word_1_477' title='bbox 578 5493 611 5531; x_wconf 89' lang='lat' dir='ltr'><strong>x</strong></span> <span class='ocrx_word' id='word_1_478' title='bbox 646 5475 753 5533; x_wconf 87' lang='lat' dir='ltr'><strong>kal.</strong></span> <span class='ocrx_word' id='word_1_479' title='bbox 790 5479 928 5535; x_wconf 91' lang='lat' dir='ltr'><strong>Nov.</strong></span> <span class='ocrx_word' id='word_1_480' title='bbox 960 5480 1017 5536; x_wconf 88' lang='lat' dir='ltr'><strong>In</strong></span> <span class='ocrx_word' id='word_1_481' title='bbox 1049 5481 1426 5552; x_wconf 84' lang='lat' dir='ltr'><strong>Adrianopoli,</strong></span> <span class='ocrx_word' id='word_1_482' title='bbox 1460 5481 1674 5551; x_wconf 91' lang='lat' dir='ltr'><strong>Severi,</strong></span> <span class='ocrx_word' id='word_1_483' title='bbox 1720 5484 2002 5542; x_wconf 90' lang='lat' dir='ltr'><strong>Dorothei.</strong></span> <span class='ocrx_word' id='word_1_484' title='bbox 2050 5489 2107 5545; x_wconf 89' lang='lat' dir='ltr'><strong>In</strong></span> 
     </span>
    </p>
   </div>
   <div class='ocr_carea' id='block_1_74' title="bbox 507 5568 2110 5647">
    <p class='ocr_par' dir='ltr' id='par_1_74' title="bbox 507 5568 2110 5647">
     <span class='ocr_line' id='line_1_74' title="bbox 507 5568 2110 5647; baseline 0.008 -24"><span class='ocrx_word' id='word_1_485' title='bbox 507 5568 744 5625; x_wconf 78' lang='lat' dir='ltr'><strong>Caesaria</strong></span> <span class='ocrx_word' id='word_1_486' title='bbox 769 5571 1154 5645; x_wconf 64' lang='lat' dir='ltr'><strong>Cappadociae,</strong></span> <span class='ocrx_word' id='word_1_487' title='bbox 1184 5574 1430 5641; x_wconf 90' lang='lat' dir='ltr'><strong>Seuresi,</strong></span> <span class='ocrx_word' id='word_1_488' title='bbox 1459 5574 1658 5647; x_wconf 84' lang='lat' dir='ltr'><strong>Magni,</strong></span> <span class='ocrx_word' id='word_1_489' title='bbox 1692 5576 1852 5633; x_wconf 91' lang='lat' dir='ltr'><strong>Justi.</strong></span> <span class='ocrx_word' id='word_1_490' title='bbox 1886 5579 1943 5635; x_wconf 88' lang='lat' dir='ltr'><strong>In</strong></span> <span class='ocrx_word' id='word_1_491' title='bbox 1981 5579 2110 5636; x_wconf 87' lang='lat' dir='ltr'><strong>Gal-</strong></span> 
     </span>
    </p>
   </div>
   <div class='ocr_carea' id='block_1_75' title="bbox 508 5661 1682 5740">
    <p class='ocr_par' dir='ltr' id='par_1_75' title="bbox 508 5661 1682 5740">
     <span class='ocr_line' id='line_1_75' title="bbox 508 5661 1682 5740; baseline 0.01 -26"><span class='ocrx_word' id='word_1_492' title='bbox 508 5661 604 5729; x_wconf 90' lang='lat' dir='ltr'><strong>lia,</strong></span> <span class='ocrx_word' id='word_1_493' title='bbox 631 5663 898 5724; x_wconf 79' lang='lat' dir='ltr'><strong>depositio</strong></span> <span class='ocrx_word' id='word_1_494' title='bbox 927 5670 1101 5724; x_wconf 88' lang='lat' dir='ltr'><strong>sancti</strong></span> <span class='ocrx_word' id='word_1_495' title='bbox 1124 5668 1366 5723; x_wconf 89' lang='lat' dir='ltr'><strong>Gratiani</strong></span> <span class='ocrx_word' id='word_1_496' title='bbox 1403 5671 1682 5740; x_wconf 88' lang='lat' dir='ltr'><strong>martyris.</strong></span> 
     </span>
    </p>
   </div>
   <div class='ocr_carea' id='block_1_76' title="bbox 604 5755 2103 5839">
    <p class='ocr_par' dir='ltr' id='par_1_76' title="bbox 604 5755 2103 5839">
     <span class='ocr_line' id='line_1_76' title="bbox 604 5755 2103 5839; baseline 0.013 -33"><span class='ocrx_word' id='word_1_497' title='bbox 680 5767 694 5780; x_wconf 90' lang='grc'><strong>·</strong></span> <span class='ocrx_word' id='word_1_498' title='bbox 711 5755 773 5809; x_wconf 53' lang='grc' dir='ltr'><strong>δ’.</strong></span> <span class='ocrx_word' id='word_1_499' title='bbox 802 5760 938 5816; x_wconf 88' lang='lat' dir='ltr'><strong>Nov.</strong></span> <span class='ocrx_word' id='word_1_500' title='bbox 970 5761 1029 5817; x_wconf 89' lang='lat' dir='ltr'><strong>In</strong></span> <span class='ocrx_word' id='word_1_501' title='bbox 1049 5760 1384 5833; x_wconf 87' lang='lat' dir='ltr'><strong>Nicomedia,</strong></span> <span class='ocrx_word' id='word_1_502' title='bbox 1409 5762 1622 5829; x_wconf 84' lang='lat' dir='ltr'><strong>Severi,</strong></span> <span class='ocrx_word' id='word_1_503' title='bbox 1651 5762 1861 5837; x_wconf 87' lang='lat' dir='ltr'><strong>Vitatis,</strong></span> <span class='ocrx_word' id='word_1_504' title='bbox 1885 5767 2103 5839; x_wconf 86' lang='lat' dir='ltr'><strong>Felicis,</strong></span> 
     </span>
    </p>
   </div>
   <div class='ocr_carea' id='block_1_77' title="bbox 2246 1874 3837 1953">
    <p class='ocr_par' dir='ltr' id='par_1_77' title="bbox 2246 1874 3837 1953">
     <span class='ocr_line' id='line_1_77' title="bbox 2246 1874 3837 1953; baseline 0.011 -27"><span class='ocrx_word' id='word_1_505' title='bbox 2246 1874 2469 1941; x_wconf 92' lang='lat' dir='ltr'><strong>comini,</strong></span> <span class='ocrx_word' id='word_1_506' title='bbox 2526 1875 2717 1946; x_wconf 85' lang='lat' dir='ltr'><strong>Longi,</strong></span> <span class='ocrx_word' id='word_1_507' title='bbox 2774 1878 3015 1948; x_wconf 89' lang='lat' dir='ltr'><strong>Diodori,</strong></span> <span class='ocrx_word' id='word_1_508' title='bbox 3066 1882 3320 1952; x_wconf 88' lang='lat' dir='ltr'><strong>Metrobi,</strong></span> <span class='ocrx_word' id='word_1_509' title='bbox 3373 1885 3647 1953; x_wconf 76' lang='lat' dir='ltr'><strong>Euminae,</strong></span> <span class='ocrx_word' id='word_1_510' title='bbox 3696 1886 3837 1943; x_wconf 89' lang='lat' dir='ltr'><strong>Tuti.</strong></span> 
     </span>
    </p>
   </div>
   <div class='ocr_carea' id='block_1_78' title="bbox 2247 1965 3839 2046">
    <p class='ocr_par' dir='ltr' id='par_1_78' title="bbox 2247 1965 3839 2046">
     <span class='ocr_line' id='line_1_78' title="bbox 2247 1965 3839 2046; baseline 0.011 -27"><span class='ocrx_word' id='word_1_511' title='bbox 2247 1965 2457 2034; x_wconf 67' lang='lat' dir='ltr'><strong>Romaa,</strong></span> <span class='ocrx_word' id='word_1_512' title='bbox 2507 1969 2761 2039; x_wconf 88' lang='lat' dir='ltr'><strong>Mariani,</strong></span> <span class='ocrx_word' id='word_1_513' title='bbox 2804 1972 2981 2040; x_wconf 91' lang='lat' dir='ltr'><strong>Lucii,</strong></span> <span class='ocrx_word' id='word_1_514' title='bbox 3026 1973 3227 2031; x_wconf 79' lang='lat' dir='ltr'><strong>Viveti.</strong></span> <span class='ocrx_word' id='word_1_515' title='bbox 3278 1976 3334 2031; x_wconf 93' lang='lat' dir='ltr'><strong>ln</strong></span> <span class='ocrx_word' id='word_1_516' title='bbox 3383 1977 3665 2046; x_wconf 86' lang='lat' dir='ltr'><strong>Sardinia,</strong></span> <span class='ocrx_word' id='word_1_517' title='bbox 3702 1980 3839 2037; x_wconf 88' lang='lat' dir='ltr'><strong>Poti.</strong></span> 
     </span>
    </p>
   </div>
   <div class='ocr_carea' id='block_1_79' title="bbox 2245 2059 3731 2135">
    <p class='ocr_par' dir='ltr' id='par_1_79' title="bbox 2245 2059 3731 2135">
     <span class='ocr_line' id='line_1_79' title="bbox 2245 2059 3731 2135; baseline 0.011 -20"><span class='ocrx_word' id='word_1_518' title='bbox 2245 2059 2513 2127; x_wconf 87' lang='lat' dir='ltr'><strong>Januarii,</strong></span> <span class='ocrx_word' id='word_1_519' title='bbox 2546 2062 2761 2132; x_wconf 89' lang='lat' dir='ltr'><strong>Tarrei,</strong></span> <span class='ocrx_word' id='word_1_520' title='bbox 2787 2064 3093 2135; x_wconf 82' lang='lat' dir='ltr'><strong>Comuinac,</strong></span> <span class='ocrx_word' id='word_1_521' title='bbox 3121 2078 3177 2124; x_wconf 89' lang='lat' dir='ltr'><strong>et</strong></span> <span class='ocrx_word' id='word_1_522' title='bbox 3204 2070 3377 2125; x_wconf 89' lang='lat' dir='ltr'><strong>sancti</strong></span> <span class='ocrx_word' id='word_1_523' title='bbox 3407 2068 3731 2130; x_wconf 55' lang='lat' dir='ltr'><strong>Florentii.’</strong></span> 
     </span>
    </p>
   </div>
   <div class='ocr_carea' id='block_1_80' title="bbox 2316 2152 3836 2235">
    <p class='ocr_par' dir='ltr' id='par_1_80' title="bbox 2316 2152 3836 2235">
     <span class='ocr_line' id='line_1_80' title="bbox 2316 2152 3836 2235; baseline 0.01 -31"><span class='ocrx_word' id='word_1_524' title='bbox 2316 2168 2347 2204; x_wconf 89' lang='lat' dir='ltr'><strong>v</strong></span> <span class='ocrx_word' id='word_1_525' title='bbox 2375 2152 2482 2205; x_wconf 90' lang='lat' dir='ltr'><strong>kal.</strong></span> <span class='ocrx_word' id='word_1_526' title='bbox 2508 2152 2646 2209; x_wconf 91' lang='lat' dir='ltr'><strong>Nov.</strong></span> <span class='ocrx_word' id='word_1_527' title='bbox 2668 2155 2727 2210; x_wconf 87' lang='lat' dir='ltr'><strong>In</strong></span> <span class='ocrx_word' id='word_1_528' title='bbox 2752 2157 3035 2213; x_wconf 86' lang='lat' dir='ltr'><strong>Antiochia</strong></span> <span class='ocrx_word' id='word_1_529' title='bbox 3058 2158 3255 2232; x_wconf 76' lang='lat' dir='ltr'><strong>Syriae,</strong></span> <span class='ocrx_word' id='word_1_530' title='bbox 3276 2160 3540 2230; x_wconf 86' lang='lat' dir='ltr'><strong>Marandi,</strong></span> <span class='ocrx_word' id='word_1_531' title='bbox 3565 2163 3836 2235; x_wconf 59' lang='lat' dir='ltr'><strong>Mariana,</strong></span> 
     </span>
    </p>
   </div>
   <div class='ocr_carea' id='block_1_81' title="bbox 2244 2243 3834 2322">
    <p class='ocr_par' dir='ltr' id='par_1_81' title="bbox 2244 2243 3834 2322">
     <span class='ocr_line' id='line_1_81' title="bbox 2244 2243 3834 2322; baseline 0.01 -24"><span class='ocrx_word' id='word_1_532' title='bbox 2244 2243 2543 2302; x_wconf 83' lang='lat' dir='ltr'><strong>Arcelludi.</strong></span> <span class='ocrx_word' id='word_1_533' title='bbox 2595 2247 2652 2303; x_wconf 92' lang='lat' dir='ltr'><strong>In</strong></span> <span class='ocrx_word' id='word_1_534' title='bbox 2702 2247 3061 2322; x_wconf 87' lang='lat' dir='ltr'><strong>Carthagine,</strong></span> <span class='ocrx_word' id='word_1_535' title='bbox 3118 2254 3298 2310; x_wconf 88' lang='lat' dir='ltr'><strong>sancti</strong></span> <span class='ocrx_word' id='word_1_536' title='bbox 3352 2254 3736 2313; x_wconf 70' lang='lat' dir='ltr'><strong>Sufronisaeni.</strong></span> <span class='ocrx_word' id='word_1_537' title='bbox 3772 2258 3834 2313; x_wconf 88' lang='lat' dir='ltr'><strong>Et</strong></span> 
     </span>
    </p>
   </div>
   <div class='ocr_carea' id='block_1_82' title="bbox 2243 2338 3831 2422">
    <p class='ocr_par' dir='ltr' id='par_1_82' title="bbox 2243 2338 3831 2422">
     <span class='ocr_line' id='line_1_82' title="bbox 2243 2338 3831 2422; baseline 0.01 -31"><span class='ocrx_word' id='word_1_538' title='bbox 2243 2338 2395 2404; x_wconf 91' lang='lat' dir='ltr'><strong>alibi,</strong></span> <span class='ocrx_word' id='word_1_539' title='bbox 2425 2350 2739 2397; x_wconf 89' lang='lat' dir='ltr'><strong>sanctorum</strong></span> <span class='ocrx_word' id='word_1_540' title='bbox 2765 2346 3133 2415; x_wconf 86' lang='lat' dir='ltr'><strong>apostolorum</strong></span> <span class='ocrx_word' id='word_1_541' title='bbox 3155 2347 3398 2404; x_wconf 90' lang='lat' dir='ltr'><strong>Simonis</strong></span> <span class='ocrx_word' id='word_1_542' title='bbox 3424 2349 3745 2422; x_wconf 84' lang='lat' dir='ltr'><strong>Chananaei,</strong></span> <span class='ocrx_word' id='word_1_543' title='bbox 3779 2361 3831 2407; x_wconf 90' lang='lat' dir='ltr'><strong>et</strong></span> 
     </span>
    </p>
   </div>
   <div class='ocr_carea' id='block_1_83' title="bbox 2240 2430 3714 2514">
    <p class='ocr_par' dir='ltr' id='par_1_83' title="bbox 2240 2430 3714 2514">
     <span class='ocr_line' id='line_1_83' title="bbox 2240 2430 3714 2514; baseline 0.007 -27"><span class='ocrx_word' id='word_1_544' title='bbox 2240 2430 2396 2488; x_wconf 65' lang='lat' dir='ltr'><strong>Judaa</strong></span> <span class='ocrx_word' id='word_1_545' title='bbox 2425 2434 2652 2491; x_wconf 82' lang='lat' dir='ltr'><strong>Zelotis.</strong></span> <span class='ocrx_word' id='word_1_546' title='bbox 2680 2437 2984 2507; x_wconf 81' lang='lat' dir='ltr'><strong>Amaranti,</strong></span> <span class='ocrx_word' id='word_1_547' title='bbox 3018 2440 3228 2509; x_wconf 86' lang='lat' dir='ltr'><strong>Quinti,</strong></span> <span class='ocrx_word' id='word_1_548' title='bbox 3263 2450 3319 2498; x_wconf 87' lang='lat' dir='ltr'><strong>et</strong></span> <span class='ocrx_word' id='word_1_549' title='bbox 3346 2442 3509 2514; x_wconf 91' lang='lat' dir='ltr'><strong>Justi,</strong></span> <span class='ocrx_word' id='word_1_550' title='bbox 3536 2444 3714 2500; x_wconf 92' lang='lat' dir='ltr'><strong>Lucii.</strong></span> 
     </span>
    </p>
   </div>
   <div class='ocr_carea' id='block_1_84' title="bbox 2310 2526 3830 2608">
    <p class='ocr_par' dir='ltr' id='par_1_84' title="bbox 2310 2526 3830 2608">
     <span class='ocr_line' id='line_1_84' title="bbox 2310 2526 3830 2608; baseline 0.009 -28"><span class='ocrx_word' id='word_1_551' title='bbox 2310 2542 2363 2581; x_wconf 86' lang='lat' dir='ltr'><strong>tv</strong></span> <span class='ocrx_word' id='word_1_552' title='bbox 2392 2526 2498 2584; x_wconf 85' lang='lat' dir='ltr'><strong>kal.</strong></span> <span class='ocrx_word' id='word_1_553' title='bbox 2527 2528 2664 2585; x_wconf 91' lang='lat' dir='ltr'><strong>Nov.</strong></span> <span class='ocrx_word' id='word_1_554' title='bbox 2699 2530 2757 2586; x_wconf 90' lang='lat' dir='ltr'><strong>ln</strong></span> <span class='ocrx_word' id='word_1_555' title='bbox 2788 2532 3050 2601; x_wconf 90' lang='lat' dir='ltr'><strong>Lucania,</strong></span> <span class='ocrx_word' id='word_1_556' title='bbox 3083 2533 3422 2592; x_wconf 86' lang='lat' dir='ltr'><strong>Sacincti....</strong></span> <span class='ocrx_word' id='word_1_557' title='bbox 3446 2537 3651 2608; x_wconf 86' lang='lat' dir='ltr'><strong>Quinti,</strong></span> <span class='ocrx_word' id='word_1_558' title='bbox 3686 2538 3830 2594; x_wconf 85' lang='lat' dir='ltr'><strong>Feli-</strong></span> 
     </span>
    </p>
   </div>
   <div class='ocr_carea' id='block_1_85' title="bbox 2240 2617 3158 2698">
    <p class='ocr_par' dir='ltr' id='par_1_85' title="bbox 2240 2617 3158 2698">
     <span class='ocr_line' id='line_1_85' title="bbox 2240 2617 3158 2698; baseline 0.013 -27"><span class='ocrx_word' id='word_1_559' title='bbox 2240 2617 2437 2689; x_wconf 73' lang='lat' dir='ltr'><strong>ciante,</strong></span> <span class='ocrx_word' id='word_1_560' title='bbox 2469 2631 2521 2675; x_wconf 94' lang='lat' dir='ltr'><strong>et</strong></span> <span class='ocrx_word' id='word_1_561' title='bbox 2550 2620 2804 2678; x_wconf 82' lang='lat' dir='ltr'><strong>Lucianae</strong></span> <span class='ocrx_word' id='word_1_562' title='bbox 2834 2633 3158 2698; x_wconf 90' lang='lat' dir='ltr'><strong>martyrum.</strong></span> 
     </span>
    </p>
   </div>
   <div class='ocr_carea' id='block_1_86' title="bbox 2313 2710 3833 2792">
    <p class='ocr_par' dir='ltr' id='par_1_86' title="bbox 2313 2710 3833 2792">
     <span class='ocr_line' id='line_1_86' title="bbox 2313 2710 3833 2792; baseline 0.009 -27"><span class='ocrx_word' id='word_1_563' title='bbox 2313 2728 2370 2766; x_wconf 83' lang='lat' dir='ltr'><strong>Ill</strong></span> <span class='ocrx_word' id='word_1_564' title='bbox 2396 2710 2503 2767; x_wconf 87' lang='lat' dir='ltr'><strong>kal.</strong></span> <span class='ocrx_word' id='word_1_565' title='bbox 2536 2713 2674 2770; x_wconf 91' lang='lat' dir='ltr'><strong>Nov.</strong></span> <span class='ocrx_word' id='word_1_566' title='bbox 2707 2716 2763 2772; x_wconf 89' lang='lat' dir='ltr'><strong>In</strong></span> <span class='ocrx_word' id='word_1_567' title='bbox 2784 2716 3124 2787; x_wconf 89' lang='lat' dir='ltr'><strong>Nicomedia,</strong></span> <span class='ocrx_word' id='word_1_568' title='bbox 3153 2719 3426 2789; x_wconf 89' lang='lat' dir='ltr'><strong>Januarii,</strong></span> <span class='ocrx_word' id='word_1_569' title='bbox 3454 2722 3833 2792; x_wconf 85' lang='lat' dir='ltr'><strong>Calcndionis,</strong></span> 
     </span>
    </p>
   </div>
   <div class='ocr_carea' id='block_1_87' title="bbox 2241 2802 3837 2885">
    <p class='ocr_par' dir='ltr' id='par_1_87' title="bbox 2241 2802 3837 2885">
     <span class='ocr_line' id='line_1_87' title="bbox 2241 2802 3837 2885; baseline 0.011 -29"><span class='ocrx_word' id='word_1_570' title='bbox 2241 2802 2526 2873; x_wconf 85' lang='lat' dir='ltr'><strong>Martialis,</strong></span> <span class='ocrx_word' id='word_1_571' title='bbox 2566 2806 2851 2877; x_wconf 84' lang='lat' dir='ltr'><strong>Germani,</strong></span> <span class='ocrx_word' id='word_1_572' title='bbox 2900 2810 3093 2880; x_wconf 89' lang='lat' dir='ltr'><strong>Marci,</strong></span> <span class='ocrx_word' id='word_1_573' title='bbox 3132 2812 3449 2885; x_wconf 88' lang='lat' dir='ltr'><strong>Theophili,</strong></span> <span class='ocrx_word' id='word_1_574' title='bbox 3482 2816 3731 2873; x_wconf 86' lang='lat' dir='ltr'><strong>Eusebii.</strong></span> <span class='ocrx_word' id='word_1_575' title='bbox 3774 2820 3837 2874; x_wconf 84' lang='lat' dir='ltr'><strong>Et</strong></span> 
     </span>
    </p>
   </div>
   <div class='ocr_carea' id='block_1_88' title="bbox 2235 2895 3833 2985">
    <p class='ocr_par' dir='ltr' id='par_1_88' title="bbox 2235 2895 3833 2985">
     <span class='ocr_line' id='line_1_88' title="bbox 2235 2895 3833 2985; baseline 0.013 -36"><span class='ocrx_word' id='word_1_576' title='bbox 2235 2896 2291 2950; x_wconf 91' lang='lat' dir='ltr'><strong>in</strong></span> <span class='ocrx_word' id='word_1_577' title='bbox 2324 2895 2503 2953; x_wconf 78' lang='lat' dir='ltr'><strong>Africa</strong></span> <span class='ocrx_word' id='word_1_578' title='bbox 2523 2939 2537 2963; x_wconf 88' lang='lat'><strong>,</strong></span> <span class='ocrx_word' id='word_1_579' title='bbox 2566 2899 2755 2955; x_wconf 89' lang='lat' dir='ltr'><strong>Passio</strong></span> <span class='ocrx_word' id='word_1_580' title='bbox 2792 2912 3107 2960; x_wconf 88' lang='lat' dir='ltr'><strong>sanctorum</strong></span> <span class='ocrx_word' id='word_1_581' title='bbox 3138 2921 3372 2963; x_wconf 91' lang='lat' dir='ltr'><strong>numero</strong></span> <span class='ocrx_word' id='word_1_582' title='bbox 3399 2919 3623 2967; x_wconf 85' lang='lat' dir='ltr'><strong>centum</strong></span> <span class='ocrx_word' id='word_1_583' title='bbox 3646 2913 3833 2985; x_wconf 86' lang='lat' dir='ltr'><strong>viginti</strong></span> 
     </span>
    </p>
   </div>
   <div class='ocr_carea' id='block_1_89' title="bbox 2238 2993 3832 3073">
    <p class='ocr_par' dir='ltr' id='par_1_89' title="bbox 2238 2993 3832 3073">
     <span class='ocr_line' id='line_1_89' title="bbox 2238 2993 3832 3073; baseline 0.013 -32"><span class='ocrx_word' id='word_1_584' title='bbox 2238 3000 2559 3062; x_wconf 87' lang='lat' dir='ltr'><strong>martyrum.</strong></span> <span class='ocrx_word' id='word_1_585' title='bbox 2613 2993 2767 3061; x_wconf 86' lang='lat' dir='ltr'><strong>item,</strong></span> <span class='ocrx_word' id='word_1_586' title='bbox 2818 2995 3041 3062; x_wconf 84' lang='lat' dir='ltr'><strong>Felicis,</strong></span> <span class='ocrx_word' id='word_1_587' title='bbox 3088 2998 3299 3069; x_wconf 83' lang='lat' dir='ltr'><strong>Quinti,</strong></span> <span class='ocrx_word' id='word_1_588' title='bbox 3353 3001 3533 3072; x_wconf 69' lang='lat' dir='ltr'><strong>Lucae,</strong></span> <span class='ocrx_word' id='word_1_589' title='bbox 3589 3004 3832 3073; x_wconf 88' lang='lat' dir='ltr'><strong>Luciani,</strong></span> 
     </span>
    </p>
   </div>
   <div class='ocr_carea' id='block_1_90' title="bbox 2234 3080 3834 3165">
    <p class='ocr_par' dir='ltr' id='par_1_90' title="bbox 2234 3080 3834 3165">
     <span class='ocr_line' id='line_1_90' title="bbox 2234 3080 3834 3165; baseline 0.013 -32"><span class='ocrx_word' id='word_1_590' title='bbox 2234 3080 2488 3150; x_wconf 90' lang='lat' dir='ltr'><strong>Victoris,</strong></span> <span class='ocrx_word' id='word_1_591' title='bbox 2521 3083 2729 3150; x_wconf 85' lang='lat' dir='ltr'><strong>Vitalis,</strong></span> <span class='ocrx_word' id='word_1_592' title='bbox 2764 3087 2985 3156; x_wconf 90' lang='lat' dir='ltr'><strong>Donati,</strong></span> <span class='ocrx_word' id='word_1_593' title='bbox 3016 3090 3199 3158; x_wconf 91' lang='lat' dir='ltr'><strong>Petri,</strong></span> <span class='ocrx_word' id='word_1_594' title='bbox 3236 3092 3413 3162; x_wconf 89' lang='lat' dir='ltr'><strong>Marii,</strong></span> <span class='ocrx_word' id='word_1_595' title='bbox 3448 3094 3717 3165; x_wconf 88' lang='lat' dir='ltr'><strong>Januarii,</strong></span> <span class='ocrx_word' id='word_1_596' title='bbox 3750 3099 3834 3154; x_wconf 88' lang='lat' dir='ltr'><strong>Fi-</strong></span> 
     </span>
    </p>
   </div>
   <div class='ocr_carea' id='block_1_91' title="bbox 2233 3172 3831 3255">
    <p class='ocr_par' dir='ltr' id='par_1_91' title="bbox 2233 3172 3831 3255">
     <span class='ocr_line' id='line_1_91' title="bbox 2233 3172 3831 3255; baseline 0.013 -27"><span class='ocrx_word' id='word_1_597' title='bbox 2233 3172 2351 3241; x_wconf 83' lang='lat' dir='ltr'><strong>riae,</strong></span> <span class='ocrx_word' id='word_1_598' title='bbox 2382 3175 2677 3245; x_wconf 87' lang='lat' dir='ltr'><strong>Hermetis,</strong></span> <span class='ocrx_word' id='word_1_599' title='bbox 2710 3178 2934 3247; x_wconf 92' lang='lat' dir='ltr'><strong>Urbani,</strong></span> <span class='ocrx_word' id='word_1_600' title='bbox 2969 3183 3145 3238; x_wconf 85' lang='lat' dir='ltr'><strong>Attiti.</strong></span> <span class='ocrx_word' id='word_1_601' title='bbox 3181 3185 3247 3239; x_wconf 88' lang='lat' dir='ltr'><strong>Et</strong></span> <span class='ocrx_word' id='word_1_602' title='bbox 3276 3186 3456 3255; x_wconf 86' lang='lat' dir='ltr'><strong>passio</strong></span> <span class='ocrx_word' id='word_1_603' title='bbox 3485 3190 3661 3245; x_wconf 87' lang='lat' dir='ltr'><strong>sancti</strong></span> <span class='ocrx_word' id='word_1_604' title='bbox 3689 3191 3831 3247; x_wconf 89' lang='lat' dir='ltr'><strong>Feli-</strong></span> 
     </span>
    </p>
   </div>
   <div class='ocr_carea' id='block_1_92' title="bbox 2233 3270 3833 3350">
    <p class='ocr_par' dir='ltr' id='par_1_92' title="bbox 2233 3270 3833 3350">
     <span class='ocr_line' id='line_1_92' title="bbox 2233 3270 3833 3350; baseline 0.011 -29"><span class='ocrx_word' id='word_1_605' title='bbox 2233 3270 2378 3323; x_wconf 91' lang='lat' dir='ltr'><strong>ciani</strong></span> <span class='ocrx_word' id='word_1_606' title='bbox 2410 3283 2533 3325; x_wconf 91' lang='lat' dir='ltr'><strong>cum</strong></span> <span class='ocrx_word' id='word_1_607' title='bbox 2572 3272 2738 3328; x_wconf 89' lang='lat' dir='ltr'><strong>sociis</strong></span> <span class='ocrx_word' id='word_1_608' title='bbox 2780 3274 2911 3329; x_wconf 89' lang='lat' dir='ltr'><strong>suis.</strong></span> <span class='ocrx_word' id='word_1_609' title='bbox 2947 3274 3004 3330; x_wconf 88' lang='lat' dir='ltr'><strong>In</strong></span> <span class='ocrx_word' id='word_1_610' title='bbox 3048 3276 3358 3349; x_wconf 84' lang='lat' dir='ltr'><strong>Antiochia,</strong></span> <span class='ocrx_word' id='word_1_611' title='bbox 3390 3278 3659 3350; x_wconf 89' lang='lat' dir='ltr'><strong>Januarii,</strong></span> <span class='ocrx_word' id='word_1_612' title='bbox 3694 3282 3833 3339; x_wconf 82' lang='lat' dir='ltr'><strong>Mar-</strong></span> 
     </span>
    </p>
   </div>
   <div class='ocr_carea' id='block_1_93' title="bbox 2232 3362 3827 3445">
    <p class='ocr_par' dir='ltr' id='par_1_93' title="bbox 2232 3362 3827 3445">
     <span class='ocr_line' id='line_1_93' title="bbox 2232 3362 3827 3445; baseline 0.01 -30"><span class='ocrx_word' id='word_1_613' title='bbox 2232 3362 2387 3429; x_wconf 88' lang='lat' dir='ltr'><strong>tiani,</strong></span> <span class='ocrx_word' id='word_1_614' title='bbox 2440 3362 2671 3432; x_wconf 88' lang='lat' dir='ltr'><strong>Nazarii,</strong></span> <span class='ocrx_word' id='word_1_615' title='bbox 2729 3365 2994 3431; x_wconf 89' lang='lat' dir='ltr'><strong>Gervasii,</strong></span> <span class='ocrx_word' id='word_1_616' title='bbox 3044 3368 3303 3437; x_wconf 89' lang='lat' dir='ltr'><strong>Protasii,</strong></span> <span class='ocrx_word' id='word_1_617' title='bbox 3356 3382 3411 3427; x_wconf 90' lang='lat' dir='ltr'><strong>et</strong></span> <span class='ocrx_word' id='word_1_618' title='bbox 3453 3372 3606 3431; x_wconf 87' lang='lat' dir='ltr'><strong>Celsi</strong></span> <span class='ocrx_word' id='word_1_619' title='bbox 3647 3375 3827 3445; x_wconf 89' lang='lat' dir='ltr'><strong>pueri.</strong></span> 
     </span>
    </p>
   </div>
   <div class='ocr_carea' id='block_1_94' title="bbox 2230 3454 3828 3542">
    <p class='ocr_par' dir='ltr' id='par_1_94' title="bbox 2230 3454 3828 3542">
     <span class='ocr_line' id='line_1_94' title="bbox 2230 3454 3828 3542; baseline 0.01 -34"><span class='ocrx_word' id='word_1_620' title='bbox 2230 3454 2435 3511; x_wconf 75' lang='lat' dir='ltr'><strong>Tolosa:</strong></span> <span class='ocrx_word' id='word_1_621' title='bbox 2464 3459 2737 3513; x_wconf 83' lang='lat' dir='ltr'><strong>translatio</strong></span> <span class='ocrx_word' id='word_1_622' title='bbox 2770 3462 3005 3533; x_wconf 84' lang='lat' dir='ltr'><strong>corporis</strong></span> <span class='ocrx_word' id='word_1_623' title='bbox 3044 3465 3212 3519; x_wconf 85' lang='lat' dir='ltr'><strong>sancti</strong></span> <span class='ocrx_word' id='word_1_624' title='bbox 3250 3464 3553 3535; x_wconf 83' lang='lat' dir='ltr'><strong>Saturnini,</strong></span> <span class='ocrx_word' id='word_1_625' title='bbox 3592 3470 3828 3542; x_wconf 80' lang='lat' dir='ltr'><strong>episwpi</strong></span> 
     </span>
    </p>
   </div>
   <div class='ocr_carea' id='block_1_95' title="bbox 2229 3550 2570 3620">
    <p class='ocr_par' dir='ltr' id='par_1_95' title="bbox 2229 3550 2570 3620">
     <span class='ocr_line' id='line_1_95' title="bbox 2229 3550 2570 3620; baseline 0.009 -19"><span class='ocrx_word' id='word_1_626' title='bbox 2229 3557 2276 3601; x_wconf 82' lang='lat' dir='ltr'><strong>et</strong></span> <span class='ocrx_word' id='word_1_627' title='bbox 2307 3550 2570 3620; x_wconf 78' lang='lat' dir='ltr'><strong>martyris.</strong></span> 
     </span>
    </p>
   </div>
   <div class='ocr_carea' id='block_1_96' title="bbox 2303 3639 3832 3721">
    <p class='ocr_par' dir='ltr' id='par_1_96' title="bbox 2303 3639 3832 3721">
     <span class='ocr_line' id='line_1_96' title="bbox 2303 3639 3832 3721; baseline 0.012 -28"><span class='ocrx_word' id='word_1_628' title='bbox 2303 3639 2486 3696; x_wconf 83' lang='lat' dir='ltr'><strong>Pridie</strong></span> <span class='ocrx_word' id='word_1_629' title='bbox 2515 3642 2621 3697; x_wconf 92' lang='lat' dir='ltr'><strong>kal.</strong></span> <span class='ocrx_word' id='word_1_630' title='bbox 2654 3643 2793 3699; x_wconf 84' lang='lat' dir='ltr'><strong>Nov.</strong></span> <span class='ocrx_word' id='word_1_631' title='bbox 2825 3643 2886 3701; x_wconf 88' lang='lat' dir='ltr'><strong>in</strong></span> <span class='ocrx_word' id='word_1_632' title='bbox 2916 3645 3123 3718; x_wconf 83' lang='lat' dir='ltr'><strong>Africa,</strong></span> <span class='ocrx_word' id='word_1_633' title='bbox 3155 3648 3415 3719; x_wconf 92' lang='lat' dir='ltr'><strong>Clacovii,</strong></span> <span class='ocrx_word' id='word_1_634' title='bbox 3442 3651 3659 3721; x_wconf 91' lang='lat' dir='ltr'><strong>Juliani,</strong></span> <span class='ocrx_word' id='word_1_635' title='bbox 3693 3654 3832 3711; x_wconf 85' lang='lat' dir='ltr'><strong>For-</strong></span> 
     </span>
    </p>
   </div>
   <div class='ocr_carea' id='block_1_97' title="bbox 2231 3735 3827 3815">
    <p class='ocr_par' dir='ltr' id='par_1_97' title="bbox 2231 3735 3827 3815">
     <span class='ocr_line' id='line_1_97' title="bbox 2231 3735 3827 3815; baseline 0.009 -26"><span class='ocrx_word' id='word_1_636' title='bbox 2231 3735 2422 3801; x_wconf 90' lang='lat' dir='ltr'><strong>tunati,</strong></span> <span class='ocrx_word' id='word_1_637' title='bbox 2475 3735 2705 3809; x_wconf 85' lang='lat' dir='ltr'><strong>Silvani,</strong></span> <span class='ocrx_word' id='word_1_638' title='bbox 2759 3739 3131 3813; x_wconf 86' lang='lat' dir='ltr'><strong>Calendionis,</strong></span> <span class='ocrx_word' id='word_1_639' title='bbox 3179 3743 3491 3813; x_wconf 69' lang='lat' dir='ltr'><strong>Bonifacim,</strong></span> <span class='ocrx_word' id='word_1_640' title='bbox 3530 3746 3827 3815; x_wconf 61' lang='grc' dir='ltr'><strong>(ἔλειξεν...</strong></span> 
     </span>
    </p>
   </div>
   <div class='ocr_carea' id='block_1_98' title="bbox 2226 3828 3825 3907">
    <p class='ocr_par' dir='ltr' id='par_1_98' title="bbox 2226 3828 3825 3907">
     <span class='ocr_line' id='line_1_98' title="bbox 2226 3828 3825 3907; baseline 0.009 -24"><span class='ocrx_word' id='word_1_641' title='bbox 2226 3828 2468 3892; x_wconf 82' lang='lat' dir='ltr'><strong>Gallicae,</strong></span> <span class='ocrx_word' id='word_1_642' title='bbox 2519 3829 2711 3902; x_wconf 83' lang='lat' dir='ltr'><strong>Agapi,</strong></span> <span class='ocrx_word' id='word_1_643' title='bbox 2748 3831 3021 3901; x_wconf 83' lang='lat' dir='ltr'><strong>Victuriac,</strong></span> <span class='ocrx_word' id='word_1_644' title='bbox 3060 3833 3280 3901; x_wconf 90' lang='lat' dir='ltr'><strong>Felicis,</strong></span> <span class='ocrx_word' id='word_1_645' title='bbox 3331 3835 3565 3905; x_wconf 92' lang='lat' dir='ltr'><strong>Simoni,</strong></span> <span class='ocrx_word' id='word_1_646' title='bbox 3612 3839 3825 3907; x_wconf 88' lang='lat' dir='ltr'><strong>Donati,</strong></span> 
     </span>
    </p>
   </div>
   <div class='ocr_carea' id='block_1_99' title="bbox 2226 3909 3820 4002">
    <p class='ocr_par' dir='ltr' id='par_1_99' title="bbox 2226 3909 3820 4002">
     <span class='ocr_line' id='line_1_99' title="bbox 2226 3909 3820 4002; baseline 0.009 -29"><span class='ocrx_word' id='word_1_647' title='bbox 2226 3909 2558 3989; x_wconf 72' lang='lat' dir='ltr'><strong>Rusticiani,</strong></span> <span class='ocrx_word' id='word_1_648' title='bbox 2613 3921 2930 3989; x_wconf 86' lang='lat' dir='ltr'><strong>Fortunati,</strong></span> <span class='ocrx_word' id='word_1_649' title='bbox 2988 3925 3249 3995; x_wconf 81' lang='lat' dir='ltr'><strong>Romani,</strong></span> <span class='ocrx_word' id='word_1_650' title='bbox 3298 3927 3542 3997; x_wconf 91' lang='lat' dir='ltr'><strong>Silvani,</strong></span> <span class='ocrx_word' id='word_1_651' title='bbox 3599 3930 3820 4002; x_wconf 89' lang='lat' dir='ltr'><strong>Mimmi,</strong></span> 
     </span>
    </p>
   </div>
   <div class='ocr_carea' id='block_1_100' title="bbox 2223 4012 3822 4094">
    <p class='ocr_par' dir='ltr' id='par_1_100' title="bbox 2223 4012 3822 4094">
     <span class='ocr_line' id='line_1_100' title="bbox 2223 4012 3822 4094; baseline 0.006 -25"><span class='ocrx_word' id='word_1_652' title='bbox 2223 4012 2488 4084; x_wconf 83' lang='lat' dir='ltr'><strong>Augeiali,</strong></span> <span class='ocrx_word' id='word_1_653' title='bbox 2534 4014 2788 4081; x_wconf 89' lang='lat' dir='ltr'><strong>Nuncini,</strong></span> <span class='ocrx_word' id='word_1_654' title='bbox 2836 4016 3181 4085; x_wconf 86' lang='lat' dir='ltr'><strong>Felicissimi,</strong></span> <span class='ocrx_word' id='word_1_655' title='bbox 3238 4028 3294 4075; x_wconf 88' lang='lat' dir='ltr'><strong>et</strong></span> <span class='ocrx_word' id='word_1_656' title='bbox 3356 4020 3589 4076; x_wconf 89' lang='lat' dir='ltr'><strong>aliorum</strong></span> <span class='ocrx_word' id='word_1_657' title='bbox 3632 4023 3822 4094; x_wconf 89' lang='lat' dir='ltr'><strong>viginti</strong></span> 
     </span>
    </p>
   </div>
   <div class='ocr_carea' id='block_1_101' title="bbox 2224 4107 3821 4184">
    <p class='ocr_par' dir='ltr' id='par_1_101' title="bbox 2224 4107 3821 4184">
     <span class='ocr_line' id='line_1_101' title="bbox 2224 4107 3821 4184; baseline 0.008 -23"><span class='ocrx_word' id='word_1_658' title='bbox 2224 4122 2442 4172; x_wconf 89' lang='lat' dir='ltr'><strong>novem,</strong></span> <span class='ocrx_word' id='word_1_659' title='bbox 2472 4107 2693 4177; x_wconf 89' lang='lat' dir='ltr'><strong>Valerii,</strong></span> <span class='ocrx_word' id='word_1_660' title='bbox 2745 4110 3016 4166; x_wconf 91' lang='lat' dir='ltr'><strong>Vincenti.</strong></span> <span class='ocrx_word' id='word_1_661' title='bbox 3052 4111 3110 4167; x_wconf 87' lang='lat' dir='ltr'><strong>In</strong></span> <span class='ocrx_word' id='word_1_662' title='bbox 3156 4113 3437 4184; x_wconf 86' lang='lat' dir='ltr'><strong>Hispania,</strong></span> <span class='ocrx_word' id='word_1_663' title='bbox 3466 4114 3729 4175; x_wconf 79' lang='lat' dir='ltr'><strong>Januarii.</strong></span> <span class='ocrx_word' id='word_1_664' title='bbox 3764 4118 3821 4173; x_wconf 88' lang='lat' dir='ltr'><strong>lu</strong></span> 
     </span>
    </p>
   </div>
   <div class='ocr_carea' id='block_1_102' title="bbox 2222 4200 3824 4282">
    <p class='ocr_par' dir='ltr' id='par_1_102' title="bbox 2222 4200 3824 4282">
     <span class='ocr_line' id='line_1_102' title="bbox 2222 4200 3824 4282; baseline 0.011 -28"><span class='ocrx_word' id='word_1_665' title='bbox 2222 4200 2561 4271; x_wconf 89' lang='lat' dir='ltr'><strong>Macedonia,</strong></span> <span class='ocrx_word' id='word_1_666' title='bbox 2598 4204 2810 4261; x_wconf 89' lang='lat' dir='ltr'><strong>Vitalis.</strong></span> <span class='ocrx_word' id='word_1_667' title='bbox 2854 4206 3023 4278; x_wconf 88' lang='lat' dir='ltr'><strong>Petri,</strong></span> <span class='ocrx_word' id='word_1_668' title='bbox 3056 4208 3361 4282; x_wconf 86' lang='lat' dir='ltr'><strong>Crescenti,</strong></span> <span class='ocrx_word' id='word_1_669' title='bbox 3406 4212 3666 4281; x_wconf 84' lang='lat' dir='ltr'><strong>Alterini,</strong></span> <span class='ocrx_word' id='word_1_670' title='bbox 3702 4215 3824 4271; x_wconf 81' lang='lat' dir='ltr'><strong>Vic-</strong></span> 
     </span>
    </p>
   </div>
   <div class='ocr_carea' id='block_1_103' title="bbox 2221 4293 3823 4370">
    <p class='ocr_par' dir='ltr' id='par_1_103' title="bbox 2221 4293 3823 4370">
     <span class='ocr_line' id='line_1_103' title="bbox 2221 4293 3823 4370; baseline 0.009 -24"><span class='ocrx_word' id='word_1_671' title='bbox 2221 4293 2406 4349; x_wconf 91' lang='lat' dir='ltr'><strong>torini.</strong></span> <span class='ocrx_word' id='word_1_672' title='bbox 2442 4293 2574 4349; x_wconf 89' lang='lat' dir='ltr'><strong>Item</strong></span> <span class='ocrx_word' id='word_1_673' title='bbox 2604 4295 2775 4364; x_wconf 91' lang='lat' dir='ltr'><strong>Petri,</strong></span> <span class='ocrx_word' id='word_1_674' title='bbox 2809 4296 3018 4365; x_wconf 87' lang='lat' dir='ltr'><strong>Mar...,</strong></span> <span class='ocrx_word' id='word_1_675' title='bbox 3044 4299 3356 4370; x_wconf 81' lang='lat' dir='ltr'><strong>Mammari,</strong></span> <span class='ocrx_word' id='word_1_676' title='bbox 3386 4302 3691 4370; x_wconf 88' lang='lat' dir='ltr'><strong>Saturnini,</strong></span> <span class='ocrx_word' id='word_1_677' title='bbox 3732 4305 3823 4360; x_wconf 81' lang='lat' dir='ltr'><strong>Vi-</strong></span> 
     </span>
    </p>
   </div>
   <div class='ocr_carea' id='block_1_104' title="bbox 2219 4387 3819 4467">
    <p class='ocr_par' dir='ltr' id='par_1_104' title="bbox 2219 4387 3819 4467">
     <span class='ocr_line' id='line_1_104' title="bbox 2219 4387 3819 4467; baseline 0.008 -26"><span class='ocrx_word' id='word_1_678' title='bbox 2219 4388 2452 4455; x_wconf 83' lang='lat' dir='ltr'><strong>gilantii,</strong></span> <span class='ocrx_word' id='word_1_679' title='bbox 2499 4387 2758 4445; x_wconf 87' lang='lat' dir='ltr'><strong>Nuncini.</strong></span> <span class='ocrx_word' id='word_1_680' title='bbox 2803 4389 3045 4462; x_wconf 78' lang='lat' dir='ltr'><strong>Magnili.</strong></span> <span class='ocrx_word' id='word_1_681' title='bbox 3085 4393 3143 4448; x_wconf 85' lang='lat' dir='ltr'><strong>In</strong></span> <span class='ocrx_word' id='word_1_682' title='bbox 3181 4393 3517 4467; x_wconf 79' lang='lat' dir='ltr'><strong>Nicomedia,</strong></span> <span class='ocrx_word' id='word_1_683' title='bbox 3562 4396 3819 4467; x_wconf 85' lang='lat' dir='ltr'><strong>Philippi,</strong></span> 
     </span>
    </p>
   </div>
   <div class='ocr_carea' id='block_1_105' title="bbox 2220 4478 3819 4558">
    <p class='ocr_par' dir='ltr' id='par_1_105' title="bbox 2220 4478 3819 4558">
     <span class='ocr_line' id='line_1_105' title="bbox 2220 4478 3819 4558; baseline 0.006 -25"><span class='ocrx_word' id='word_1_684' title='bbox 2220 4486 2275 4533; x_wconf 91' lang='lat' dir='ltr'><strong>et</strong></span> <span class='ocrx_word' id='word_1_685' title='bbox 2305 4478 2673 4537; x_wconf 89' lang='lat' dir='ltr'><strong>Calendionis.</strong></span> <span class='ocrx_word' id='word_1_686' title='bbox 2717 4481 2965 4555; x_wconf 85' lang='lat' dir='ltr'><strong>Augusta</strong></span> <span class='ocrx_word' id='word_1_687' title='bbox 3001 4483 3457 4542; x_wconf 88' lang='lat' dir='ltr'><strong>Viromandorum</strong></span> <span class='ocrx_word' id='word_1_688' title='bbox 3500 4488 3553 4543; x_wconf 90' lang='lat' dir='ltr'><strong>in</strong></span> <span class='ocrx_word' id='word_1_689' title='bbox 3595 4486 3774 4544; x_wconf 88' lang='lat' dir='ltr'><strong>Gallia</strong></span> <span class='ocrx_word' id='word_1_690' title='bbox 3801 4530 3819 4558; x_wconf 93' lang='lat'><strong>,</strong></span> 
     </span>
    </p>
   </div>
   <div class='ocr_carea' id='block_1_106' title="bbox 2220 4572 2701 4641">
    <p class='ocr_par' dir='ltr' id='par_1_106' title="bbox 2220 4572 2701 4641">
     <span class='ocr_line' id='line_1_106' title="bbox 2220 4572 2701 4641; baseline 0.004 -13"><span class='ocrx_word' id='word_1_691' title='bbox 2220 4572 2393 4628; x_wconf 85' lang='lat' dir='ltr'><strong>sancti</strong></span> <span class='ocrx_word' id='word_1_692' title='bbox 2436 4572 2701 4641; x_wconf 89' lang='lat' dir='ltr'><strong>Quintini.</strong></span> 
     </span>
    </p>
   </div>
   <div class='ocr_carea' id='block_1_107' title="bbox 2692 4667 3384 4729">
    <p class='ocr_par' dir='ltr' id='par_1_107' title="bbox 2692 4667 3384 4729">
     <span class='ocr_line' id='line_1_107' title="bbox 2692 4667 3384 4729; baseline 0.006 -6"><span class='ocrx_word' id='word_1_693' title='bbox 2692 4667 2945 4727; x_wconf 86' lang='lat' dir='ltr'><strong>MENSIS</strong></span> <span class='ocrx_word' id='word_1_694' title='bbox 2982 4669 3384 4729; x_wconf 82' lang='lat' dir='ltr'><strong>NOVEMBER.</strong></span> 
     </span>
    </p>
   </div>
   <div class='ocr_carea' id='block_1_108' title="bbox 2768 4760 3271 4819">
    <p class='ocr_par' dir='ltr' id='par_1_108' title="bbox 2768 4760 3271 4819">
     <span class='ocr_line' id='line_1_108' title="bbox 2768 4760 3271 4819; baseline 0.012 -6"><span class='ocrx_word' id='word_1_695' title='bbox 2768 4760 2941 4817; x_wconf 78' lang='lat' dir='ltr'><strong>liabet</strong></span> <span class='ocrx_word' id='word_1_696' title='bbox 2969 4762 3086 4818; x_wconf 89' lang='lat' dir='ltr'><strong>dies</strong></span> <span class='ocrx_word' id='word_1_697' title='bbox 3139 4779 3271 4819; x_wconf 80' lang='lat' dir='ltr'><strong>xxx.</strong></span> 
     </span>
    </p>
   </div>
   <div class='ocr_carea' id='block_1_109' title="bbox 2291 4847 3821 4917">
    <p class='ocr_par' dir='ltr' id='par_1_109' title="bbox 2291 4847 3821 4917">
     <span class='ocr_line' id='line_1_109' title="bbox 2291 4847 3821 4917; baseline 0.01 -15"><span class='ocrx_word' id='word_1_698' title='bbox 2291 4847 2417 4905; x_wconf 73' lang='lat' dir='ltr'><strong>Ral.</strong></span> <span class='ocrx_word' id='word_1_699' title='bbox 2468 4849 2718 4909; x_wconf 87' lang='lat' dir='ltr'><strong>Novemb.</strong></span> <span class='ocrx_word' id='word_1_700' title='bbox 2752 4851 2963 4908; x_wconf 87' lang='lat' dir='ltr'><strong>Litania</strong></span> <span class='ocrx_word' id='word_1_701' title='bbox 3010 4855 3324 4912; x_wconf 89' lang='lat' dir='ltr'><strong>indicenda.</strong></span> <span class='ocrx_word' id='word_1_702' title='bbox 3369 4858 3657 4916; x_wconf 85' lang='lat' dir='ltr'><strong>Festivitas</strong></span> <span class='ocrx_word' id='word_1_703' title='bbox 3706 4879 3821 4917; x_wconf 88' lang='lat' dir='ltr'><strong>om-</strong></span> 
     </span>
    </p>
   </div>
   <div class='ocr_carea' id='block_1_110' title="bbox 2220 4941 3814 5024">
    <p class='ocr_par' dir='ltr' id='par_1_110' title="bbox 2220 4941 3814 5024">
     <span class='ocr_line' id='line_1_110' title="bbox 2220 4941 3814 5024; baseline 0.01 -30"><span class='ocrx_word' id='word_1_704' title='bbox 2220 4941 2365 4995; x_wconf 87' lang='lat' dir='ltr'><strong>nium</strong></span> <span class='ocrx_word' id='word_1_705' title='bbox 2385 4951 2700 4998; x_wconf 85' lang='lat' dir='ltr'><strong>sanctorum.</strong></span> <span class='ocrx_word' id='word_1_706' title='bbox 2728 4944 2896 5013; x_wconf 82' lang='lat' dir='ltr'><strong>Petri,</strong></span> <span class='ocrx_word' id='word_1_707' title='bbox 2926 4947 3256 5017; x_wconf 87' lang='lat' dir='ltr'><strong>Mammerti,</strong></span> <span class='ocrx_word' id='word_1_708' title='bbox 3286 4950 3587 5021; x_wconf 88' lang='lat' dir='ltr'><strong>Saturnini,</strong></span> <span class='ocrx_word' id='word_1_709' title='bbox 3613 4953 3814 5024; x_wconf 87' lang='lat' dir='ltr'><strong>Magni.</strong></span> 
     </span>
    </p>
   </div>
   <div class='ocr_carea' id='block_1_111' title="bbox 2222 5033 3816 5111">
    <p class='ocr_par' dir='ltr' id='par_1_111' title="bbox 2222 5033 3816 5111">
     <span class='ocr_line' id='line_1_111' title="bbox 2222 5033 3816 5111; baseline 0.009 -24"><span class='ocrx_word' id='word_1_710' title='bbox 2222 5033 2286 5088; x_wconf 89' lang='lat' dir='ltr'><strong>Et</strong></span> <span class='ocrx_word' id='word_1_711' title='bbox 2328 5036 2508 5105; x_wconf 91' lang='lat' dir='ltr'><strong>passio</strong></span> <span class='ocrx_word' id='word_1_712' title='bbox 2542 5038 2817 5093; x_wconf 88' lang='lat' dir='ltr'><strong>Eustachii</strong></span> <span class='ocrx_word' id='word_1_713' title='bbox 2855 5041 3112 5111; x_wconf 87' lang='lat' dir='ltr'><strong>martyris</strong></span> <span class='ocrx_word' id='word_1_714' title='bbox 3141 5056 3262 5097; x_wconf 91' lang='lat' dir='ltr'><strong>cum</strong></span> <span class='ocrx_word' id='word_1_715' title='bbox 3296 5057 3466 5098; x_wconf 88' lang='lat' dir='ltr'><strong>uxore</strong></span> <span class='ocrx_word' id='word_1_716' title='bbox 3490 5054 3546 5100; x_wconf 91' lang='lat' dir='ltr'><strong>et</strong></span> <span class='ocrx_word' id='word_1_717' title='bbox 3571 5044 3720 5100; x_wconf 73' lang='lat' dir='ltr'><strong>(iliis.</strong></span> <span class='ocrx_word' id='word_1_718' title='bbox 3754 5046 3816 5103; x_wconf 86' lang='lat' dir='ltr'><strong>In</strong></span> 
     </span>
    </p>
   </div>
   <div class='ocr_carea' id='block_1_112' title="bbox 2218 5127 3819 5200">
    <p class='ocr_par' dir='ltr' id='par_1_112' title="bbox 2218 5127 3819 5200">
     <span class='ocr_line' id='line_1_112' title="bbox 2218 5127 3819 5200; baseline 0.007 -19"><span class='ocrx_word' id='word_1_719' title='bbox 2218 5127 2551 5197; x_wconf 87' lang='lat' dir='ltr'><strong>Macedonia,</strong></span> <span class='ocrx_word' id='word_1_720' title='bbox 2582 5130 2797 5198; x_wconf 88' lang='lat' dir='ltr'><strong>Basilis,</strong></span> <span class='ocrx_word' id='word_1_721' title='bbox 2823 5131 3036 5200; x_wconf 89' lang='lat' dir='ltr'><strong>Jacobi,</strong></span> <span class='ocrx_word' id='word_1_722' title='bbox 3080 5142 3136 5190; x_wconf 90' lang='lat' dir='ltr'><strong>et</strong></span> <span class='ocrx_word' id='word_1_723' title='bbox 3176 5134 3350 5190; x_wconf 89' lang='lat' dir='ltr'><strong>sancti</strong></span> <span class='ocrx_word' id='word_1_724' title='bbox 3388 5135 3611 5192; x_wconf 90' lang='lat' dir='ltr'><strong>Joannis</strong></span> <span class='ocrx_word' id='word_1_725' title='bbox 3645 5152 3819 5193; x_wconf 88' lang='lat' dir='ltr'><strong>evan-</strong></span> 
     </span>
    </p>
   </div>
   <div class='ocr_carea' id='block_1_113' title="bbox 2217 5219 3814 5298">
    <p class='ocr_par' dir='ltr' id='par_1_113' title="bbox 2217 5219 3814 5298">
     <span class='ocr_line' id='line_1_113' title="bbox 2217 5219 3814 5298; baseline 0.008 -26"><span class='ocrx_word' id='word_1_726' title='bbox 2217 5219 2448 5288; x_wconf 86' lang='lat' dir='ltr'><strong>gciistae.</strong></span> <span class='ocrx_word' id='word_1_727' title='bbox 2486 5219 2545 5273; x_wconf 92' lang='lat' dir='ltr'><strong>ln</strong></span> <span class='ocrx_word' id='word_1_728' title='bbox 2577 5220 2892 5290; x_wconf 89' lang='lat' dir='ltr'><strong>Terracina,</strong></span> <span class='ocrx_word' id='word_1_729' title='bbox 2923 5223 3121 5280; x_wconf 89' lang='lat' dir='ltr'><strong>natalis</strong></span> <span class='ocrx_word' id='word_1_730' title='bbox 3150 5234 3457 5282; x_wconf 87' lang='lat' dir='ltr'><strong>sanctorum</strong></span> <span class='ocrx_word' id='word_1_731' title='bbox 3486 5224 3814 5298; x_wconf 85' lang='lat' dir='ltr'><strong>Meldegasi,</strong></span> 
     </span>
    </p>
   </div>
   <div class='ocr_carea' id='block_1_114' title="bbox 2215 5311 3815 5387">
    <p class='ocr_par' dir='ltr' id='par_1_114' title="bbox 2215 5311 3815 5387">
     <span class='ocr_line' id='line_1_114' title="bbox 2215 5311 3815 5387; baseline 0.005 -20"><span class='ocrx_word' id='word_1_732' title='bbox 2215 5311 2436 5378; x_wconf 87' lang='lat' dir='ltr'><strong>Juliani,</strong></span> <span class='ocrx_word' id='word_1_733' title='bbox 2470 5313 2722 5383; x_wconf 87' lang='lat' dir='ltr'><strong>Victoris,</strong></span> <span class='ocrx_word' id='word_1_734' title='bbox 2764 5314 2983 5384; x_wconf 86' lang='lat' dir='ltr'><strong>Felicis,</strong></span> <span class='ocrx_word' id='word_1_735' title='bbox 3029 5316 3166 5386; x_wconf 91' lang='lat' dir='ltr'><strong>Sati,</strong></span> <span class='ocrx_word' id='word_1_736' title='bbox 3202 5318 3613 5387; x_wconf 89' lang='lat' dir='ltr'><strong>Perseveranti,</strong></span> <span class='ocrx_word' id='word_1_737' title='bbox 3646 5318 3815 5375; x_wconf 90' lang='lat' dir='ltr'><strong>Octa-</strong></span> 
     </span>
    </p>
   </div>
   <div class='ocr_carea' id='block_1_115' title="bbox 2221 5401 3810 5478">
    <p class='ocr_par' dir='ltr' id='par_1_115' title="bbox 2221 5401 3810 5478">
     <span class='ocr_line' id='line_1_115' title="bbox 2221 5401 3810 5478; baseline 0.006 -21"><span class='ocrx_word' id='word_1_738' title='bbox 2221 5403 2347 5469; x_wconf 76' lang='lat' dir='ltr'><strong>vize,</strong></span> <span class='ocrx_word' id='word_1_739' title='bbox 2385 5401 2608 5471; x_wconf 85' lang='lat' dir='ltr'><strong>Cessiae,</strong></span> <span class='ocrx_word' id='word_1_740' title='bbox 2654 5404 2879 5475; x_wconf 85' lang='lat' dir='ltr'><strong>Eristei,</strong></span> <span class='ocrx_word' id='word_1_741' title='bbox 2929 5407 3243 5474; x_wconf 91' lang='lat' dir='ltr'><strong>Saturnini,</strong></span> <span class='ocrx_word' id='word_1_742' title='bbox 3279 5406 3570 5478; x_wconf 91' lang='lat' dir='ltr'><strong>Simplicii,</strong></span> <span class='ocrx_word' id='word_1_743' title='bbox 3613 5407 3810 5476; x_wconf 84' lang='lat' dir='ltr'><strong>Primi,</strong></span> 
     </span>
    </p>
   </div>
   <div class='ocr_carea' id='block_1_116' title="bbox 2214 5494 3813 5568">
    <p class='ocr_par' dir='ltr' id='par_1_116' title="bbox 2214 5494 3813 5568">
     <span class='ocr_line' id='line_1_116' title="bbox 2214 5494 3813 5568; baseline 0.005 -17"><span class='ocrx_word' id='word_1_744' title='bbox 2214 5494 2448 5563; x_wconf 90' lang='lat' dir='ltr'><strong>Cesarii,</strong></span> <span class='ocrx_word' id='word_1_745' title='bbox 2476 5497 2677 5568; x_wconf 82' lang='lat' dir='ltr'><strong>Magni,</strong></span> <span class='ocrx_word' id='word_1_746' title='bbox 2708 5497 2869 5554; x_wconf 92' lang='lat' dir='ltr'><strong>Justi.</strong></span> <span class='ocrx_word' id='word_1_747' title='bbox 2900 5499 2956 5555; x_wconf 92' lang='lat' dir='ltr'><strong>ln</strong></span> <span class='ocrx_word' id='word_1_748' title='bbox 2979 5500 3239 5567; x_wconf 69' lang='lat' dir='ltr'><strong>Ctesaria,</strong></span> <span class='ocrx_word' id='word_1_749' title='bbox 3268 5500 3469 5555; x_wconf 89' lang='lat' dir='ltr'><strong>natalis</strong></span> <span class='ocrx_word' id='word_1_750' title='bbox 3497 5503 3673 5558; x_wconf 86' lang='lat' dir='ltr'><strong>sancti</strong></span> <span class='ocrx_word' id='word_1_751' title='bbox 3700 5504 3813 5559; x_wconf 86' lang='lat' dir='ltr'><strong>Ma-</strong></span> 
     </span>
    </p>
   </div>
   <div class='ocr_carea' id='block_1_117' title="bbox 2213 5588 3807 5663">
    <p class='ocr_par' dir='ltr' id='par_1_117' title="bbox 2213 5588 3807 5663">
     <span class='ocr_line' id='line_1_117' title="bbox 2213 5588 3807 5663; baseline 0.005 -21"><span class='ocrx_word' id='word_1_752' title='bbox 2213 5588 2448 5643; x_wconf 87' lang='lat' dir='ltr'><strong>ccdonii.</strong></span> <span class='ocrx_word' id='word_1_753' title='bbox 2478 5589 2548 5645; x_wconf 86' lang='lat' dir='ltr'><strong>Et</strong></span> <span class='ocrx_word' id='word_1_754' title='bbox 2574 5588 2729 5659; x_wconf 80' lang='lat' dir='ltr'><strong>alibi,</strong></span> <span class='ocrx_word' id='word_1_755' title='bbox 2762 5592 2961 5648; x_wconf 89' lang='lat' dir='ltr'><strong>natalis</strong></span> <span class='ocrx_word' id='word_1_756' title='bbox 2986 5600 3301 5649; x_wconf 89' lang='lat' dir='ltr'><strong>sanctorum</strong></span> <span class='ocrx_word' id='word_1_757' title='bbox 3328 5592 3598 5663; x_wconf 87' lang='lat' dir='ltr'><strong>Januarii,</strong></span> <span class='ocrx_word' id='word_1_758' title='bbox 3634 5593 3807 5663; x_wconf 89' lang='lat' dir='ltr'><strong>Petri,</strong></span> 
     </span>
    </p>
   </div>
   <div class='ocr_carea' id='block_1_118' title="bbox 2212 5679 3810 5756">
    <p class='ocr_par' dir='ltr' id='par_1_118' title="bbox 2212 5679 3810 5756">
     <span class='ocr_line' id='line_1_118' title="bbox 2212 5679 3810 5756; baseline 0.006 -23"><span class='ocrx_word' id='word_1_759' title='bbox 2212 5679 2539 5745; x_wconf 88' lang='lat' dir='ltr'><strong>Crescentis,</strong></span> <span class='ocrx_word' id='word_1_760' title='bbox 2568 5681 2864 5751; x_wconf 88' lang='lat' dir='ltr'><strong>Victurini,</strong></span> <span class='ocrx_word' id='word_1_761' title='bbox 2895 5692 2951 5741; x_wconf 92' lang='lat' dir='ltr'><strong>et</strong></span> <span class='ocrx_word' id='word_1_762' title='bbox 2979 5684 3214 5740; x_wconf 86' lang='lat' dir='ltr'><strong>aliorum</strong></span> <span class='ocrx_word' id='word_1_763' title='bbox 3254 5692 3580 5756; x_wconf 88' lang='lat' dir='ltr'><strong>martyrum.</strong></span> <span class='ocrx_word' id='word_1_764' title='bbox 3611 5683 3810 5742; x_wconf 89' lang='lat' dir='ltr'><strong>Castro</strong></span> 
     </span>
    </p>
   </div>
   <div class='ocr_carea' id='block_1_119' title="bbox 2213 5769 3809 5849">
    <p class='ocr_par' dir='ltr' id='par_1_119' title="bbox 2213 5769 3809 5849">
     <span class='ocr_line' id='line_1_119' title="bbox 2213 5769 3809 5849; baseline 0.003 -21"><span class='ocrx_word' id='word_1_765' title='bbox 2213 5769 2471 5843; x_wconf 89' lang='lat' dir='ltr'><strong>Divione,</strong></span> <span class='ocrx_word' id='word_1_766' title='bbox 2502 5772 2888 5849; x_wconf 22' lang='lat' dir='ltr'><strong>passioisanti</strong></span> <span class='ocrx_word' id='word_1_767' title='bbox 2921 5774 3148 5847; x_wconf 75' lang='lat' dir='ltr'><strong>Benigut</strong></span> <span class='ocrx_word' id='word_1_768' title='bbox 3174 5774 3482 5849; x_wconf 86' lang='lat' dir='ltr'><strong>presbyteri</strong></span> <span class='ocrx_word' id='word_1_769' title='bbox 3513 5784 3572 5833; x_wconf 90' lang='lat' dir='ltr'><strong>et</strong></span> <span class='ocrx_word' id='word_1_770' title='bbox 3602 5784 3809 5848; x_wconf 87' lang='lat' dir='ltr'><strong>marty-</strong></span> 
     </span>
    </p>
   </div>
  </div>
