4050 6198
204 246 301 307 ιει

1269 242 1824 304 VETUSTISSIMUM
1860 240 2388 304 KALENDARIUM.

3392 248 3501 307 482

206 369 301 435 ris,
332 376 390 425 et
416 367 591 426 sancti
620 367 867 425 Melanti.
902 365 1306 439 Augustiduno,
1334 367 1606 439 depositio
1634 366 1805 423 sancti
1830 367 1883 431 Δ
1912 382 2036 433 ma},
2073 364 2624 433 Marim,'Felicitatis,
2656 365 2892 434 Feliciae,
2916 366 3271 433 innocentiae,
3300 369 3499 428 Fortuo

207 462 373 519 Primi
402 463 669 535 episcopi.
705 463 932 536 Bajocas
978 462 1203 529 civitate,
1232 464 1397 516 sancti
1430 460 1647 535 Vigorio
1694 461 1798 531 epi-

206 557 349 624 scopi
384 564 434 610 et
456 557 788 625 confessoris.
823 555 960 610 Sitio
994 556 1329 621 monasterio,
1354 555 1608 619 depositio
1633 554 1800 608 sancti

208 646 497 701 Audontari
515 647 744 719 episcopi
766 656 811 701 et
842 646 1174 719 confessoris.
1203 645 1437 701 Pictavis
1464 646 1684 712 civitate,
1714 645 1802 699 de-

209 738 401 792 dicatio
431 738 660 793 basilica:
684 738 744 794 S.
773 737 977 793 Hilarii
1003 739 1231 811 episcOpi
1258 748 1303 793 et
1328 738 1656 808 confessoris.

277 841 336 881 ιιι
360 843 482 882 ηοη.
509 825 1067 883 Novemb.Dcdicatio
1096 828 1339 883 basilicm
1366 827 1541 883 sancti
1568 825 1801 881 Andreas

208 916 473 988 Apostoli.
506 917 561 973 lu
587 918 825 974 Gmsaria
849 920 1231 992 Cappadociae,
1262 919 1460 975 natalis
1489 929 1800 973 sanetorum

209 1010 489 1075 Germani.
514 1011 826 1082 TheOphili,
848 1010 1094 1078 Cmsarii,
1119 1012 1305 1083 Egrili,
1330 1011 1540 1066 Vitalis.
1570 1011 1633 1063 Et
1650 1008 1800 1075 alibi,

210 1106 397 1177 passio
436 1116 640 1162 sanctae
683 1106 955 1178 Agriculze
991 1104 1218 1177 virginis
1243 1114 1298 1159 et
1329 1102 1605 1173 martyris.
1642 1100 1799 1168 item,

208 1199 429 1269 Felicis,
457 1199 759 1256 Crescenti.

279 1290 469 1345 Pridie
489 1308 612 1345 non.
639 1288 892 1344 Novemb.
934 1286 990 1343 In
1022 1285 1226 1354 Africa,
1258 1284 1462 1340 natalis
1491 1290 1800 1340 sanctorum

207 1383 375 1439 Primi
403 1383 641 1450 Cmsarii,
671 1381 943 1452 Gregorii,
978 1380 1286 1452 Porphyrii,
1324 1378 1527 1448 Saturi,
1561 1376 1801 1443 Amanti,

206 1473 406 1542 Publii,
470 1471 1125 1541 SecundteHVictorinte,
1183 1471 1484 1542 Perpetua,
1546 1471 1803 1541 Victoris,

208 1567 413 1635 Quarti.
430 1566 483 1621 In
498 1565 699 1632 Nicaea,
721 1565 913 1621 natalis
935 1566 1106 1620 sancti
1124 1565 1393 1619 Domnini.
1412 1566 1801 1636 Augustiduno,

208 1660 461 1729 depositio
487 1658 707 1714 Proculi
733 1658 985 1730 episcopi.
1015 1657 1270 1712 Rat/lenis
1294 1658 1523 1724 civitate,
1546 1658 1804 1730 deposiiio

1904 461 2043 525 nati,
2076 459 2387 529 Principim,
2425 459 2799 525 Domnicellze,
2828 460 3171 528 Clementini,
3198 462 3493 532 Januaria‘,

1903 550 2189 621 Victuriaa,
2252 554 2476 608 Juliani.
2543 551 2869 609 Alexandria
2943 554 3247 625 Metropoli,
3302 558 3499 615 natalis

1904 648 2076 702 sancti
2127 647 2297 703 Mena:
2344 648 2619 717 martyris.
2667 646 2900 701 Turonis
2944 649 3181 717 civitate,
3233 650 3497 720 depositio

1905 743 2079 797 sancti
2106 743 2319 798 Martini
2346 744 2586 813 episcOpi
2614 752 2669 799 et
2699 742 3053 799 confessoris.
3088 742 3343 816 Lugduno
3366 746 3496 801 Gal-

1906 832 2011 898 liaz,
2045 835 2301 901 depositio
2349 835 2539 890 Verani
2565 836 2812 906 episcopi.

1978 926 2165 982 Pridie
2192 928 2313 983 idus
2336 928 2475 984 Nov.
2503 929 2559 983 in
2586 928 2792 998 Africa,
2819 930 3017 985 natalis
3047 940 3359 987 sanctorum
3389 934 3502 988 Au.

1907 1020 2033 1089 ruli,
2076 1021 2275 1086 Publii,
2316 1022 2586 1078 Vincenti.
2617 1024 2675 1077 In
2712 1024 2947 1079 Caesaria
2980 1024 3358 1097 Cappadociae.
3406 1044 3505 1082 na-

1908 1112 2031 1166 talis
2087 1123 2396 1169 sanctorum
2456 1114 2737 1182 Germani,
2794 1116 3105 1188 Theophili,
3150 1119 3393 1187 Gmsarii,
3450 1131 3503 1177 et

1903 1204 2073 1258 sancti
2103 1203 2351 1259 Eusebii.

1976 1293 2109 1349 Idus
2146 1295 2281 1350 Nov.
2318 1296 2375 1351 In
2414 1297 2663 1364 Thracia,
2706 1299 2903 1357 natalis
2934 1312 3247 1359 sanctorum
3280 1304 3500 1375 IEdicti,

1905 1386 2107 1455 Eutici,
2143 1386 2357 1455 Felicis,
2406 1388 2755 1459 llermogeni,
2789 1402 2845 1446 et
2898 1395 3135 1461 Agicstis
3180 1406 3504 1468 martyrum.

1909 1480 1976 1535 Et
2018 1482 2069 1534 in
2109 1479 2343 1536 Cmsaria
2379 1480 2762 1551 Cappadocia},
2809 1485 3005 1539 natalis
3046 1498 3356 1542 sanctorum
3396 1490 3509 1544 Λιι-

1910 1573 2067 1640 tonii,
2115 1572 2413 1640 Gebennzc,
2459 1573 2738 1642 Germani,
2778 1576 3061 1643 Mannicar,
3110 1580 3335 1635 Adriani
3383 1597 3506 1637 cum

1909 1664 2073 1718 sociis
2101 1668 2235 1718 suis.
2272 1665 2525 1722 Ravenna
2550 1668 2789 1734 civitate,
2823 1670 3017 1724 natalis
3048 1682 3363 1727 sanctorum
3395 1673 3504 1727 Va-

208 1754 379 1808 saucti
409 1753 638 1808 Amantii
667 1753 895 1825 episcopi
924 1761 971 1806 et
1011 1752 1346 1822 confessoris.
1384 1751 1669 1818 Bituricus,
1708 1752 1801 1807 de-
1834 1755 1884 1817 B
1914 1758 2123 1823 lentini,
2178 1758 2474 1827 Solutoris,
2523 1770 2577 1815 et
2622 1760 2882 1817 Victoris.
2924 1763 2990 1817 Et
3034 1764 3187 1834 alibi,
3234 1766 3507 1836 depositio

208 1845 408 1917 positio
431 1845 608 1902 sancti
638 1844 862 1901 Lusoris
883 1844 1059 1915 pueri,
1086 1853 1138 1899 et
1164 1842 1518 1901 confessoris.

285 1938 437 1993 Non.
494 1937 755 1993 Novemb.
810 1936 871 1992 In
916 1936 1152 1995 Caesaria
1198 1934 1576 2006 Cappadocitc,
1620 1936 1812 1992 natalis

205 2041 525 2089 sanctorum
572 2031 849 2097 Domnini,
900 2029 1140 2097 Czcsarii,
1185 2029 1492 2100 Epiphanii,
1545 2030 1810 2101 Gregorii,

208 2126 433 2199 Appini,
478 2124 778 2191 Saturnini,
810 2124 1070 2194 Amantii,
1117 2124 1314 2191 Publii,
1348 2124 1503 2178 Mart.
1551 2124 1608 2179 In
1655 2123 1815 2178 Cam-

210 2222 397 2291 panis,
426 2218 622 2275 natalis
648 2227 963 2274 sanctorum
990 2217 1203 2274 Marcia:
1232 2227 1286 2273 et
1313 2216 1597 2273 Secundae.
1630 2218 1813 2287 Capua

212 2312 460 2381 civitate,
501 2312 698 2369 natalis
738 2320 1053 2368 sanctorum
1095 2311 1308 2377 Evrasi,
1343 2320 1395 2367 et
1426 2310 1636 2378 Quarti,
1671 2309 1810 2379 Joci,

215 2406 373 2462 Ludi.

288 2513 384 2553 vni
434 2498 551 2552 idus
594 2495 734 2551 Nov.
777 2497 835 2552 In
889 2495 1224 2565 Nicomedia,
1269 2497 1463 2553 natalis
1504 2505 1813 2553 sanctorum

213 2590 467 2659 Adriani,
499 2589 678 2658 Julia),
710 2599 764 2645 ct
803 2589 1079 2645 Eusebia}.
1110 2589 1166 2643 In
1198 2589 1400 2656 Africa,
1434 2590 1635 2645 natalis
1660 2605 1818 2646 sanc-

216 2694 395 2741 torum
419 2685 634 2751 Donati,
669 2684 843 2751 Pauli,
875 2683 1129 2751 Balsami,
1160 2682 1435 2748 Domnini,
1464 2682 1684 2752 Primae,
1710 2683 1818 2737 Du-

216 2781 330 2848 lizn,
384 2780 719 2847 Fortunatae,
779 2778 1071 2842 Januariac,
1115 2777 1352 2844 Quartae.
1402 2778 1465 2831 Et
1518 2778 1570 2831 in
1615 2776 1815 2832 Tuniza

214 2874 424 2945 Africa,
460 2875 656 2930 natalis
686 2873 859 2928 sancti
892 2872 1112 2927 Felicis.
1146 2872 1215 2926 Et
1246 2871 1298 2925 in
1331 2870 1587 2941 Phrygia,
1622 2870 1817 2924 natalis

214 2980 532 3027 sanctorum
565 2968 829 3034 Januarii,
858 2966 1043 3031 Attici,
1074 2964 1270 3030 Barici,
1306 2963 1608 3029 Mammari,
1644 2963 1818 3017 Vene-

216 3063 397 3128 ricini,
441 3072 496 3118 et
526 3061 796 3117 Venerias.
840 3058 1136 3131 Regidona,
1176 3055 1367 3111 natalis
1413 3056 1583 3110 sancti
1622 3053 1817 3110 Melani

213 3156 452 3228 episcOpi
481 3164 528 3210 et
558 3154 891 3224 confessoris.

293 3264 368 3305 vn
392 3249 509 3303 idus
534 3245 674 3301 Nov.
703 3246 760 3301 lu
789 3243 1132 3311 Nicomedia,
1157 3243 1350 3299 natalis
1379 3243 1549 3298 sancti
1578 3242 1818 3311 Eusebii,

210 3343 431 3409 Pobisi,
460 3342 717 3408 Enstasii,
747 3339 923 3405 Marii,
954 3338 1147 3406 Primi,
1178 3338 1358 3405 Julitc,
1392 3337 1683 3405 Januaritc,
1713 3337 1823 3393 Ro-

208 3436 481 3511 gatiantc,
508 3433 689 3504 Optati
709 3474 725 3498 ,
754 3432 1001 3487 Adriani.
1030 3433 1097 3486 Et
1124 3432 1176 3501 ip
1207 3431 1412 3499 Africa,
1445 3432 1637 3488 natalis
1668 3447 1824 3487 sauc-

209 3540 406 3585 torum
433 3526 652 3598 Rogati,
681 3524 895 3589 Donati,
926 3524 1143 3591 Primae,
1172 3523 1348 3580 Juliaa.

294 3634 346 3673 vi
378 3616 501 3672 idus
547 3614 801 3670 Novemb.
834 3614 1045 3683 Romae,
1086 3615 1284 3671 natalis
1328 3622 1639 3671 sanctorum
1680 3615 1822 3671 Sim-

214 3709 395 3782 plicii,
446 3708 782 3780 Sympronii,
826 3707 1066 3775 Claudii,
1114 3706 1351 3773 Custori,
1404 3707 1719 3769 Nicostrati.
1769 3718 1823 3763 et

214 3802 548 3857 Sanctorum
572 3808 805 3869 quatuor
832 3806 1247 3866 coronatorum,
1272 3798 1481 3865 Severi,
1516 3798 1820 3863 Severiani,

215 3893 587 3966 Carpopltori,
621 3893 914 3949 Victorini.
946 3893 1004 3949 In
1034 3892 1237 3959 Africa,
1272 3893 1469 3948 natalis
1509 3904 1819 3949 sanctorum

213 3986 421 4056 Primi,
454 3985 737 4055 Machsrii,
769 3983 933 4052 Justi,
963 3983 1271 4052 Amaranti,
1300 3992 1356 4041 et
1387 3984 1617 4040 aliorum
1653 4000 1819 4040 nona-

213 4080 374 4147 ginta
403 4087 658 4150 quatuor.
693 4078 758 4133 Et
805 4077 859 4132 in
905 4076 1245 4143 Nicomedia,
1279 4076 1472 4131 natalis
1509 4087 1819 4131 sanctorum

214 4173 499 4240 Damiani,
534 4171 775 4242 Eusebii,
800 4170 1023 4241 Calesti,
1050 4171 1309 4237 Eustasii,
1333 4180 1390 4227 et
1418 4170 1596 4235 Marii,
1620 4170 1819 4240 Magni.

297 4283 331 4322 v
356 4267 473 4321 idus
505 4265 644 4322 Nov.
677 4265 735 4322 In
768 4264 1105 4332 Nicomedia,
1140 4265 1339 4320 natalis
1377 4272 1689 4320 sanctorum
1718 4262 1822 4318 Da-

214 4358 418 4426 miani,
446 4357 663 4426 Donati,
696 4356 975 4427 Restituti,
1010 4357 1304 4423 Victorini,
1336 4356 1621 4424 Salutaris,
1661 4355 1822 4411 Cres-

212 4451 422 4519 centis,
456 4449 737 4519 Demetrii,
768 4449 1004 4506 Nemesii
1037 4460 1091 4505 et
1124 4449 1403 4520 Exuorgii,
1438 4447 1679 4504 Eusebii.
1710 4438 1823 4503 Ru-

1837 3146 1885 3210 C

1914 1852 2086 1905 sancti
2130 1850 2317 1905 Jacobi
2369 1853 2640 1921 Apostoli.
2696 1853 2924 1909 Iiotenas
2976 1856 3203 1923 civitate,
3254 1858 3507 1929 depositio

1918 1943 2086 1996 sancti
2114 1942 2343 1995 Antantii
2387 1944 2615 2015 episc0pi
2656 1954 2701 1997 et
2742 1948 3068 2016 confessoris.
3123 1948 3347 2004 Turonis
3386 1952 3512 2005 ciri-

1918 2043 2041 2100 tate,
2095 2035 2349 2105 depositio
2387 2037 2553 2089 sancti
2590 2035 2765 2089 Bricci
2806 2038 3031 2108 episcopi
3086 2048 3135 2093 et
3180 2042 3509 2108 confessoris.

1992 2143 2121 2182 xvnt
2153 2127 2259 2181 kal.
2290 2127 2602 2184 Decembris.
2638 2128 2696 2183 ln
2728 2128 2947 2184 Eraclea
2982 2130 3205 2186 civitate
3242 2131 3511 2198 Tltracitc,

1920 2222 2117 2277 natalis
2143 2230 2456 2277 sanctorum
2480 2222 2797 2288 Clementis,
2824 2223 3167 2291 Clementini,
3193 2224 3510 2290 Thcodotm,

1918 2314 2235 2380 Philomini,
2269 2324 2323 2369 et
2350 2316 2583 2370 aliorum
2615 2315 2932 2370 multorum.
2967 2314 3036 2369 Et
3075 2316 3189 2385 ipsa
3216 2314 3328 2381 die,
3364 2326 3517 2370 nata-

1918 2406 1984 2461 lis
2015 2407 2185 2461 sancti
2218 2407 2434 2462 Eraclii.

1991 2515 2103 2553 xvu
2148 2499 2251 2553 kal.
2302 2499 2505 2555 Decem.
2544 2501 2599 2555 Ιτι
2639 2500 2843 2569 Africa,
2891 2510 3204 2557 sanctorum
3248 2500 3507 2569 Secundi,

1921 2591 2249 2655 Fidentiani,
2276 2592 2478 2660 Variei,
2514 2592 2795 2660 Martialis,
2832 2595 3009 2649 Africa
3038 2594 3283 2662 civitate,
3320 2596 3515 2651 natalis

1918 2694 2235 2740 sanctorum
2287 2686 2522 2752 Siddini,
2566 2686 2869 2752 Saturnini,
2912 2688 3091 2753 Servi,
3143 2687 3515 2756 Calendionis,

1920 2776 2135 2844 Galani,
2164 2778 2349 2832 Primi.
2381 2779 2578 2847 Genui,
2613 2779 2903 2846 Secunda},
2933 2780 3222 2845 Theodoti,
3251 2780 3515 2846 Demetri,

1921 2870 2195 2936 Parentis,
2220 2871 2452 2937 Saturtn,
2473 2871 2662 2926 Firmi.
2695 2872 2748 2926 lu
2781 2872 3063 2927 Antiochia
3084 2914 3097 2936 ,
3129 2872 3329 2927 natalis
3360 2888 3519 2927 sanc-

1922 2972 2099 3019 torum
2140 2964 2357 3030 Donati,
2392 2964 2675 3029 Restituti,
2713 2964 3033 3028 Valerianis,
3067 2963 3353 3021 Fructuosi
3394 2978 3518 3019 cum

1924 3058 2047 3111 aliis
2077 3056 2390 3112 duodecim.
2433 3055 2703 3127 Depositio
2726 3058 2893 3111 sancti
2923 3056 3163 3111 Hac/tuti
3194 3058 3443 3127 episcopi.

1990 3164 2082 3203 χιιι
2111 3148 2215 3203 kal.
2246 3147 2370 3204 Dec.
2395 3150 2451 3204 In
2477 3150 2680 3217 Africa,
2707 3149 2903 3204 natalis
2927 3157 3247 3203 sanctorum
3278 3148 3514 3214 Ruiiani,

1923 3241 2111 3307 Marci,
2155 3241 2381 3310 Valerii,
2430 3242 2683 3309 Victoris,
2739 3242 2916 3307 Pauli,
2967 3242 3256 3307 Honorati,
3304 3242 3519 3307 Donati,

1926 3338 2121 3402 Barici,
2150 3336 2361 3403 Vitalis,
2386 3336 2646 3399 Januarii,
2672 3336 2834 3392 Justi.
2866 3338 2930 3390 Et
2951 3336 3104 3402 alibi,
3133 3334 3331 3391 natalis
3361 3350 3522 3391 sanc-

1925 3441 2102 3486 torum
2162 3431 2515 3494 Fidentiani,
2562 3429 2859 3493 Martialis,
2918 3427 3150 3495 Donati,
3207 3426 3515 3494 Valeriani,

1924 3524 2191 3581 Pueliaui.
2220 3523 2288 3578 Et
2309 3523 2505 3577 natalis
2526 3530 2836 3577 sanctorum
2858 3519 3038 3585 Nerei,
3064 3520 3240 3591 Pauli,
3270 3520 3516 3587 Adriani,

1925 3616 2287 3681 Secundiani,
2321 3615 2604 3681 Martialis,
2648 3614 2906 3682 Victoris,
2947 3614 3185 3680 Victori,
3226 3614 3518 3683 Anteconi,

1925 3708 2217 3776 Auriliani,
2274 3708 2533 3769 Marcelli.
2577 3706 2859 3772 Mariame,
2919 3707 3181 3774 Secundi,
3233 3706 3519 3777 Frontoni,

1926 3801 2189 3870 Majulini.
2239 3801 2293 3855 In
2340 3800 2648 3867 Antiochia,
2689 3802 3001 3872 Augustini,
3043 3803 3237 3869 Justiti,
3281 3803 3519 3869 Auricaa,

1926 3893 2154 3962 Pontiae,
2186 3894 2521 3961 Fructuosae,
2564 3894 2884 3959 Matrondze,
2928 3894 3163 3959 Fructte,
3196 3893 3522 3964 Vincentize,

1931 3986 2120 4053 Marci,
2147 3984 2425 4056 Aruspici,
2450 3984 2653 4053 Mariae,
2680 3985 2865 4053 Fistae,
2890 3984 3168 4053 Fortunae,
3198 3986 3518 4056 Felicitatis,

1927 4078 2158 4136 Silvani.
2191 4079 2255 4133 Et
2283 4080 2337 4133 in
2372 4080 2576 4149 Capua,
2610 4079 2807 4135 natalis
2830 4090 3142 4136 sanctorum
3176 4081 3390 4146 Vitalis,
3420 4080 3515 4136 Ja-

1927 4172 2125 4237 nuarii,
2182 4171 2346 4237 Justi,
2395 4173 2736 4243 Augustiani,
2770 4181 2826 4229 et
2870 4173 3063 4229 Justze.
3100 4173 3360 4244 Lugduno
3388 4171 3518 4228 Gal-

1929 4267 2037 4334 lia’,
2076 4267 2332 4337 depositio
2368 4267 2533 4321 sancti
2566 4265 2810 4321 Eucherii
2848 4268 3078 4340 episcopi
3103 4276 3152 4321 et
3191 4266 3524 4336 confessoris.

2000 4374 2066 4413 xv
2097 4359 2203 4411 kal.
2244 4356 2486 4413 Decemb.
2514 4358 2570 4413 In
2600 4356 2784 4429 Capua
2812 4360 3048 4427 civitate,
3080 4358 3276 4414 natalis
3305 4367 3528 4413 sancto-

1929 4467 2050 4507 rum
2080 4453 2363 4521 Augustini
2391 4494 2405 4520 ,
2435 4453 2649 4508 Eusurii
2677 4493 2692 4519 ,
2724 4451 3045 4509 Felicitatis.
3074 4452 3130 4507 In
3162 4450 3474 4506 Nicomedia
3497 4493 3513 4518 ,

221 4561 359 4613 nne,
402 4544 598 4600 natalis
639 4556 954 4600 sanctorum
1003 4542 1328 4612 Clementis,
1357 4542 1729 4615 Symphronii.
1765 4541 1823 4595 lu
1851 4533 1904 4595 D
1933 4544 2129 4599 natalis
2157 4546 2213 4597 S.
2248 4545 2526 4599 Ammoni.
2564 4545 2619 4599 ιιι
2649 4544 2801 4611 Asia,
2832 4545 3028 4600 natalis
3056 4553 3373 4600 sanctorum
3400 4544 3528 4600 Phi-

215 4638 529 4708 ltispaniis,
572 4638 768 4694 natalis
790 4648 1101 4694 sanctorum
1136 4636 1639 4707 Fausti,.lanuarii,
1684 4634 1826 4690 Mar-

218 4729 371 4785 tialis
400 4739 566 4785 mart.

304 4837 356 4876 tv
409 4823 533 4877 idus
588 4821 728 4877 Nov.
788 4822 845 4877 In
897 4823 1206 4891 Antiochia,
1263 4823 1454 4879 natalis
1510 4832 1822 4879 sanctorum

217 4916 422 4983 Primi,
451 4916 730 4984 Macharii,
759 4916 1005 4983 Diaconi,
1038 4917 1275 4986 Eustasi,
1299 4926 1355 4973 et
1383 4919 1655 4973 sociorum
1679 4918 1819 4987 ejus,

219 5008 505 5076 Januarii,
545 5008 885 5064 Candidiani.
927 5009 982 5063 In
1014 5008 1219 5077 Africo,
1268 5009 1464 5063 natalis
1515 5017 1823 5065 sanctorum

219 5101 783 5174 Saturniui,_Douati,
823 5103 1149 5159 Annihouiae
1172 5112 1229 5158 et
1257 5104 1484 5158 aliorum
1514 5104 1825 5173 septemde—

216 5196 587 5267 (iin.Romte,
607 5196 876 5268 depositio
903 5199 1075 5253 sancti
1099 5197 1300 5253 Leonis
1327 5197 1673 5269 episcopiJn
1701 5199 1828 5253 civi-

218 5299 343 5344 tate
376 5289 701 5359 Aurelianis,
736 5290 989 5362 depositio
1023 5291 1159 5347 beati
1199 5290 1494 5348 Monotoris
1523 5294 1755 5364 episcOpi
1782 5303 1829 5347 et

214 5384 568 5452 confessoris.
1039 5450 1042 5454 ,

309 5488 367 5530 ιιι
397 5476 519 5530 idus
560 5474 701 5531 Nov.
732 5475 993 5533 Ravenna
1047 5478 1245 5535 natalis
1295 5487 1606 5536 sanctorum
1633 5480 1833 5537 Valen-

217 5569 361 5638 tini,
393 5569 680 5642 Feliciani,
712 5572 928 5639 Octavi,
958 5572 1182 5641 Felicis,
1210 5573 1476 5640 Januarii,
1508 5575 1829 5640 Eurnndini,

217 5661 528 5733 \‘icmrini,
554 5662 778 5731 Felicis,
808 5663 984 5732 Nisei,
1012 5665 1237 5733 Juliani,
1275 5667 1548 5735 Vincenti,
1589 5666 1831 5734 Januari,

217 5753 488 5828 Giddini,
539 5756 833 5817 Bonifacia:
881 5758 1156 5834 martyris,
1191 5758 1407 5831 Minaci,
1442 5761 1657 5831 Domni,
1708 5759 1827 5817 Fir-

1933 4638 2061 4704 lctc,
2099 4638 2377 4703 Matronae,
2412 4637 2591 4692 Tecla:
2617 4637 2861 4707 virginis.
2897 4637 2954 4691 In
2983 4635 3202 4691 civitate
3226 4635 3527 4706 Hierapoli,

1931 4732 2127 4786 natalis
2170 4740 2483 4785 sanctorum
2512 4728 2746 4784 Victoris
2776 4738 2831 4783 ct
2858 4727 3088 4798 Alphei,
3120 4727 3390 4783 Romulia.
3422 4728 3530 4785 Ro~

1930 4842 2032 4881 mae
2067 4836 2217 4879 trans
2246 4825 2510 4892 Tiberim,
2547 4824 2741 4877 natalis
2774 4822 2833 4877 S.
2858 4820 3068 4877 Cecilii.
3104 4820 3160 4875 In
3192 4821 3529 4891 Nicomedia,

1932 4921 2126 4976 natalis
2151 4921 2207 4974 S.
2237 4917 2532 4973 Atnutonii.
2562 4918 2618 4970 In
2651 4917 2799 4982 Asia,
2835 4925 3146 4971 sanctorum
3183 4916 3451 4985 Diobidis,
3477 4926 3532 4974 et

1938 5014 2110 5070 Dida).
2162 5013 2228 5066 lit
2271 5012 2323 5066 in
2383 5009 2643 5065 lleraclca
2673 5008 2926 5077 civitate,
2961 5008 3163 5065 natalis
3213 5017 3529 5067 sanctorum

1936 5106 2249 5177 Gregoriac,
2299 5104 2569 5169 Victoris,
2624 5103 2857 5159 Gemmi.
2886 5103 2967 5167 ,1η
3009 5102 3243 5160 Cmsaria
3275 5147 3289 5173 ,
3338 5106 3534 5161 natalis

1937 5210 2246 5257 sanctorum
2278 5196 2572 5251 Thcodouc
2598 5239 2612 5261 ,
2666 5196 2878 5265 Alphzci
2906 5238 2920 5263 ,
2978 5196 3225 5266 Zachmi,
3283 5198 3532 5254 Romani.

1937 5293 2268 5363 Carthagine
2291 5290 2511 5355 Airicm,
2547 5290 2810 5356 Dubitati,
2840 5289 3025 5357 Tusci,
3062 5292 3315 5359 Valentii,
3346 5292 3403 5347 S.
3436 5290 3539 5344 Ca-

1944 5386 2255 5451 lendionis,
2316 5383 2579 5438 Montani.
2636 5382 2933 5439 Aurelianis
2984 5385 3231 5451 civitate,
3285 5383 3537 5455 depositio

1943 5480 2133 5537 Aniani
2167 5478 2395 5550 episcopi
2419 5488 2467 5532 et
2495 5478 2824 5548 confessoris.

2017 5588 2103 5627 λιν
2134 5570 2241 5625 kal.
2298 5568 2536 5625 Decemb.
2596 5570 2652 5625 lu
2683 5570 2965 5626 Antiochia
3011 5570 3252 5637 civitate,
3305 5570 3537 5629 Romani

1946 5664 2231 5732 monachi,
2268 5663 2506 5732 Baralcc,
2563 5672 2619 5718 et
2656 5664 2891 5735 llcsycbi
2943 5671 3104 5719 mart.
3136 5664 3193 5719 In
3237 5665 3495 5736 lliSpania
3523 5705 3541 5735 ,

1944 5756 2193 5821 Corduba
2252 5757 2501 5828 civitate,
2549 5757 2777 5817 Αεεὶοιω
2826 5758 3101 5834 martyris.
3154 5758 3212 5817 ln
3262 5758 3539 5831 Caesaris,
