4048 6298
519 244 629 306 483

521 362 739 429 Bonull.
776 361 1033 426 Victoris,
1066 355 1345 423 Proximi,
1390 354 1619 411 Luciani
1645 398 1660 423 ,
1710 352 2017 415 Cartherli.
2068 360 2123 407 et
2149 356 2201 414 Α

522 454 793 512 Martiani.
823 452 881 509 In
915 448 1201 516 Heraclea,
1248 447 1377 503 item
1407 443 1730 514 Carthzerii,
1782 451 1837 500 et
1890 444 2121 500 aliorum

522 547 902 623 quadraginta.

597 659 691 699 xttt
735 639 839 694 kal.
894 637 1101 693 Decem.
1161 634 1218 688 In
1252 632 1523 698 Ctesaria,
1572 630 1824 696 Maximi,
1874 627 2123 695 Muliani,

523 734 791 795 Neoseri,
824 730 1015 796 Tobis,
1044 726 1324 791 Januarii,
1375 725 1595 790 Vitalis,
1647 724 1923 786 Carterii.
1981 724 2126 779 Mar-

516 826 650 881 tiani
675 865 690 889 ,
720 822 943 877 Dicenti
974 865 987 889 ,
1019 819 1277 889 Zephori.
1310 816 1365 872 In
1400 816 1710 884 Ha-raclea,
1762 826 1965 871 sancta:
2010 814 2121 869 Mu-

523 920 675 976 lieris
733 933 855 973 cum
912 930 1007 970 sex
1084 913 1199 969 suis
1256 909 1637 983 quadraginta.
1697 908 2120 981 Augustiduno,

523 1012 793 1083 Simplicii
851 1007 1121 1080 episcopi.

593 1123 665 1163 xtt
695 1105 802 1160 kat.
836 1102 1081 1159 Decemb.
1113 1101 1170 1157 In
1223 1099 1487 1156 Heraclea
1509 1140 1523 1165 ,
1580 1097 1770 1164 Bassi,
1830 1096 2069 1169 Dionysii
2100 1135 2117 1163 ,

521 1201 761 1269 Orionis,
800 1208 857 1255 et
890 1196 1049 1253 Dafli.
1090 1196 1146 1251 lu
1186 1194 1456 1261 Caesarie,
1510 1191 1743 1262 Agapiti.
1799 1189 1856 1244 lit
1902 1188 2124 1244 civitate

520 1296 753 1352 Missana
782 1335 797 1360 ,
858 1292 915 1347 in
967 1289 1187 1354 Sicilia,
1242 1285 1533 1357 Ampheli,
1571 1282 1687 1339 Cai.
1729 1282 1785 1338 lu
1821 1281 2119 1353 Hispaniis,

522 1388 738 1444 Maximi
786 1381 1131 1456 presbyteri,
1171 1379 1555 1446 Calendioois,
1602 1376 1812 1440 Marci,
1862 1373 2118 1439 Victoris,

523 1479 753 1545 Felicis,
778 1488 835 1533 et
866 1475 1042 1531 Misini
1063 1518 1078 1544 ,
1126 1474 1337 1541 Fausti,
1368 1469 1627 1540 Crispini.
1681 1467 1739 1523 In
1791 1465 2075 1522 Antiochia
2103 1509 2118 1528 .

522 1572 751 1636 Basilii,
779 1580 835 1627 et
868 1568 1145 1641 Dionysii,
1179 1566 1435 1622 Rusticii.
1460 1562 1720 1620 Taurinis
1754 1560 1979 1617 civitate
2013 1560 2121 1616 0c-

525 1667 663 1731 tavi,
696 1664 990 1727 Solutoris,
1026 1660 1376 1728 Adveutoris,
1410 1665 1465 1713 et
1502 1656 1703 1727 Agapa:
1723 1653 1977 1726 virginis,
2019 1652 2120 1708 Ba-

528 1760 699 1827 sillei,
733 1756 1014 1815 Saturnini
1045 1797 1059 1821 ,
1103 1754 1363 1818 Emeriti,
1394 1752 1657 1808 Secundi.

609 1868 666 1908 xt
696 1852 803 1907 kal.
849 1850 1092 1905 Decemb.
1126 1846 1453 1913 Antiochia,
1497 1845 1696 1900 Basilei
1724 1886 1739 1910 ,
1785 1852 1843 1899 et
1879 1842 2123 1909 Auxilii,

522 1946 805 2003 Saturnini
825 1989 839 2013 ,
874 1943 1141 2014 Zeppheri
1166 1984 1181 2010 ,
1209 1952 1263 1998 et
1290 1942 1577 2006 Matronae,
1610 1939 1886 2003 Basilicas,
1911 1937 2121 2003 Carali,

524 2038 804 2105 Eutichis,
851 2034 1225 2099 Calendionis,
1260 2032 1543 2103 Evelpisti.
1577 2031 1801 2097 Romte,
1835 2030 2031 2084 natalis
2059 2028 2118 2085 S.

521 2129 822 2187 Clementis
850 2128 1209 2185 confessoris.
1243 2126 1300 2183 In
1323 2128 1545 2182 civitate
1575 2127 1790 2193 Austls,
1823 2122 2119 2188 Demetrii,

526 2224 782 2291 Ilonorii,
817 2221 1065 2288 Maximi,
1098 2220 1417 2287 Quintiani,
1448 2219 1651 2274 Sisiuni
1677 2260 1692 2285 ,
1741 2218 1920 2283 Stasi,
1959 2217 2118 2285 Tuti,

525 2315 829 2387 Stephani,
861 2314 993 2369 Pion
1019 2352 1036 2381 ,
1065 2310 1305 2369 Heraclii
1331 2353 1347 2378 ,
1381 2310 1717 2376 Macedonii,
1750 2308 1902 2375 Veri,
1936 2308 2117 2364 Theo-

526 2408 658 2464 doli.

596 2517 629 2556 x
661 2498 766 2555 kal.
822 2496 1064 2553 Decemb.
1120 2496 1347 2564 Romae,
1376 2494 1612 2550 Caecilia:
1654 2495 1912 2565 virginis,
1956 2492 2117 2550 Vale-

522 2593 663 2652 riani
686 2634 701 2661 ,
730 2591 965 2648 Tiburtii
990 2632 1006 2660 ,
1055 2590 1299 2645 Maximi.
1334 2589 1699 2658 Alexandria,
1752 2587 1982 2652 Felicis,
2018 2588 2122 2642 De-

522 2686 728 2754 metrii,
761 2685 905 2741 Zeti.
939 2685 1003 2741 Et
1034 2683 1090 2739 in
1122 2683 1306 2739 Africa
1333 2725 1347 2751 ,
1378 2684 1715 2755 Chrysogoni
1744 2724 1759 2747 ,
1802 2684 1938 2739 Cleti
1966 2729 1980 2753 ,
2016 2683 2117 2739 Ve-

522 2781 751 2839 rociani.
787 2780 949 2844 Item,
976 2780 1256 2836 Demetrii.
1286 2780 1451 2848 Item,
1485 2778 1626 2834 Zeti.
1657 2778 1712 2833 In
1738 2777 2080 2848 Cappadocia
2100 2819 2115 2845 ,

523 2875 793 2945 Longini,
829 2874 1041 2928 Eutbiei
1068 2914 1083 2939 ,
1112 2872 1345 2941 Leonti,
1375 2882 1431 2928 et
1467 2870 1827 2927 Faustiniani.
1862 2870 2111 2943 Augusti-

524 2970 685 3031 dtmo,
719 2967 991 3039 Pragmati
1019 2969 1268 3040 episcopi.

595 3077 645 3117 ιι
677 3060 781 3116 Ital.
813 3059 1055 3116 Decemb.
1093 3061 1298 3126 Roma),
1343 3060 1602 3126 Maximi,
1653 3061 1846 3116 natalis
1893 3059 1954 3116 8.
1996 3059 2115 3115 Cle-

1542 239 1599 296 8.
1645 236 2022 294 HIERONYMI
2059 235 2345 296 OPERUM
2383 234 2745 296 MANTISSA.

3722 238 3828 299 ΔΜ

2299 368 2351 406 tv
2373 351 2477 406 kal.
2507 350 2719 408 Decem.
2753 350 2811 408 In
2840 352 3024 426 Syria,
3050 354 3357 426 Tropbimi,
3386 353 3687 425 Theodoti,
3721 354 3826 411 Ex-

2228 445 2461 516 pcccasi,
2492 444 2768 513 Eucherii,
2802 446 3047 517 Eusebii,
3075 448 3229 504 Julii.

2294 555 2350 595 ιιι
2368 538 2485 594 kal.
2514 539 2729 595 Decem.
2769 542 2977 609 Roma),
3006 541 3290 611 Arosonis,
3324 543 3631 614 Saturnini,
3656 541 3828 616 Chry-

2225 634 2433 699 santhi,
2469 633 2644 690 Daris:
2669 676 2684 701 ,
2716 636 2927 703 Mauri,
2958 647 3012 692 et
3034 637 3270 693 aliorum
3306 638 3651 709 septuaginta
3686 637 3822 693 duo-

2225 741 2364 781 rum.
2397 726 2452 780 lu
2485 726 2663 783 Callia
2686 769 2701 794 ,
2736 729 2956 785 civitate
2998 729 3195 786 Tolosa
3224 773 3239 799 ,
3294 732 3488 786 natalis
3544 730 3824 786 Saturnini

2226 820 2462 891 episcopi
2490 832 2544 875 et
2573 821 2849 894 martyris.

2302 913 2486 970 Pridie
2513 913 2619 969 kal.
2648 916 2849 971 Decem.
2889 915 2947 971 In
2999 915 3284 972 Provincia
3313 917 3550 989 Achaia,
3583 918 3819 976 civitate.

2225 1007 2439 1073 Patras,
2470 1009 2669 1064 natalis
2703 1008 2762 1065 S.
2786 1007 3019 1065 Andreze
3070 1011 3301 1081 apostoli
3342 1020 3394 1065 et
3426 1011 3710 1084 martyris.
3765 1013 3820 1070 In

2226 1100 2559 1166 Nicomedia,
2592 1114 2900 1157 sanctorum
2923 1101 3195 1171 Carionis,
3226 1103 3459 1160 Tironis.
3497 1105 3565 1159 Et
3611 1106 3665 1161 in
3699 1107 3811 1162 An-

2228 1191 2426 1247 tiochia
2456 1238 2469 1261 ,
2521 1193 2735 1249 Domini
2764 1240 2777 1263 ,
2814 1195 3057 1250 Merolae.
3092 1195 3151 1251 In
3205 1196 3513 1253 Mediolano
3538 1240 3554 1264 ,
3598 1198 3658 1255 S.
3692 1203 3821 1255 Am-

2226 1281 2395 1337 brosii
2440 1285 2685 1353 episcopi
2734 1283 2802 1338 de
2856 1284 3209 1355 perceptione
3257 1286 3530 1356 baptismi.
3595 1287 3818 1357 Romie,

2225 1377 2399 1431 sancti
2429 1376 2633 1431 Castuli
2655 1418 2670 1442 ,
2710 1387 2763 1431 et
2795 1377 3148 1447 Euprepetis,
3183 1377 3460 1434 Saturnini
3484 1377 3778 1451 Chrysanti
3802 1425 3815 1449 ,

2226 1479 2279 1521 et
2308 1466 2499 1535 Mauri,
2530 1468 2768 1539 Centuli,
2796 1468 3087 1535 Theodoti,
3110 1479 3165 1526 et
3196 1469 3456 1527 Januarii.

2676 1600 2927 1661 MENSIS
2973 1602 3294 1663 DECEMBE
3304 1606 3366 1662 Β.

2766 1718 2940 1775 Habet
2974 1719 3092 1776 dies
3126 1735 3277 1775 xxxi.

2302 1828 2431 1884 Kal.
2460 1828 2777 1886 Decembris.
2810 1831 3018 1887 Litania
3046 1830 3587 1903 indiccuda,Roma:,
3618 1842 3817 1889 sancta:

2229 1923 2524 1987 Candida},
2555 1922 2788 1980 Autboui
2810 1966 2826 1992 ,
2857 1923 3040 1989 Filati,
3077 1926 3250 1992 Lucii,
3285 1924 3566 1995 Matronae,
3598 1924 3813 1981 Justini.

2228 2017 2284 2073 lu
2310 2017 2513 2085 Africa,
2571 2017 2769 2073 Victori
2798 2059 2815 2085 ,
2876 2017 3068 2089 Rogati
3097 2061 3113 2087 ,
3145 2018 3422 2073 Mammari
3451 2058 3465 2083 ,
3496 2018 3780 2089 Alequata:
3802 2060 3817 2085 ,

2225 2110 2525 2174 Quinlasizn
2550 2152 2566 2177 ,
2598 2120 2653 2166 et
2683 2112 2879 2166 natalis
2910 2113 3084 2167 sancti
3110 2110 3359 2168 CaSSiani
3386 2154 3400 2178 ,
3444 2110 3777 2183 Kleupintiui
3802 2155 3817 2180 ,

2226 2204 2459 2271 Donati,
2517 2204 2839 2271 Saturnini,
2892 2206 3206 2274 Fortunati,
3238 2205 3497 2274 Luciani,
3529 2218 3584 2262 et
3615 2205 3814 2277 Optati.

2225 2298 2292 2353 In
2325 2296 2541 2365 Gallia,
2593 2298 2799 2353 civitate
2846 2299 3137 2369 Noriomo,
3180 2299 3245 2355 S.
3287 2299 3450 2370 Eligii
3494 2300 3730 2371 episcopi
3774 2310 3818 2355 et

2222 2397 2551 2466 confessoris.
3802 2456 3805 2459 Α

2294 2506 2347 2546 tv
2371 2507 2495 2545 non.
2524 2488 2766 2545 Decemb.
2801 2487 3009 2550 Roma),
3040 2486 3241 2542 natalis
3270 2487 3329 2543 S.
3360 2487 3643 2559 Primenti,
3672 2487 3819 2544 Pon-

2223 2589 2355 2644 tiani
2386 2632 2398 2655 ,
2434 2587 2626 2641 Pimiui
2654 2630 2669 2656 ,
2718 2584 3029 2641 Juveniani.
3078 2584 3134 2639 in
3169 2585 3490 2641 Mauritania
3517 2627 3533 2654 ,
3579 2586 3810 2655 Severi,

2222 2683 2441 2746 Securi,
2484 2681 2763 2747 Januarii,
2806 2680 3112 2748 Victorini,
3170 2680 3496 2749 Fortunati,
3552 2680 3814 2754 Meggini,

2220 2775 2503 2831 Debhuchi
2531 2815 2547 2842 ,
2601 2774 2906 2839 Victurini,
2936 2774 3181 2831 Clemeni
3206 2817 3221 2841 ,
3275 2775 3574 2843 Pontiani,
3623 2778 3819 2832 Candi-

2218 2871 2335 2938 das,
2364 2868 2696 2925 Mammarite
2719 2914 2733 2938 ,
2770 2868 3019 2939 Agnetis,
3053 2870 3307 2935 Donata,
3364 2869 3596 2937 Primae,
3632 2869 3817 2926 Victu-

2218 2966 2346 3037 rire,
2378 2966 2679 3033 Secundae,
2728 2962 3007 3036 Septimis:
3032 3007 3045 3032 ,
3082 2965 3369 3033 Maximzn,
3416 2966 3641 3023 Donata:
3666 3009 3681 3035 ,
3716 2966 3815 3023 Sa-

2219 3062 2474 3117 turninae.

523 3156 722 3212 mentis
748 3154 988 3225 episcopi
1031 3164 1086 3209 et
1130 3154 1385 3226 martyris
1407 3192 1422 3219 ,
1457 3152 1799 3224 Chrysogoni
1828 3198 1841 3221 ,
1884 3152 1943 3208 S.
1976 3153 2118 3208 Feli-
2148 3138 2195 3202 C
2297 3170 2353 3209 ιιι
2398 3170 2523 3208 non.
2556 3152 2798 3207 Decemb.
2831 3150 2888 3206 In
2920 3152 3165 3219 Oriente,
3214 3150 3477 3219 Merohii,
3534 3152 3810 3221 Claudici,

520 3251 735 3316 citatis,
778 3248 1018 3303 Maximi.
1061 3246 1127 3301 Et
1166 3246 1436 3312 Ccdecas,
1468 3246 1523 3301 S.
1559 3244 1722 3301 Marci
1756 3247 2013 3317 episcopi.
2063 3249 2117 3303 In

519 3343 755 3399 Cmsaria
823 3341 1220 3413 Cappadocia,
1276 3340 1606 3408 Verociani,
1668 3352 1723 3396 et
1777 3341 2000 3396 Euticis.
2062 3340 2116 3396 lu

519 3435 895 3502 Alexandria,
954 3434 1151 3491 natalis
1208 3434 1265 3492 S.
1323 3436 1586 3506 episcopi.
1649 3434 1702 3489 In
1761 3434 1993 3501 Tuscia,
2056 3435 2113 3491 S.

518 3530 816 3596 Musculte,
872 3528 1099 3597 Felicis,
1150 3528 1376 3598 Vitalis,
1425 3527 1714 3594 Martiani,
1766 3527 2108 3583 Bonifatiani.

518 3624 817 3689 Bituricas,
865 3622 923 3678 8.
960 3622 1139 3678 Fateri
1180 3624 1510 3693 presbyteri.
1561 3619 1628 3675 In
1658 3618 1824 3675 Italia
1849 3662 1863 3686 ,
1912 3636 2119 3674 monas-

520 3717 649 3770 terio
692 3715 884 3785 Bobio,
937 3716 1191 3785 depositio
1234 3718 1403 3770 sancti
1448 3714 1754 3770 Columbani
1794 3715 2012 3770 abbatis.
2051 3714 2116 3770 In

520 3807 698 3863 Gallia
721 3848 736 3876 ,
771 3810 883 3861 vico
911 3807 1191 3880 Sarcingo,
1217 3809 1472 3879 depositio
1500 3811 1664 3863 sancti
1694 3807 1959 3864 Trudonis
1978 3825 2115 3879 pres-

518 3901 684 3973 byteri
709 3910 753 3954 ct
782 3900 1112 3970 confessoris.

591 4007 683 4049 vtu
726 3991 833 4046 kal.
867 3991 1075 4048 Decem.
1114 3991 1168 4048 In
1197 3992 1441 4064 Aquileia
1470 3994 1707 4062 civitate,
1742 3998 1917 4072 sancti
1942 3996 2116 4069 Chry-

519 4086 733 4157 sogoni,
770 4084 1071 4153 Eleutheri,
1098 4096 1151 4141 et
1176 4086 1413 4141 Maximi.
1441 4086 1508 4142 Et
1534 4088 1588 4143 in
1614 4089 1814 4159 oppido
1844 4090 2111 4158 ejusdem,

518 4178 810 4235 Antiroditi
835 4177 1098 4250 episcopi.
1132 4177 1189 4235 In
1218 4180 1419 4246 Al'rica,
1444 4181 1749 4248 Mammeri,
1771 4183 1972 4245 Saturi.
2006 4184 2113 4238 Ro-

514 4274 649 4343 gati,
682 4272 908 4338 Donati,
938 4282 993 4329 et
1022 4273 1254 4329 aliorum
1284 4274 1493 4345 viginti.
1528 4272 1584 4329 in
1616 4274 1838 4330 Perusia
1879 4276 2109 4345 Tusciat,

513 4368 575 4425 S.
606 4364 953 4421 Felicissimi.

584 4475 659 4515 vit
686 4460 790 4516 kal.
821 4458 1028 4516 Decem.
1067 4460 1318 4529 Luciani,
1352 4461 1631 4529 Martiani,
1666 4461 1970 4532 Claudiani,
2004 4464 2111 4539 Cy-

2224 3245 2444 3303 Felicis.
2502 3246 2558 3301 In
2618 3245 2974 3310 Nicomedia,
3038 3245 3289 3301 Utnhuci.
3350 3244 3522 3310 Item,
3579 3244 3811 3309 Felicis,

2198 3339 2484 3396 Victorici
2510 3384 2524 3407 ,
2573 3339 2724 3395 Julii.
2780 3338 2836 3392 ln
2865 3338 3066 3409 Africa,
3098 3338 3361 3410 Crispini,
3392 3338 3626 3409 Magnae,
3654 3338 3817 3394 Joan-

2223 3434 2332 3497 nis,
2380 3433 2668 3502 Slephaui,
2705 3431 2966 3499 Victoris,
2997 3430 3236 3499 Martini,
3277 3430 3585 3488 Saviniani.
3619 3430 3676 3488 lit
3709 3432 3813 3487 Bo-

2222 3525 2383 3581 nouia
2411 3567 2425 3592 ,
2454 3534 2656 3581 sancta:
2684 3525 2989 3597 Agricola,
3020 3537 3076 3582 et
3115 3525 3308 3597 Intingi
3336 3572 3351 3598 ,
3380 3524 3665 3596 Cassiani,
3694 3526 3813 3583 Cri-

2219 3633 2383 3689 spint.

2291 3725 2327 3764 ιι
2353 3725 2475 3764 non.
2503 3709 2629 3764 Dec.
2662 3709 2948 3777 Heraclea,
2972 3708 3284 3778 Christiani,
3315 3710 3564 3779 Pudenti,
3594 3709 3779 3783 Migiui
3798 3752 3813 3779 ,

2220 3801 2451 3858 Victori.
2488 3803 2554 3858 Et
2589 3804 2639 3858 in
2669 3801 2929 3860 Laodicia
2959 3803 3266 3875 Metropoli,
3296 3802 3526 3873 Felicis,
3560 3804 3815 3873 Merobii,

2218 3894 2430 3962 Faladi,
2461 3894 2716 3953 Umbuni.

2292 3989 2438 4045 Non.
2494 3988 2622 4045 Dec.
2678 3989 2885 4047 Natalis
2915 3990 2973 4047 S.
3018 3990 3272 4062 Crispini.
3327 3988 3386 4045 In
3432 3989 3654 4057 Africa,
3700 3990 3816 4046 Hu-

2220 4083 2375 4151 mili,
2439 4083 2640 4139 Felicis
2668 4127 2682 4151 ,
2738 4082 2870 4140 Julii
2901 4130 2915 4153 ,
2975 4085 3259 4140 Patomia.
3295 4084 3428 4139 Item
3458 4126 3473 4151 ,
3528 4085 3767 4155 Crispini
3800 4130 3814 4153 ,

2220 4178 2436 4233 Ileracli
2465 4219 2479 4245 ,
2530 4178 2748 4248 Missae,
2808 4178 3077 4247 Victoris,
3130 4177 3415 4249 Trophimi
3447 4220 3460 4241 ,
3509 4179 3816 4250 Eucarpio-

2216 4274 2311 4341 ni,
2388 4283 2442 4328 et
2504 4272 2737 4328 aliorum
2810 4287 3050 4341 novem,
3120 4270 3449 4328 Sanctorum
3513 4272 3802 4341 Candori,

2216 4364 2582 4431 Nanfamoui,
2639 4366 2837 4431 Pauli,
2897 4366 3089 4432 Marci,
3142 4366 3324 4433 Jussi,
3381 4366 3625 4433 Privati,
3681 4364 3813 4421 Ful-

2217 4460 2388 4530 gentii
2431 4501 2447 4526 ,
2477 4458 2740 4515 Matrona:
2764 4499 2780 4525 ,
2831 4457 3055 4525 Feladi,
3092 4458 3153 4515 S.
3203 4458 3417 4529 Mariae,
3448 4459 3506 4515 S.
3541 4460 3810 4528 Amantii,

512 4553 711 4623 priani,
743 4552 1033 4621 Martialis,
1059 4552 1229 4621 Petri,
1255 4554 1473 4623 Felicis,
1502 4555 1714 4625 Vitalis,
1738 4557 1957 4629 Juliani,
1986 4533 2107 4615 vic-
2136 4533 2190 4596 ι)
2215 4553 2478 4623 episcopi.

512 4646 667 4713 toris,
693 4645 965 4715 Januarii,
1000 4645 1236 4713 Donati,
1275 4646 1538 4715 Quiriaci.

580 4756 635 4795 vt
663 4738 769 4795 kal.
795 4739 1003 4795 Decem.
1025 4740 1211 4796 Romte
1230 4784 1244 4807 ,
1277 4750 1589 4798 sanctorum
1616 4741 1799 4799 Siricii
1828 4744 2064 4816 episcopi
2086 4789 2102 4809 .

514 4840 569 4887 et
598 4833 897 4889 Saturnini.
926 4834 981 4888 ltt
1010 4836 1251 4903 Aquileia
1272 4877 1287 4901 ,
1313 4833 1589 4891 Valeriani
1618 4837 1857 4908 episcopi
1890 4846 1944 4893 et
1972 4855 2105 4894 con-

510 4923 769 4992 fessoris,
816 4927 1129 4993 Ammonii,
1174 4926 1363 4983 Sereui
1390 4969 1406 4995 ,
1443 4928 1716 4984 Romanas.
1768 4930 1822 4985 In
1856 4932 2103 4987 Alexan-

507 5014 652 5077 dria,
685 5015 850 5071 Petri.
887 5019 942 5073 In
974 5019 1191 5087 Africa,
1222 5019 1427 5089 Monte,
1458 5020 1630 5076 Melisi
1657 5064 1670 5087 ,
1710 5022 1947 5089 Dorium,
1976 5023 2100 5080 Vic-

506 5107 739 5174 torinar,
787 5119 841 5164 et
891 5110 1213 5167 Marcellini.
1268 5113 1685 5186 Augustiduuo,
1718 5116 1992 5187 depositio
2039 5118 2098 5174 8.

502 5201 785 5258 Amatoris
823 5203 1084 5275 episcopi.

572 5311 606 5352 ν
632 5295 738 5350 kal.
770 5295 981 5353 Decem.
1012 5298 1065 5351 In
1095 5298 1407 5355 Nicomedia
1427 5340 1441 5363 ,
1476 5300 1748 5366 Marcelli,
1779 5302 1960 5367 Petri,
1992 5301 2100 5357 Nu-

499 5388 662 5455 meri,
699 5387 890 5444 Sereui
914 5433 928 5458 ,
964 5388 1160 5456 Melisi,
1202 5390 1480 5445 Victorini.
1539 5391 1594 5445 In
1626 5392 1833 5459 Gallia,
1878 5393 2098 5449 civitate

500 5480 775 5548 Bononia,
801 5481 1107 5552 Agricolae,
1145 5492 1200 5538 et
1232 5482 1448 5551 Vitalis,
1482 5484 1689 5555 Magni,
1722 5484 1871 5540 Julii.
1902 5486 1956 5541 lu
1988 5486 2096 5541 Me-

496 5572 719 5627 diolano
746 5615 759 5638 ,
805 5574 1002 5641 Luem,
1037 5573 1302 5640 Andreas,
1334 5574 1582 5640 Joannis,
1612 5576 1836 5645 Severi,
1882 5577 2099 5646 Euphe-

496 5665 643 5720 miam
701 5663 757 5718 In
810 5666 1033 5722 civitate
1088 5666 1342 5739 chiensi
1376 5709 1392 5735 ,
1446 5669 1716 5740 depositio
1760 5670 1819 5727 S.
1877 5670 2095 5727 Maximi

491 5766 758 5829 episcopi.

2286 4663 2382 4703 vtit
2412 4647 2531 4702 idus
2553 4648 2681 4703 Dec.
2714 4646 2772 4703 lu
2803 4647 2987 4705 Africa
3016 4692 3030 4719 ,
3060 4648 3266 4720 Zeloti,
3299 4647 3628 4717 Fortunati,
3678 4647 3812 4717 Gai,

2212 4740 2573 4812 Hermogenis
2595 4752 2649 4797 et
2674 4741 2979 4815 Rogatiaui.

2284 4851 2359 4890 vn
2389 4836 2509 4889 idus
2534 4835 2657 4891 Dec.
2691 4837 2977 4890 Antiochia
3006 4878 3019 4900 ,
3051 4835 3337 4907 Polycarpi
3362 4878 3377 4902 ,
3408 4834 3685 4891 Theodori
3714 4878 3729 4903 ,
3759 4846 3814 4892 ct

2212 4928 2415 4997 Sapici,
2449 4926 2721 4993 Severini,
2757 4927 3387 4997 Secuntlini,Victorini,
3417 4930 3736 4996 Clementis,
3759 4940 3814 4985 et

2213 5020 2428 5076 Primte.
2450 5021 2636 5075 Passio
2666 5020 2722 5076 8.
2744 5022 2927 5077 Savini
2962 5023 3228 5091 episcopi.

2285 5129 2339 5167 vt
2368 5114 2491 5168 idus
2521 5114 2647 5167 Dec.
2686 5115 2909 5172 Eusebii
2931 5116 3193 5187 episcopi,
3219 5114 3425 5173 Usanni
3478 5113 3805 5184 presbyteri,

2210 5205 2465 5262 Successi
2499 5208 2763 5278 episcopi.

2280 5315 2314 5352 ν
2344 5301 2461 5355 idus
2492 5301 2613 5355 Dec.
2670 5302 2725 5356 In
2759 5299 2942 5359 Africa
2982 5342 2997 5367 ,
3032 5302 3226 5369 Petri,
3280 5298 3557 5363 Successi,
3593 5298 3805 5366 Basini,

2213 5393 2467 5461 Victoris,
2499 5394 2716 5460 Tonini,
2747 5394 3054 5468 Porphyrii,
3086 5395 3312 5462 Urbani,
3360 5394 3661 5462 Januariie,
3688 5394 3809 5465 Ma-

2210 5486 2344 5551 lani,
2368 5484 2641 5540 Pascenti.
2676 5484 2815 5541 Item
2864 5487 3087 5553 Urbani,
3118 5487 3413 5549 Januarize,
3452 5485 3671 5551 Maiani,
3706 5486 3807 5540 Pa—

2206 5582 2402 5634 scenti.
2446 5580 2578 5635 Item
2625 5580 2854 5647 Urbani,
2912 5582 3199 5647 Bonifaeii,
3252 5592 3304 5637 et
3347 5580 3583 5636 aliorum
3614 5580 3804 5650 Viginti

2204 5676 2390 5728 trium.
2454 5675 2508 5729 In
2568 5674 2890 5743 Antiochia,
2938 5674 3192 5743 Geronti,
3242 5674 3522 5739 Polintite,
3561 5673 3803 5739 Silvani,

2200 5765 2501 5836 Valentiae,
2535 5766 2879 5834 Valentinus,
2932 5767 3142 5830 Maria',
3196 5767 3453 5834 Donatte,
3512 5766 3803 5834 Victurize,
