4048 6310
216 256 318 317 485

1327 240 1535 305 LIBER
1565 240 1863 303 COMlTlS.
1887 239 2290 303 ADMONITIO.

3397 238 3503 303 486

213 374 471 447 Agnillaa,
502 367 799 439 Juventius,
842 366 1099 439 Rogata),
1140 360 1536 435 Hermogenis,
1569 360 1796 427 Felicis,
1830 367 1877 423 Α
1910 360 2058 423 toris,
2092 356 2307 425 Quarti,
2337 352 2616 420 llonorati,
2650 351 2935 423 Simplicii,
2972 352 3316 426 Anipatnovi,
3350 352 3499 411 Feli-

212 470 501 533 Lutieiani,
531 464 804 522 Flaviani.
1464 450 1489 477 "

284 578 337 618 ιν
363 561 484 617 idus
536 558 664 614 Dec.
722 553 955 621 Victori,
1008 548 1287 617 Consenti,
1335 544 1582 616 Adriani,
1637 544 1807 601 llera-

212 659 321 725 elii,
357 655 661 718 Erumenti,
696 651 947 719 Pudenti,
998 649 1202 719 Migini,
1255 643 1573 706 Victuriani,
1632 640 1804 705 Pauli,

212 749 437 816 Urbani,
468 747 655 810 Marci.
697 746 943 811 Cirinici,
989 743 1240 807 Catciliac,
1273 739 1603 803 Orbanellze,
1659 733 1808 790 Cris-

211 846 375 915 pinte,
404 841 692 908 Polentiae,
716 840 971 903 Privatae,
1008 836 1348 894 Vibianellie.
1383 830 1622 905 Cyriaci.
1655 828 1804 884 Julii.

214 937 428 1001 Romae,
477 935 749 1004 depositio
778 933 1003 988 Damasi
1057 930 1249 1000 Papae;
1301 922 1581 982 Germani.
1626 921 1803 985 Eludi,

217 1029 496 1102 Evangeli,
522 1027 848 1096 Thrasonis,
877 1025 1045 1082 Mauri
1098 1024 1167 1079 Et
1197 1023 1249 1076 in
1278 1019 1500 1077 civitate
1521 1013 1804 1077 Arvernis,

213 1121 507 1193 Agricolae,
532 1129 587 1176 et
616 1120 809 1175 Vitalis
841 1129 1165 1187 martyrum.
1193 1113 1253 1168 In
1280 1111 1560 1181 Hispania,
1590 1104 1808 1162 civitate

213 1213 478 1279 Emerita,
509 1196 692 1283 passio
721 1212 779 1266 S.
816 1209 1038 1265 Eulaliae
1064 1206 1312 1275 virginis.

282 1322 344 1362 ιιι
368 1306 486 1359 idus
519 1304 647 1359 Dec.
680 1304 889 1366 Romae,
923 1300 980 1357 S.
1023 1297 1271 1364 Eulaliae,
1306 1292 1625 1359 Thrasonis,
1661 1289 1807 1346 Pon-

212 1398 372 1466 tiani,
404 1396 723 1467 Capitolini,
769 1402 823 1449 et
852 1394 1086 1459 aliorum
1131 1390 1427 1444 multorum
1456 1388 1587 1441 sine
1620 1399 1809 1439 nume-

211 1507 295 1547 ro.
329 1490 385 1543 In
421 1489 776 1555 Alexandria,
805 1484 1113 1541 Sammoni.
1159 1482 1228 1537 Et
1266 1481 1539 1545 Emeritze,
1576 1477 1805 1534 Urbani.

218 1580 273 1637 In
303 1580 599 1651 HiSpaniis,
635 1578 923 1633 Euticiani.
987 1575 1045 1630 In
1090 1573 1399 1639 Antiochia,
1453 1569 1804 1635 Seeundiani,

214 1673 467 1740 Secundi,
503 1671 726 1736 Zosimi,
759 1668 937 1735 Pauli,
968 1675 1026 1724 et
1051 1664 1292 1738 Kyriaei,
1326 1663 1490 1719 Jnsti.
1522 1659 1807 1717 Ambianis

1906 452 2006 516 eis,
2034 446 2314 516 Vincenti,
2347 457 2400 503 et
2426 447 2662 502 aliorum
2714 444 2935 514 triginta
2984 463 3183 503 novem
3211 447 3401 504 simul.
3433 451 3499 505 Et

1908 546 2111 611 Octori,
2151 541 2364 611 Quinti,
2398 542 2614 609 Donati,
2660 538 2939 608 Victoriae,
2994 540 3267 609 Dioscori,
3325 540 3496 599 Justi-

1909 641 2072 697 niani.

1984 752 2049 791 xv
2080 734 2182 790 kal.
2208 733 2335 789 Jan.
2370 732 2624 789 Laodicia
2654 731 2893 799 civitate,
2921 729 3193 796 Theotini,
3219 731 3500 792 Basiliani.

1910 830 1968 885 In
1993 829 2195 891 Alt-ica.
2225 829 2431 895 Quinti,
2466 826 2741 897 Simplici,
2776 826 3049 896 Pompini,
3088 824 3301 891 Attilae,
3330 827 3506 884 Chre-

1911 925 2004 989 sti,
2035 922 2209 992 Digni,
2239 921 2440 983 Datoli.
2470 919 2698 984 Urbani,
2730 918 2974 990 Martyri,
3007 912 3289 983 Honorati,
3315 919 3499 986 Evasi,

1911 1016 2201 1083 Victorini,
2234 1013 2560 1077 Salvatoris,
2592 1012 2891 1079 Terturini,
2929 1012 3212 1081 Victurim,
3262 1014 3508 1071 Cazcilia-

1910 1110 1990 1178 ni,
2032 1109 2284 1178 Septimi,
2337 1107 2570 1172 Rustici,
2619 1108 2823 1172 Bes~:e,
2868 1107 3162 1174 Viciniani,
3214 1108 3502 1180 Honorati,

1909 1204 2186 1272 Lucaniae,
2234 1203 2579 1267 Reductulac,
2639 1203 2920 1269 Victor-ite,
2973 1204 3285 1273 Privatulae,
3338 1203 3510 1260 Caeci-

1910 1295 2019 1362 liae,
2056 1296 2357 1361 Saturnini,
2391 1295 2709 1361 Phamonis,
2743 1295 2964 1361 Felicis,
2994 1296 3268 1367 Vincenti,
3302 1297 3506 1367 Aresti,

1910 1390 2101 1455 Musei,
2133 1388 2370 1455 Siddini,
2403 1389 2711 1459 Adjutoris.
2763 1389 2972 1457 Rnrna‘,
3008 1388 3189 1446 Lttcite
3234 1389 3508 1463 Martyris,

1910 1498 1967 1543 et
2001 1486 2220 1543 Auceiae
2243 1484 2433 1556 Regis,
2464 1482 2629 1540 simul
2656 1494 2713 1541 et
2738 1485 3023 1554 Antonini,
3048 1484 3270 1554 Erenei,
3300 1486 3514 1557 Papen-

1914 1596 2015 1647 sa},
2061 1580 2376 1651 Apolliniae,
2426 1579 2691 1648 Apamiaz,
2743 1578 3016 1649 Poenicis,
3068 1577 3511 1646 Cussevarionis,

1914 1672 2178 1743 Papissei,
2212 1671 2411 1728 Saturii
2434 1713 2449 1738 ,
2474 1671 2695 1727 Satarii.
2726 1668 2917 1726 Passio
2964 1669 3021 1727 S.
3053 1670 3197 1726 Afra:
3244 1670 3513 1742 Virginis,

211 1765 459 1830 Civilale.
517 1763 715 1819 natalis
762 1760 1048 1825 ViClOFiCi.
1100 1757 1392 1822 ῖυδοίδηῖ,
1446 1763 1502 1810 ει
1555 1753 1805 1809 Galliam
1837 1758 1885 1819 B
1918 1762 2174 1830 Victoris,
2205 1761 2480 1829 Basiliani,
2514 1761 2798 1832 Honorati,
2832 1778 2954 1818 eum
3000 1763 3120 1819 aliis
3150 1763 3338 1835 viginti
3370 1763 3509 1821 duo-

211 1869 537 1929 martyrum.
590 1857 655 1911 Et
702 1855 864 1922 alibi,
907 1852 1105 1909 natalis
1146 1851 1204 1908 S.
1258 1851 1465 1915 Marias,
1496 1857 1551 1905 et
1578 1849 1809 1903 aliorum

211 1953 532 2006 multorum.

282 2039 471 2095 Pridie
507 2039 623 2094 idus
651 2035 780 2095 Dec.
808 2033 1185 2107 Hermogenis,
1220 2033 1463 2103 Donatac,
1492 2041 1547 2089 et
1576 2031 1810 2089 aliorum

212 2133 407 2204 viginti
430 2133 563 2189 duo.

288 2223 423 2279 Idus
451 2221 581 2278 Dec.
635 2223 889 2279 Ravenna
917 2223 1154 2287 civitate,
1206 2221 1475 2287 Ursionis,
1505 2226 1560 2274 et
1604 2218 1809 2274 Leoea-

215 2318 289 2374 dii
320 2317 699 2387 Confessuris,
734 2326 790 2372 et
823 2315 1090 2370 Valentini
1127 2314 1393 2385 Martyris.
1425 2311 1703 2384 ,Syraensa
1732 2311 1811 2365 ci-

210 2413 377 2466 vitate
409 2410 638 2475 Siciliae,
687 2407 884 2463 natalis
915 2407 974 2464 S.
1028 2406 1207 2463 Lueiae
1251 2406 1507 2477 Virginis,
1544 2414 1598 2460 et
1631 2404 1687 2460 S.
1724 2402 1811 2459 Si-

219 2505 389 2570 censi,
416 2502 718 2571 Saturnini,
751 2502 931 2567 Casti,
984 2500 1165 2569 Pauli,
1221 2499 1439 2564 Felicis,
1469 2497 1810 2566 Quintiliani,

215 2597 466 2667 Modesti,
526 2594 809 2660 Victorini,
866 2594 1149 2657 Januarii,
1205 2593 1459 2658 Getdini,
1518 2589 1800 2657 Felieiani,

214 2690 505 2761 Stcrcorii,
534 2689 773 2756 Felicire,
825 2689 1067 2755 Donata},
1103 2687 1356 2754 Valerize,
1379 2686 1673 2754 Coloniae,
1709 2684 1811 2741 Sa-

216 2787 441 2851 turnini,
467 2781 728 2849 Urbance,
761 2780 1012 2837 Maritimi
1033 2821 1048 2849 ,
1079 2778 1352 2846 Victurize,
1384 2776 1702 2848 Simplieize,
1759 2784 1816 2832 et

215 2880 424 2949 Securi,
467 2878 664 2933 Dativi.

286 2988 375 3029 χιιι
408 2971 523 3027 kal.
556 2969 822 3026 Januarii.
856 2968 911 3024 lu
957 2966 1271 3034 Antiochia,
1332 2966 1513 3033 Drusi,
1538 2974 1596 3023 et
1638 2967 1815 3022 socio-

214 3083 335 3122 rum
363 3068 487 3136 ejus
530 3079 756 3119 numero
792 3063 976 3128 trium,
1009 3060 1236 3126 Zosimi,
1263 3065 1320 3114 ct
1352 3057 1409 3114 S.
1438 3058 1619 3113 Lucite
1650 3058 1814 3129 virgi-

1915 1854 2014 1909 btts
2045 1855 2400 1923 martyribus.

1987 1963 2073 2001 xrv
2104 1945 2211 2000 kal.
2240 1944 2369 2000 Jan.
2404 1944 2460 2000 In
2493 1944 2673 2001 Nicaea
2702 1945 2919 2002 civitate
2951 1946 3240 2019 Bithyniae,
3277 1949 3503 2018 Zosimi,

1916 2039 2092 2106 Pauli,
2119 2038 2376 2105 Secundi,
2409 2035 2642 2109 Cyriaci.
2676 2037 2745 2091 Et
2789 2037 2940 2105 alibi,
2980 2047 3292 2094 sanctorum
3340 2045 3515 2097 Anas-

1917 2132 2065 2196 tasii,
2089 2138 2143 2186 et
2171 2128 2384 2184 Siddini
2419 2128 2823 2199 episcoporum,
2858 2128 3215 2200 Cbrysanthi,
3240 2140 3297 2187 et
3334 2132 3512 2189 Darite

1918 2226 2235 2295 martyrum.
2262 2223 2613 2283 Autisiodero,
2647 2221 2780 2276 beati
2810 2219 3051 2295 Gregorii
3081 2240 3255 2295 papaz.

1994 2331 2089 2371 xm
2131 2314 2235 2369 kal.
2266 2312 2394 2369 Jan.
2439 2313 2496 2368 In
2529 2313 2783 2381 Thracia,
2813 2314 3031 2369 civitate
3071 2315 3337 2384 Gildoba,
3366 2315 3519 2389 Julii,

1917 2412 2113 2467 natalis
2143 2408 2342 2476 Teclze,
2367 2420 2423 2464 et
2450 2409 2621 2463 sancti
2649 2406 2936 2474 Libertini,
2967 2406 3191 2464 Zosimi.

1988 2519 2063 2560 xu
2102 2502 2208 2557 kal.
2236 2499 2366 2556 Jan.
2399 2500 2456 2556 ln
2489 2501 2894 2571 Me50potamia,
2939 2500 3159 2566 natalis,
3196 2509 3255 2557 et
3290 2503 3522 2557 transla-

1920 2599 1994 2653 tio
2008 2596 2179 2651 sancti
2198 2594 2425 2649 Thomze
2444 2591 2697 2663 apostoli,
2719 2593 2809 2663 qui
2835 2594 3128 2647 translatus
3152 2604 3235 2649 est
3251 2595 3320 2649 ab
3341 2594 3515 2665 ludia,

1917 2689 2073 2759 cujus
2120 2687 2303 2758 passio
2333 2685 2532 2741 ibidem
2562 2685 2898 2740 celebratur.
2928 2684 2984 2739 ln
3020 2686 3301 2752 Heraclea,
3348 2689 3523 2742 sancti

1918 2783 2153 2840 Passini.
2184 2782 2392 2845 Homer,
2416 2779 2686 2850 depositio
2707 2779 2880 2833 sancti
2906 2778 3236 2848 Innocentii,
3261 2788 3317 2835 et
3339 2781 3522 2851 passio

1918 2888 2235 2936 sanctorum
2266 2876 2447 2941 Foeta,
2493 2873 2681 2942 Florii,
2737 2874 2999 2929 ilonorati
3039 2874 3282 2945 episc0pi
3310 2882 3365 2930 et
3392 2889 3525 2930 eon-

1920 2972 2169 3030 lessoris.

1992 3084 2045 3123 χι
2071 3066 2178 3121 kal.
2210 3062 2337 3121 Jan.
2366 3064 2424 3119 In
2456 3062 2771 3132 Antiochia,
2806 3066 2980 3121 sancti
3005 3065 3228 3134 Basilei,
3262 3065 3527 3137 Serapio-

216 3161 322 3217 nis.
351 3158 633 3231 ‘Lngduno
683 3155 891 3220 Galliae,
948 3155 1006 3209 S.
1057 3152 1289 3207 Victoris
1327 3152 1568 3221 episcopi
1613 3161 1667 3205 et
1690 3166 1820 3206 con-
1846 3145 1891 3208 C
1926 3161 2029 3233 nis.
2061 3158 2268 3225 Romae,
2295 3158 2383 3213 via
2416 3156 2705 3223 Lavicana,
2740 3159 2883 3213 inter
2921 3157 3061 3214 duas
3088 3159 3295 3225 lauros,
3328 3160 3526 3214 natalis

218 3249 471 3307 tesseris.
528 3247 758 3311 Vienna,
786 3244 1031 3314 Lupicini
1063 3243 1323 3313 episcOpi.
1370 3240 1579 3307 Remis,
1624 3243 1821 3299 natalis

217 3341 278 3400 S.
313 3340 524 3398 Nieasii
564 3336 832 3411 episcopi,
859 3344 914 3391 et
938 3336 1179 3405 Sacrcpi,
1228 3335 1505 3404 Aspediar,
1531 3334 1813 3391 'l‘heudoli.

291 3449 432 3490 xvm
463 3431 569 3485 kal.
602 3429 729 3483 Jan.
761 3426 819 3483 In
848 3426 1050 3494 Africa,
1087 3426 1354 3493 Faustini,
1390 3423 1567 3492 Lucii,
1619 3428 1823 3482 (laudi-

219 3527 331 3591 dze,
396 3522 613 3591 Materi,
672 3520 857 3585 Marci,
914 3518 1181 3584 Janttarii,
1232 3518 1461 3585 Victori,
1522 3518 1821 3588 Caeciliani,

220 3616 484 3683 Maximi,
517 3614 753 3681 Marciae,
803 3612 1160 3679 Machaonite,
1208 3612 1481 3676 Vieturite,
1532 3610 1818 3681 Secundae,

220 3710 448 3774 Primae,
493 3706 830 3773 Saturninte,
872 3704 1192 3772 Machrosre,
1226 3703 1406 3771 Ninze,
1435 3704 1743 3774 Restitutre,
1773 3717 1828 3761 et

220 3805 461 3860 aliorum
495 3802 771 3858 undecim.
798 3801 855 3855 ln
886 3799 1184 3865 Ascalone,
1217 3798 1410 3867 llcliic,
1440 3798 1691 3856 Candidi.
1718 3800 1829 3855 Au-

221 3899 445 3954 relianis
474 3899 699 3962 ciuitate,
720 3893 942 3950 Maximi
967 3893 1251 3966 presbyteri
1272 3904 1318 3948 et
1349 3896 1681 3966 confessoris.

1926 3264 2238 3309 sanctorum
2270 3252 2490 3321 triginta
2519 3250 2818 3324 Martyrum
2852 3265 2960 3306 una
3000 3250 3089 3305 die
3112 3262 3523 3309 coronatorum.

1930 3346 1997 3401 Et
2024 3344 2211 3415 Ostite,
2247 3344 2444 3399 natalis
2472 3354 2786 3397 sanctorum
2837 3342 3116 3405 Demetrii,
3150 3343 3435 3398 Honorati.
3464 3346 3532 3400 Et

1927 3439 2077 3507 alibi,
2111 3437 2308 3494 natalis
2334 3446 2646 3492 sanctorum
2676 3433 2901 3500 Felicis,
2926 3433 3175 3489 Joannis.
3207 3434 3417 3505 Romat,
3445 3436 3533 3494 via

1926 3534 2187 3601 Salense,
2232 3528 2504 3599 depOsilio
2552 3527 2724 3581 sancti
2759 3525 2976 3591 Felicis,
3018 3536 3073 3583 et
3098 3528 3278 3597 passio
3326 3540 3531 3586 sanctae

1925 3624 2270 3689 Theodosiaz,
2304 3620 2549 3691 virginis,
2594 3629 2649 3676 et
2678 3619 2889 3691 Didymi
2919 3621 3195 3675 monachi.

1999 3737 2033 3775 ι
2059 3718 2165 3773 kal.
2195 3713 2322 3770 Jan.
2353 3714 2634 3784 Depositio
2661 3722 2863 3768 sancite
2889 3712 3162 3781 Victoriae,
3190 3713 3400 3782 Romae,
3424 3717 3529 3772 sub

1932 3813 2119 3878 Decio,
2150 3824 2273 3881 quae
2300 3822 2423 3863 cum
2464 3814 2613 3862 esset
2652 3805 2985 3875 desponsata
3028 3806 3147 3862 viro
3200 3822 3432 3879 pagano,
3476 3816 3534 3865 et

1931 3906 2189 3963 rel.....

294 4009 413 4049 xvu
433 3991 543 4046 kal.
570 3992 698 4045 Jan.
724 3990 1007 4057 Ravenna,
1035 3988 1331 4055 Valentini,
1387 3988 1629 4057 Navalis,
1674 3991 1802 4061 Agri

2008 3998 2207 4054 Caetera
2237 3993 2338 4065 legi
2360 4009 2462 4047 non
2482 4001 2763 4064 potuerunt
2791 3992 2844 4047 in
2868 4009 2965 4047 ms.
2989 4003 3166 4066 utpote
3192 4010 3226 4048 a
3246 3995 3396 4050 tineis
3417 4011 3535 4050 cor-

223 4087 387 4154 cuias,
421 4084 741 4150 Concordii,
772 4082 994 4138 Justini.
1027 4081 1261 4149 Arelato,
1292 4083 1552 4137 dedicatio
1602 4083 1833 4139 basilica:
1932 4107 2055 4146 rosa
2073 4108 2090 4155 ;
2120 4085 2313 4143 scilicet
2338 4086 2400 4139 ab
2426 4083 2523 4138 hac
2554 4086 2637 4139 die
2656 4085 2722 4139 ad
2750 4100 2842 4140 vm
2868 4084 2972 4141 kal.
3002 4084 3129 4142 Jan.
3162 4103 3195 4141 α
3222 4104 3323 4158 qua
3346 4089 3526 4158 incipit

224 4187 270 4232 et
287 4176 486 4230 altaris
514 4175 575 4229 S.
607 4173 819 4228 Genesii
842 4174 1111 4243 martyris.
1937 4181 2093 4237 hocce
2128 4179 2582 4252 Martyrologium.

298 4285 394 4326 xvr
424 4268 533 4323 kal.
563 4266 689 4321 Jan.
714 4267 769 4320 In
801 4266 1003 4333 Africa,
1040 4265 1291 4334 Victoris,
1313 4264 1633 4335 Victoriani,
1663 4266 1835 4339 Adju-

868 4469 1500 4547 ADMONITIO
1555 4472 1701 4544 DE
1756 4470 2525 4559 SUBSEQUENTE
2579 4466 2960 4543 LlBBO.

311 4740 590 4819 Quantum
614 4746 687 4790 est
711 4744 945 4819 ceterum
972 4734 1449 4819 elucubrationum,
1479 4754 1594 4819 qua:
1618 4739 2003 4819 Hieronymum
2029 4746 2288 4819 auctorem
2313 4737 2490 4819 aliquo
2514 4734 2613 4789 sibi
2635 4744 2899 4819 prwtextu
2919 4742 3192 4807 arrogant,
3218 4734 3364 4790 nulla
3386 4741 3549 4819 ferme

242 4810 335 4889 hoc
364 4809 581 4889 libello,
601 4879 611 4889 ⁸
632 4808 722 4877 qui
751 4808 1302 4889 Comesninscribitur,
1338 4808 1511 4889 locum
1540 4814 1601 4889 in.
1624 4810 1707 4889 his
1735 4811 1836 4889 sibi
1863 4812 2001 4889 dari,
2043 4808 2522 4889 (imminerentum
2550 4814 2595 4859 et
2616 4810 2739 4877 jure
2765 4812 3121 4889 quodam-suo
3148 4810 3397 4875 postulat.
3435 4808 3549 4866 Me-

248 4884 397 4954 minit
426 4884 549 4954 ejus
576 4875 651 4933 de
682 4879 889 4954 nomine
913 4878 1372 4954 l1hurtu_omnium
1400 4882 1762 4951 antiquissima
1797 4881 2113 4934 Donationis
2155 4875 2403 4932 Ecclesia:
2430 4875 2969 4954 Cornuiianre,_l_tern.
2998 4878 3254 4946 inquiens,
3300 4882 3540 4948 cntliees,

247 4946 665 5022 Evangéliagtv,
700 4949 1055 5022 Apostolurn,
1104 4949 1451 5022 Psalterium,
1499 4946 1554 5008 et
1599 4954 1861 5009 Comitem
1892 4966 2049 5021 :qme
2091 4966 2209 5003 cum
2239 4965 2377 5022 anno
2417 4949 2610 5022 scripta
2639 4949 2707 5000 sit
2746 4946 2847 5000 471
2890 4948 3407 5022 ntanifesto_iridicio
3446 4963 3519 5008 est

243 4999 512 5079 auctogcm
549 5020 693 5095 libri,
728 4999 966 5091 qrttisquis
995 5019 1083 5074 ille
1130 5022 1309 5092 fuerit,
1343 4999 1773 5094 Hic'ronymianis
1821 4999 2136 5094 temp'oribus
2183 5020 2462 5073 advixisse.
2507 4999 2695 5095 Fuisse
2738 5034 2894 5095 porro
2935 4999 3104 5091 ipsum

246 5098 505 5175 conceptis
532 5094 702 5175 uerbis
730 5069 966 5175 tisserl'unt
985 5069 1182 5175 ‘magiio
1208 5069 1422 5175 numero
1450 5069 1702 5165 seqtiisris
1726 5098 1818 5149 (cvi
1845 5069 2393 5175 scriptorestguorum
2419 5091 2553 5175 satis
2575 5069 3547 5175 multartestimoniaiit—proleuiiinenii

246 5168 311 5220 ad
344 5160 625 5233 Li'turgica
654 5162 947 5218 Pamellius
979 5160 1183 5237 laudat.
1223 5164 1425 5235 Nempe
1454 5160 1605 5234 siligo
1639 5178 1837 5237 recepta
1867 5163 2123 5237 sententia
2148 5161 2242 5237 illa
2270 5169 2399 5237 erat,
2438 5169 2485 5214 et
2515 5160 2663 5237 ﬁdes,
2701 5177 2856 5237 quam
2883 5177 3032 5215 nemo
3075 5164 3127 5214 in
3160 5160 3375 5219 dubium
3405 5184 3552 5221 revo-

250 5246 391 5290 caret
429 5230 834 5309 :pra’conrepla
852 5251 1000 5309 enim
1040 5236 1305 5309 opinione,
1342 5230 1598 5305 duidquid
1626 5230 2035 5291 erat'librorum
2072 5234 2127 5287 in
2166 5230 2404 5309 Ecclesia
2447 5235 2609 5309 magis
2654 5230 2884 5299 utilium,
2920 5240 2967 5285 et
3007 5236 3333 5289 sacerdotum
3374 5240 3550 5291 usibus

249 5303 814 5381 acconmiodatius,‘ca:
843 5304 903 5359 S.
942 5303 1182 5381 pectoris
1218 5303 1383 5381 nostri
1414 5309 1618 5381 calamo
1648 5313 1961 5381 profectum,
1999 5315 2091 5381 aut
2118 5314 2251 5357 certe
2278 5303 2424 5357 nobis
2448 5303 2512 5356 ab
2534 5318 2593 5355 eo
2628 5304 2774 5381 curis
2790 5304 3105 5376 recognitum
3134 5317 3287 5374 atque
3322 5309 3548 5361 adorna-

251 5390 359 5431 tum
386 5394 545 5431 omne
572 5377 899 5449 credebatur.
939 5376 1164 5430 Accessit
1188 5380 1256 5431 ad
1296 5374 1683 5433 conciliandum
1721 5374 1864 5449 operi
1891 5377 2252 5449 auctoritatem
2286 5386 2599 5449 momentum
2634 5374 2774 5449 haud
2805 5374 3090 5449 saneleve,
3127 5375 3552 5448 Nuncupaloriu,

248 5461 302 5502 ut
327 5452 381 5503 in
412 5448 1009 5522 Gnifﬂetianorantiquo
1036 5450 1379 5522 ms._dicitur,
1413 5451 1727 5522 Hieronymi
1754 5444 1821 5522 ad
1849 5445 2509 5522 Constantiumepistola,
2549 5445 2803 5522 Praefatio
2836 5444 2981 5522 libri,
3014 5449 3103 5517 qui
3135 5444 3334 5522 Comes
3363 5444 3551 5517 appel;

251 5516 528 5595 laturzex'
544 5516 809 5590 ejusmodi
851 5524 989 5595 enim
1033 5520 1264 5590 prologis
1302 5525 1499 5595 volebat
1531 5521 1591 5576 S.
1619 5516 1733 5589 ipse
1774 5518 1934 5595 Pater
1958 5536 2054 5574 sua
2090 5519 2154 5571 ab
2178 5516 2364 5570 alienis
2390 5517 2923 5595 scripta‘internosci,
2965 5516 3107 5570 utea
3146 5534 3240 5588 pro
3283 5516 3560 5578 Germanis

252 5587 595 5653 haberentur,
627 5603 742 5671 qua;
770 5587 987 5671 prologo
1027 5587 1130 5671 non
1154 5587 1406 5671 carerent.
1440 5594 1570 5671 Qua:
1602 5587 1695 5647 nos
1726 5593 1935 5671 quidam
1964 5598 2273 5671 argumenta
2298 5603 2389 5641 nec
2424 5588 2555 5642 tanti
2581 5590 2836 5671 facimus,
2869 5605 3031 5659 neque
3059 5606 3116 5643 eo
3135 5587 3313 5643 animo
3339 5594 3562 5663 replica-

253 5679 393 5744 mus,
424 5672 481 5744 ut
515 5658 1060 5744 protllierouymiani
1104 5660 1238 5744 [eius
1266 5658 1603 5744 germanitate
1632 5658 1863 5744 pugnare
1889 5658 2197 5716 videamur:
2219 5669 2426 5713 tantum
2469 5670 2707 5713 constare
2744 5658 2864 5713 hinc
2908 5658 3167 5744 volumus,
3210 5658 3465 5733 ejusmodi
3498 5664 3561 5718 li-

255 5733 404 5789 brum
429 5730 696 5788 immerito
719 5729 1118 5804 prietermissttm
1145 5729 1304 5803 fuisse
1324 5738 1589 5805 hactenus,
1619 5729 1679 5791 ac
1703 5729 1888 5807 favisse
1918 5747 2076 5810 porro
2103 5749 2198 5793 nos
2231 5746 2401 5806 operte
2439 5733 2679 5805 pretium,
2714 5733 2803 5806 qui
2835 5729 3018 5789 vernilt'
3045 5729 3258 5804 reliquie
3301 5732 3361 5792 S.
3391 5733 3571 5793 Putris
