4050 6198
1548 146 1609 204 S.
1651 138 2029 202 IIIERONYMI
2067 134 2356 196 OPERUM
2394 136 2765 198 MANTISSA.
3696 131 3801 198 888

504 158 612 215 487

505 275 724 349 ramum
761 266 1493 349 accen‘"?"".“--A€“P""‘£§
1516 264 1687 349 ίιειιιιιε
1708 254 3693 349 €Pitt‘3’ﬁ’3‘._“£‘§9’if€“’i“}f?3:39.‘Pf‘f’ff‘fl’icf’f’iifii{qu’I‘Fﬂtmf'P
3711 276 3806 349 ξει-

504 326 711 411 ἓὲιᾱὶίιζ
742 326 808 399 ea:
831 326 1113 417 Spicilegio
1141 338 1201 392 Β.
1250 326 1409 390 Lucae
1447 326 1689 417 Bacherii
1728 326 1881 417 t'om‘o
1912 345 2008 383 ιιιιι
2035 330 2126 417 qui
2159 344 2278 384 eam
2300 343 2341 409 Ia
2371 326 2676 417 (ΖΙιιὶιΙξειίιι,⁷
2702 338 2759 383 ιιι
2781 328 2983 384 dudum
3030 331 3334 417 ἱιιιιιιίιῐιιιε,⁸
3358 339 3673 417 acceperat.
3708 331 3799 385 Li-

1225 386 1783 465 n-iltildissimulatus,
1816 403 1905 483 diu
1940 386 2265 483 nimiumque.
2294 400 2478 483 incerti
2507 386 2771 483 desimus,
2806 418 2867 483 ea:
2895 418 2997 471 quo
3018 386 3334 483 ,κείρω-ηιατῖ
3365 386 3803 483 describerentur;

506 469 800 545 enim
829 469 966 553 quo'd
995 480 1414 549 Hieronymiunis
1442 476 1758 553 temporibus
1785 473 2072 553 obtinebat,
2098 469 2461 553 aliissubittdﬁ
2480 482 2635 553 atque
2654 472 2779 525 aliis
2803 469 3294 553 interpolgtiouibus
3316 474 3623 553 auctum-iu
3641 476 3799 553 alium

670 539 776 629 fere
802 539 1055 633 niotemct
1080 539 1303 633 [omium
1335 539 1597 633 excrevit.‘
1618 539 2877 633 Olinteuteudotvi'tnprmcepto
2898 539 3389 633 ‘Puullus'dio'couus
3418 545 3763 633 Aguilft‘e'pslif
3782 560 3800 597 :

508 611 929 687 finitarum";
958 611 1189 691 ejusdem
1224 620 1553 691 imperatoris
1570 620 1775 691 jussit;
1800 616 2018 691 denique
2052 611 2407 691 Theotinchus
2438 611 2745 691 presbyterL
2758 616 2912 691 cujus
2942 616 2996 691 in
3028 615 3333 691 bibliotheca
3369 611 3599 691 ecclesia
3630 614 3804 691 Bello-

509 683 741 757 sletne.
762 696 923 751 codex
948 683 1243 747 asseruntur
1269 683 1366 743 hoc
1392 689 1539 742 titulo
1571 683 1666 742 Eln
1696 686 1897 757 Christi
1926 684 2150 757 nomine
2178 684 2513 757 anuicirculi
2540 683 2679 739 liber
2706 683 2930 740 Comitis
2961 686 3167 755 incipit,
3195 698 3385 742 auctus
3411 702 3440 741 a
3464 686 3803 742 Theotincho

506 755 726 840 indigno
761 769 1097 837 presbytero,
1130 773 1318 832 rogatu
1351 759 1453 840 viri
1498 757 1827 814 venerabilis
1856 755 2149 840 liecltiardi
2180 755 2394 840 comitis
2439 757 2847 840 Ambianensis,
2880 758 2949 811 ita
2980 767 3181 821 tamen,
3213 766 3275 812 ut
3304 767 3489 814 sancta
3505 758 3804 840 “Evangeli-

505 828 708 899 starunt
740 828 1159 902 dictafuecnm:
1198 828 1599 901 apostolorum,
1638 840 1695 885 et
1722 830 2152 902 iprOphetarum,
2195 828 2450 902 immota,
2496 828 3029 902 atque__inconcussa
3076 830 3636 902 servarentur.’Sunt
3673 829 3802 884 adeo

504 896 655 969 Etiam
688 914 743 964 in
770 896 991 978 vulgetis
1023 905 1169 958 libris
1200 896 1301 957 tres
1329 896 1761 978 ejusdentoperis
1789 900 2040 978 editiones
2083 914 2265 978 parum
2306 898 2439 950 inter
2461 913 2529 978 se
2568 896 2761 952 similes
2786 915 2805 953 :
2825 916 3045 978 quarunt
3091 901 3259 978 prima
3281 900 3633 978 _Pm_ne_lii__c_st
3670 913 3803 954 tomo

502 966 726 1039 secundo
759 966 1139 1048 Liturgiarum,
1174 976 1336 1048 altera
1350 966 1576 1048 ’Βαίαώὶ
1600 966 1661 1048 in
1681 973 1820 1048 calce
1848 967 2215 1040 rapitularium
2239 984 2418 1039 regum
2448 966 2797 1048 Francorum,
2829 972 2981 1048 tertia
3004 972 3056 1025 in
3087 966 3323 1048 antiquis
3346 972 3801 1048 librisblissarum

502 1038 614 1110 aeu.
647 1052 795 1106 card.
846 1038 1137 1103 Th'omasii.’
1170 1047 1333 1101 Nobis
1359 1044 1784 1115 quandoquidem
1813 1038 1957 1115 uetus
1989 1056 2367 1115 germauusquc
2394 1038 2709 1115 archetypas
2754 1040 2898 1094 haud
2927 1052 3184 1111 superest,
3222 1038 3383 1097 editio
3414 1042 3646 1109 Baluzii,
3692 1059 3805 1112 qua:

500 1128 744 1181 nimirum
773 1139 837 1177 ea:
863 1120 1221 1173 Bellovnccnsi
1251 1112 1426 1173 codice
1455 1125 1501 1169 et
1536 1112 1840 1171 Throtinchi
1878 1112 2172 1167 recensione
2196 1112 2459 1183 descripta
2481 1120 2579 1178 est,
2622 1114 2735 1167 visa
2763 1122 2837 1166 est
2871 1115 3025 1167 etiam
3064 1124 3243 1185 utpote
3270 1115 3493 1186 plenior,
3516 1118 3592 1168 ita
3632 1123 3682 1169 et
3708 1130 3805 1169 cte-

506 1199 627 1253 teris
660 1192 1006 1267 prwferenda.

504 1301 3783 1339 ἐμῆ-’Μ

1400 1398 1473 1458 In
1509 1397 1769 1458 nomine
1796 1398 2033 1458 sancite
2064 1396 2126 1455 et
2156 1392 2502 1457 individuis
2531 1393 2866 1460 Trinitatis
2886 1444 2905 1476 ,

692 1546 1125 1623 INCIPIT
1188 1538 1715 1618 EPISTOLA
1770 1537 1856 1611 S.
1914 1533 2557 1609 HIEBONYMI
2612 1538 2761 1610 AD
2817 1537 3623 1615 CONSTANTIUM.

1270 1673 1605 1728 PREFATIO
1630 1671 1799 1724 LIBRI
1831 1670 2205 1731 SEQUENTIS,
2231 1669 2340 1729 QUI
2366 1669 2572 1721 COMES
2596 1670 3039 1725 APPELLATUR.

576 1898 915 1966 Quamquam
954 1892 1181 1947 licenter
1212 1896 1524 1943 assumatur
1566 1887 1621 1940 in
1663 1898 1831 1953 opere
1874 1896 2104 1952 congre-
2132 1886 2182 1944 Α
2211 1890 2271 1937 ιιι
2292 1897 2360 1938 ex
2389 1892 2534 1939 tanta
2561 1884 2871 1941 divinorum
2900 1886 3163 1943 librorum
3200 1886 3375 1959 copia,
3405 1889 3637 1961 singulis
3666 1890 3807 1948 festi-

505 1993 655 2064 gatio
674 1989 977 2045 caelestium
1006 1984 1328 2049 lectionum,
1363 1990 1421 2036 et
1462 1981 1641 2051 ipsum
1679 1976 2006 2047 opusculum
2041 1974 2109 2029 ab

504 2079 890 2139 ecclesiasticis
916 2078 1069 2141 viris,
1108 2075 1305 2130 Comes
1336 2071 1556 2142 quidem
1585 2069 1760 2125 soleat
1796 2066 2062 2138 appellari
2094 2085 2107 2121 :

502 2174 645 2247 quod
687 2172 902 2228 duobus
944 2168 1123 2225 modis
1158 2166 1274 2222 fieri
1311 2164 1571 2232 arbitror,
1612 2171 1705 2217 aut
1737 2176 1833 2231 pro
1878 2154 2109 2215 consue-

504 2268 692 2323 tudine
735 2264 1159 2334 uniuscujusque
1199 2260 1459 2316 Ecclesia:
1508 2256 1840 2328 (secundum
1872 2252 2019 2325 quod
2056 2260 2114 2309 et

504 2361 719 2415 varium
754 2359 857 2413 hoc
904 2357 1082 2427 ipsum
1132 2352 1515 2423 descriptionis
1553 2366 1725 2423 genus
1757 2366 1879 2405 esse
1919 2349 2112 2419 digno.

506 2453 738 2523 scitur),
769 2462 865 2507 aut
911 2458 1063 2506 certe
1104 2463 1205 2519 pro
1255 2447 1537 2501 voluntate
1582 2443 1809 2499 studiosi
1866 2440 2110 2508 lectoris,

509 2548 706 2620 qui(si
753 2546 870 2602 fieri
910 2544 1114 2615 possit)
1157 2540 1422 2613 quidquid
1468 2541 1523 2593 in
1565 2536 1867 2607 Scripturis
1912 2536 2113 2592 divinis

510 2640 835 2696 mirabiliter
867 2638 1066 2707 fulget,
1101 2633 1361 2706 quidquid
1407 2632 1459 2687 in
1494 2631 1779 2701 praeceptis
1812 2628 2113 2684 moralibus

510 2736 793 2803 copiosum
817 2742 922 2799 est,
956 2741 1128 2787 totum
1161 2743 1327 2799 parvo
1356 2729 1407 2783 in
1437 2741 1672 2796 corpore
1694 2724 1989 2779 adunatum
2012 2723 2112 2778 de-

515 2828 722 2883 siderat
750 2827 974 2893 habere,
1002 2821 1337 2894 paupertatis
1364 2820 1687 2876 necessitate
1714 2834 1729 2874 z
1762 2819 1876 2888 Ego
1906 2827 2109 2885 tamen,

509 2922 737 2993 juvante
764 2918 1007 2987 Christo,
1041 2915 1256 2987 ingenio
1279 2930 1385 2985 quo
1419 2912 1595 2983 potui,
1623 2922 1677 2967 et
1699 2911 1933 2966 maxime
1954 2924 2114 2963 occa-

513 3019 670 3075 sione
698 3014 905 3077 oblata.
939 3027 1047 3083 qua
1089 3011 1143 3065 id
1183 3025 1210 3063 a
1245 3024 1331 3064 me
1371 3008 1489 3063 fieri
1535 3006 1776 3072 voluisti,
1825 3005 2115 3061 Constanti

514 3112 647 3168 mihi
681 3106 1007 3167 venerabilis
1042 3105 1231 3171 frater,
1271 3103 1344 3159 ita
1383 3102 1489 3157 hoc
1519 3116 1657 3170 opus
1690 3100 1792 3154 etsi
1825 3101 2002 3153 minus
2033 3100 2113 3153 in-

515 3210 757 3260 structus
788 3198 1077 3269 assumpsi,
1113 3206 1170 3251 ut
1197 3206 1347 3250 tanta
1379 3201 1771 3259 excerptorum
1799 3190 2113 3260 intelligen-

2217 1977 2477 2032 vitatibus
2515 1978 2659 2049 quod
2692 1990 2877 2051 aptum
2926 1997 2992 2035 ex
3041 1980 3126 2036 his
3148 1982 3233 2037 vel
3282 1992 3601 2053 competens
3631 1993 3805 2053 esset,

2216 2083 2601 2141 excerperem,
2644 2082 2699 2128 et
2724 2072 2962 2144 quodam
2995 2072 3160 2129 modo
3200 2073 3620 2133 distinctissime
3650 2077 3811 2134 collo-

2216 2177 2423 2219 carem.

2287 2258 2557 2330 Incipiens
2586 2260 2768 2331 itaque
2796 2276 2825 2315 a
2864 2260 3155 2319 Nativitate
3183 2260 3408 2330 Christi,
3439 2261 3584 2335 quod
3610 2273 3693 2321 est
3723 2280 3812 2322 vm

2216 2350 2478 2410 kalendas
2504 2355 2814 2423 Januarias,
2848 2356 2901 2411 in
2950 2356 3162 2427 Vigiliis
3205 2356 3272 2411 ad
3300 2355 3509 2412 Nonam
3543 2374 3636 2428 per
3665 2358 3815 2413 ordi-

2218 2462 2367 2513 nem,
2400 2465 2559 2518 quem
2590 2450 2809 2506 assidue
2840 2451 2891 2506 in
2929 2451 3172 2507 Ecclesia
3201 2450 3521 2518 didiceram,
3554 2453 3814 2509 lectiones

2219 2540 2500 2611 utriusque
2548 2541 2885 2598 Testamenti
2912 2543 3256 2614 simplicibus
3288 2544 3607 2601 ministravi.
3642 2544 3815 2602 Porro

2218 2631 2511 2687 editionem
2560 2633 2705 2688 illam
2735 2650 2894 2705 quam
2939 2651 3007 2691 ex
3038 2635 3318 2691 Hebraicis
3344 2637 3715 2693 voluminibus
3754 2638 3806 2694 in

2218 2724 2472 2781 Latinum
2517 2729 2835 2784 translatam
2883 2745 3005 2785 esse
3048 2740 3286 2798 constat,
3328 2730 3382 2786 in
3428 2732 3571 2787 hunc
3618 2734 3815 2803 quippe

2220 2820 2463 2887 modum,
2496 2835 2617 2891 qute
2635 2823 2721 2877 vel
2751 2823 3015 2892 cujusque
3044 2822 3344 2892 prophetia:
3376 2822 3536 2878 lectio
3558 2824 3816 2895 praesenti

2219 2908 2501 2966 festivitati
2542 2923 2826 2983 congruat,
2874 2915 3001 2984 quid
3051 2915 3281 2986 apostoli
3312 2915 3570 2985 doceant,
3614 2917 3701 2972 vel
3749 2916 3815 2972 ad

2220 3002 2470 3059 eumdem
2500 3004 2709 3060 titulum
2732 3006 2863 3076 quid
2887 3008 3165 3079 Evangelii
3189 3009 3474 3064 annuntiet
3497 3010 3815 3077 auctoritas,

2218 3097 2422 3153 dudum
2449 3109 2693 3156 vertente
2717 3100 2831 3170 jam
2854 3116 2997 3157 anno
3024 3117 3121 3172 per
3142 3118 3332 3158 omnes
3362 3102 3477 3159 dies
3508 3103 3678 3159 festos
3710 3102 3809 3158 Ec-

2218 3192 2398 3247 clesiae
2444 3200 2753 3263 opportune
2782 3196 2976 3250 censui
3021 3197 3201 3250 omnia
3256 3196 3553 3251 secundum
3605 3204 3815 3267 tempus

517 3298 589 3353 tia
616 3303 780 3367 caput
809 3307 1138 3360 causamque
1176 3287 1557 3344 rationabilem
1592 3285 1795 3340 habere
1842 3284 2108 3339 videatur.
2144 3286 2189 3348 B
2218 3298 2341 3339 esse
2378 3285 2624 3355 legenda.
2670 3285 2780 3342 Sed
2809 3287 3070 3342 nonnulla
3102 3287 3207 3343 alia
3235 3287 3613 3345 :edificationis
3646 3303 3809 3344 causa

518 3389 652 3447 Nam
682 3403 804 3443 cum
836 3384 1015 3443 omnis
1044 3382 1321 3452 Scriptura
1347 3379 1606 3435 divinitus
1637 3378 1923 3447 inspirata,
1955 3384 2014 3431 ut
2039 3378 2113 3432 ait

514 3482 831 3554 Apostolus,
879 3479 1022 3534 utilis
1052 3478 1117 3532 sit
1145 3476 1214 3531 ad
1256 3472 1571 3538 docendum,
1624 3470 1693 3524 ad
1732 3470 2110 3535 erudiendum,

512 3575 581 3628 ad
616 3573 915 3645 justitiam;
964 3579 1024 3624 ut
1061 3568 1338 3638 perfectus
1377 3567 1455 3620 sit
1496 3563 1660 3619 homo
1702 3562 1796 3617 Dei
1842 3561 1908 3615 ad
1951 3576 2115 3618 omne

512 3682 652 3736 Opus
688 3666 891 3719 bonum
924 3663 1261 3727 instructus,
1294 3670 1351 3715 et
1382 3672 1735 3729 quzecumque
1765 3666 1893 3711 sunt
1925 3654 2113 3711 hacte-

516 3773 619 3814 nus
649 3757 873 3825 scripta,
908 3754 975 3808 ad
1008 3762 1246 3807 nostram
1285 3752 1592 3807 doctrinam
1636 3750 1839 3820 scripta
1872 3758 2019 3817 sunt,
2054 3759 2113 3805 ut

516 3867 613 3923 per
637 3847 950 3919 patientiam
978 3853 1033 3903 et
1060 3845 1492 3901 consolationem
1524 3843 1926 3914 Scripturarum
1956 3857 2109 3912 spem

515 3945 817 4002 habeamus
852 3956 867 3995 :
898 3941 1026 4012 quid
1055 3941 1298 4005 brevius,
1332 3939 1459 4011 quid
1493 3938 1677 3994 utilius
1701 3939 1912 4005 censui,
1944 3953 2107 4009 quam

2218 3379 2387 3435 multa
2410 3380 2522 3436 illic
2547 3389 2834 3452 aggregata
2858 3395 3006 3446 sunt.
3033 3392 3196 3455 atque
3222 3384 3335 3440 suis
3358 3385 3818 3456 appellationibus

2218 3471 2448 3538 inserta,
2482 3471 2535 3527 id
2566 3483 2675 3543 est,
2710 3475 2763 3528 in
2787 3476 2965 3546 capite
2993 3475 3426 3549 quadragesima:
3447 3477 3515 3533 de
3536 3478 3819 3534 abstinen-

2218 3564 2288 3617 tia
2314 3578 2563 3619 escarum
2595 3573 2651 3620 et
2679 3566 3010 3635 sobrietate;
3049 3569 3177 3624 item
3209 3568 3261 3623 in
3295 3568 3717 3639 Quadragesima
3748 3569 3819 3626 de

2218 3658 2566 3728 pmnitentia,
2605 3659 2673 3715 de
2712 3659 2999 3729 pudicitia,
3026 3660 3096 3717 de
3128 3663 3459 3720 remissione
3500 3662 3819 3718 inimicitia-

2220 3768 2364 3818 rum,
2398 3752 2483 3808 vel
2512 3752 2616 3808 alia
2664 3755 2852 3809 multa.
2881 3755 3009 3810 llaec
3036 3756 3179 3811 enim
3208 3757 3390 3812 omnia
3420 3756 3489 3813 ad
3520 3756 3817 3812 multorum

2218 3844 2469 3914 equidem
2520 3846 2807 3902 utilitatem
2855 3848 3211 3914 petitionibus
3243 3849 3347 3905 tuis
3392 3849 3652 3905 obediens
3682 3850 3821 3905 scri-

2218 3938 2348 3994 bere
2374 3938 2578 4007 curavi,
2612 3941 2946 3997 venerabilis
2978 3942 3110 3999 mihi
3132 3952 3186 3999 et
3220 3943 3595 4000 amantissime
3626 3943 3814 4000 frater.

517 4077 3797 4104 __——————-—-—-———--——-—————-——-———-—————————-———-—-——-———-

1999 4162 2292 4226 INCIPIT

1352 4366 1357 4369 ·
1443 4310 1989 4440 LIBER
2086 4308 2882 4460 COMITIS,

2085 4516 2229 4562 SIVE

1009 4628 1894 4724 LECTIONARIUS
1967 4631 2200 4715 PER
2276 4631 2913 4723 CIRCULUM
2987 4633 3297 4724 ANNI.

1979 4792 2391 4812 ἡ

577 4897 636 4952 In
665 4892 870 4949 Christi
899 4889 1144 4946 nomine.
1184 4884 1329 4941 Anni
1362 4880 1555 4939 circuli
1588 4880 1728 4934 liber
1760 4876 1990 4933 Comitis
2020 4877 2106 4933 in-
2137 4881 2184 4944 C
2216 4880 2365 4936 feriis
2404 4891 2497 4937 aut
2526 4883 2580 4939 in
2629 4883 3019 4944 festivitatibus
3044 4894 3358 4944 sanctorum
3388 4886 3597 4961 aliquid
3628 4890 3811 4949 minus

511 4993 665 5063 cipit,
697 5000 886 5045 auctus
919 5003 949 5042 a
980 4980 1327 5041 Theotincbo
1357 4978 1581 5048 indigno
1627 4974 1971 5046 presbytero,
2020 4988 2113 5029 ro-

513 5092 636 5156 gzttu
660 5081 763 5136 viri
796 5078 1123 5135 venerabilis
1146 5069 1436 5129 llecltiardi
1462 5068 1682 5125 comitis
1702 5066 2107 5134 Ambianensis,

514 5177 585 5231 ita
617 5184 801 5229 tamen
834 5181 891 5225 ut
916 5178 1105 5225 sancta
1140 5164 1612 5236 Evangelistarum
1646 5159 1791 5215 dicta
1819 5174 2031 5215 necnon
2054 5167 2111 5215 et

512 5263 897 5337 Apostolorum
929 5276 993 5315 ac
1029 5258 1427 5329 Prophetarum
1469 5252 1696 5307 immota
1725 5260 1890 5322 atque
1922 5251 2109 5307 incon-

513 5372 671 5414 cussa
720 5362 1100 5419 servarentur,
1135 5360 1192 5407 et
1240 5348 1435 5404 diebus
1483 5343 1681 5415 quibus
1731 5343 1957 5399 deerant
1985 5358 2108 5413 pro-

2218 4990 2338 5032 csse
2366 4977 2598 5047 videtur,
2634 4991 2882 5038 recurrat
2910 4982 2980 5038 ad
3012 4981 3408 5040 hebdomadam
3432 5000 3595 5056 quam
3622 4988 3815 5046 volue—

2218 5068 2309 5138 rit,
2343 5080 2398 5127 ct
2420 5073 2658 5143 reperiet
2687 5088 2904 5146 semper
2924 5089 3089 5146 super
3117 5086 3239 5132 octo
3261 5087 3353 5133 aut
3374 5094 3537 5135 unam
3558 5089 3653 5136 aut
3681 5081 3821 5140 duas

2218 5172 2312 5216 aut
2337 5178 2404 5218 eo
2435 5165 2675 5235 amplius
2702 5167 2918 5237 feriam,
2949 5182 3107 5237 quam
3132 5169 3312 5241 legere
3334 5174 3557 5241 poterit,
3587 5185 3680 5231 aut
3712 5176 3818 5234 sibi

2225 5254 2366 5308 nihil
2397 5254 2559 5311 desit.
2592 5256 2862 5329 (Propter
2891 5258 3150 5330 frequens
3174 5276 3305 5318 vero
3332 5266 3603 5335 temporis
3633 5267 3821 5324 incur-

2220 5358 2337 5400 sum
2370 5344 2466 5401 fuit
2505 5348 2556 5401 in
2595 5348 2921 5417 quibusdam
2968 5352 3216 5421 epistolis
3260 5369 3542 5425 apponere
3588 5358 3698 5417 hoc
3743 5386 3816 5427 ω,

514 5451 651 5521 prie:
702 5457 911 5506 sanctae
958 5444 1226 5501 lectiones
1270 5439 1685 5504 adhiberentur,
1730 5435 1873 5491 sicut
1912 5450 1943 5490 a
1990 5450 2119 5491 san-
2215 5438 2360 5509 quod
2384 5438 3209 5509 significatfinem,etrursusa
3233 5455 3457 5519 propter
3483 5451 3817 5526 principium

514 5544 616 5599 ctis
666 5543 912 5615 patribus
939 5548 1068 5596 sunt
1108 5535 1436 5593 coadunata.
1486 5529 1594 5586 Aut
1643 5528 1688 5585 si
1720 5528 1883 5584 alicui
1920 5537 2016 5585 aut
2063 5531 2114 5585 in
2217 5530 2447 5586 alterius
2474 5529 2721 5601 epistolae
2753 5532 2841 5601 ο.)

586 5692 611 5723 ι
660 5681 783 5738 Ηωε
810 5680 996 5737 addita
1025 5686 1145 5734 sunt
1174 5678 1227 5733 in
1270 5675 1504 5749 margine
1536 5688 1567 5727 a
1606 5685 1783 5745 manu.
1802 5669 2101 5740 recentiore,
2144 5670 2235 5730 sed
2254 5668 2483 5741 antiqua.
