4050 6198
191 247 287 309 489
1081 244 1114 275 β

1565 245 1769 304 LIBER
1807 246 2099 306 COMITIS.

3380 254 3489 313 490

251 366 310 424 In
338 366 525 438 vigilia
556 364 755 422 natalis
776 364 995 421 Domini
1026 379 1127 420 vItI.
1147 362 1260 419 kal.
1293 362 1519 420 Januar.
1550 364 1621 419 ad
1648 380 1772 421 san-
1799 364 1855 426 Α
1877 366 2179 437 secundum
2228 366 2435 424 Lucam
2474 382 2603 439 cap.
2656 384 2729 434 ιι,
2779 368 2911 424 Erat
2958 368 3160 440 Joseph
3211 376 3271 426 et
3316 368 3488 426 Maria

191 469 331 515 ctam
373 461 600 515 Mariam
645 458 713 514 de
747 474 888 513 nona
942 474 971 512 a
1017 457 1222 512 sanctis
1272 456 1540 527 patribus.
1593 455 1783 512 Lectio

193 553 434 623 epistolae
464 553 609 609 beati
641 552 796 607 Pauli
829 551 1063 623 apostoli
1101 549 1169 605 ad
1201 549 1504 607 Romanos.
1539 549 1782 617 Fratres,

192 647 391 703 Paulus
420 662 611 703 servus
640 644 846 701 Christi
872 645 1027 715 Jesu,
1057 660 1217 717 usque
1240 653 1297 702 et
1323 660 1421 701 vos
1449 644 1631 701 vocati
1658 642 1787 699 Jesu

191 738 385 795 ChriSti
429 739 645 794 Domini
691 739 887 794 nostri.

262 832 393 887 Item
431 832 523 887 ubi
554 846 811 902 supra...
854 831 1047 888 Lectio
1097 832 1274 888 Esaiae
1312 832 1618 904 propheta}.
1664 831 1790 886 llaec

191 927 318 985 dicit
339 924 625 995 Dominus,
652 925 893 997 Propter
911 926 1045 984 Sion
1072 941 1184 982 non
1214 926 1430 995 tacebo,
1456 942 1618 997 usque
1638 938 1791 979 com-

192 1022 399 1096 placuit
428 1022 542 1078 Dco
573 1022 626 1076 in
654 1031 724 1077 te.

259 1116 620 1187 Evangelium
665 1115 969 1171 secundum
1016 1115 1352 1171 Mallhtcllm.
1404 1113 1463 1169 In
1510 1113 1608 1168 illo
1652 1119 1790 1167 tem-

191 1224 343 1281 pore,
371 1225 496 1265 cum
527 1217 678 1265 esset
702 1207 1029 1279 desponsata
1074 1216 1249 1262 mater
1276 1206 1429 1271 Jesu,
1464 1205 1651 1271 Maria,
1686 1220 1780 1258 us-

188 1320 289 1376 que
320 1304 532 1359 salvum
562 1301 722 1357 faciet
746 1300 1008 1370 populum
1039 1314 1197 1355 suum
1219 1314 1250 1353 a
1274 1297 1517 1369 peccatis
1549 1312 1761 1352 eorum.

262 1396 394 1452 Item
428 1395 493 1449 ad
525 1401 771 1449 sanctam
800 1392 1025 1447 Mariam
1055 1391 1123 1446 de
1150 1399 1331 1447 nocte.
1367 1388 1554 1446 Lectio
1582 1389 1791 1460 episto-

189 1488 257 1544 la:
278 1487 423 1543 beati
450 1485 603 1541 Pauli
643 1486 874 1555 apostoli
921 1484 991 1539 ad
1018 1483 1223 1538 Titum.
1255 1481 1598 1543 Charissimi,
1624 1496 1791 1551 appa-

190 1582 299 1637 ruit
324 1580 496 1651 gratia
540 1579 841 1637 Salvatoris
885 1578 1061 1634 nostri
1094 1578 1217 1645 Dei,
1264 1593 1428 1648 usque
1468 1576 1524 1632 in
1569 1574 1792 1631 Christo

189 1674 319 1731 Jesu
349 1674 576 1730 Domino
606 1683 819 1729 nostro.

1890 470 2063 517 mater
2092 464 2221 518 Jesu
2244 507 2258 531 ,
2290 479 2451 533 usque
2494 462 2675 533 gratia
2708 462 2804 518 Dei
2834 470 2949 517 erat
2979 462 3034 516 in
3062 462 3181 517 illo.
3214 462 3313 518 Sin
3356 462 3492 517 alias

1886 563 1993 623 est,
2024 557 2162 612 istac.
2190 556 2380 612 Lectio
2408 556 2533 611 libri
2558 555 2865 612 Geneseos.
2919 555 2976 610 In
3021 554 3213 610 diebus
3244 556 3350 611 illis
3381 557 3489 612 Ior-

1889 651 2059 704 mavit
2082 649 2245 719 igitur
2268 649 2529 704 Dominus
2551 648 2824 704 hominem
2847 648 2915 703 de
2943 648 3273 719 lim0,usque
3291 647 3489 705 ﬂuvius

1890 750 2116 812 quartus
2156 743 2273 812 ipse
2300 752 2383 798 est
2422 741 2752 813 Euphrates.
2784 740 3139 811 Evangelium
3188 739 3490 794 secundum

1892 833 2206 889 Matthmum
2238 848 2357 904 cap.
2389 848 2520 900 xm,
2548 832 2713 889 Venit
2747 832 2906 889 Jesus
2933 848 2965 888 a
2995 831 3226 889 Galilzea
3269 832 3329 887 in
3373 830 3494 887 Jor-

1894 926 2064 993 dane,
2094 944 2254 999 usque
2281 928 2334 982 in
2367 943 2475 998 quo
2506 928 2639 983 mihi
2679 927 3051 997 complacuit;

1968 1021 2045 1076 Id.
2069 1036 2125 1075 ιιι
2149 1020 2261 1075 kal.
2278 1020 2543 1075 Januarii.
2562 1021 2747 1077 Lectio
2768 1020 2896 1076 libri
2917 1020 3216 1077 Geneseos.
3230 1022 3289 1077 In
3306 1021 3496 1079 diebus

1892 1113 2002 1170 illis
2032 1113 2156 1168 tulit
2188 1112 2450 1167 Dominus
2481 1113 2629 1168 Deus
2659 1112 2938 1169 hominem
2962 1154 2977 1179 ,
3010 1130 3175 1185 usque
3202 1114 3380 1184 ipsum
3408 1123 3505 1171 est

1893 1219 2093 1262 nomen
2144 1204 2283 1273 ejus.
2324 1204 2679 1274 Evangelium
2734 1206 3037 1261 secundum
3086 1207 3398 1264 Matthteum
3442 1222 3493 1263 c.

1890 1313 2064 1365 xvut,
2117 1294 2252 1351 Cum
2301 1296 2548 1353 audisset
2586 1296 2744 1353 Jesus
2787 1299 2933 1368 quod
2976 1299 3217 1357 Joannes
3264 1301 3497 1358 traditus

1894 1401 2060 1458 esset,
2088 1408 2249 1463 usque
2272 1391 2731 1462 appropinquabit
2761 1393 2907 1447 enim
2940 1408 3167 1463 regnum
3200 1395 3491 1451 etelorum.

1966 1484 2149 1542 Pridie
2173 1483 2283 1539 kal.
2314 1483 2584 1539 Januarii.
2610 1482 2799 1540 Natale
2820 1484 2993 1540 sancti
3014 1486 3286 1542 Silvestri.
3313 1488 3500 1544 Lectio

1896 1580 2159 1653 Epistolas
2188 1579 2336 1636 beati
2366 1579 2516 1635 Pauli
2560 1579 2794 1650 apostoli
2832 1579 2902 1634 ad
2928 1578 3212 1636 Hebraeos.
3251 1580 3498 1649 Fratres,

1896 1679 2086 1749 plures
2116 1676 2244 1733 facti
2275 1684 2400 1731 sunt
2430 1674 2747 1731 sacerdotes
2777 1674 3078 1730 secundum
3111 1675 3307 1745 legem,
3338 1691 3502 1745 usque

262 1769 396 1825 Item
427 1769 521 1824 ubi
550 1783 736 1841 supra.
767 1768 961 1824 Lectio
993 1767 1174 1823 Esaiae
1207 1764 1508 1837 propbelm-
1548 1764 1674 1819 Πωο
1708 1763 1789 1818 di-
1819 1767 1868 1828 B
1896 1788 1955 1828 se
1982 1771 2262 1827 oil‘erendo
2294 1770 2558 1825 Dominus
2600 1776 2788 1825 noster
2817 1768 2976 1824 Jesus
3016 1767 3288 1825 Christus.
3324 1769 3506 1824 Evan»

185 1862 266 1919 cit
306 1862 592 1930 Dominus,
625 1862 858 1933 populus
893 1860 1164 1933 gentium,
1208 1874 1374 1929 usque
1412 1856 1471 1913 in
1501 1856 1804 1946 sempiter-_

183 1972 346 2012 num.

262 2048 621 2119 Evangelium
646 2047 950 2105 secundum
978 2046 1179 2103 Lucam
1212 2059 1333 2114 cap.
1364 2059 1445 2111 ιιι,
1494 2041 1641 2098 Exiit
1671 2041 1794 2097 edi-

184 2150 339 2199 ctum
354 2155 386 2196 a
406 2140 647 2207 Caesare,
671 2158 831 2211 usque
850 2155 952 2211 pax
976 2137 1287 2195 hominibus
1300 2136 1459 2191 bonae
1475 2134 1791 2190 voluntatis.

263 2236 402 2292 Item
432 2235 501 2290 ad
531 2244 777 2290 sanctam
827 2232 1173 2289 Anastasiam
1214 2245 1395 2287 mane.
1440 2229 1630 2284 Lectio
1668 2227 1798 2297 Epi-

187 2332 351 2387 stolae
400 2329 545 2387 beati
592 2328 745 2384 Pauli
788 2327 1025 2399 apostoli
1073 2325 1144 2380 ad
1193 2325 1397 2379 Titum.
1448 2320 1795 2387 Charissimi,

184 2423 445 2495 apparuit
476 2421 786 2493 benignitas
823 2429 880 2477 et
910 2418 1256 2489 humanitas,
1300 2432 1464 2488 usque
1494 2416 1551 2471 in
1580 2412 1799 2471 Christo

184 2518 321 2576 Jesu
351 2517 585 2573 Domino
623 2523 837 2571 nostro.

265 2609 402 2665 Item
433 2608 524 2663 uhi
556 2621 739 2677 supra.
764 2606 957 2663 Lectio
977 2604 1153 2661 Esaia:
1180 2603 1481 2676 prophetae.
1513 2600 1641 2657 Hazc
1667 2599 1799 2655 dicit

186 2701 478 2759 Dominus.
513 2700 751 2772 Spiritus
774 2700 989 2757 Domini
1010 2714 1175 2769 super
1196 2714 1306 2765 me,
1339 2715 1506 2769 usque
1532 2694 1800 2766 redempti

179 2810 213 2849 a
248 2794 488 2850 Domino
522 2793 655 2850 Deo.

263 2887 623 2960 Evangelium
674 2887 973 2945 secundum
1021 2886 1223 2943 Lucam
1273 2901 1395 2958 cap.
1427 2902 1517 2955 ιιι,
1550 2885 1803 2943 Pastores

178 2980 579 3052 loquebantur,
604 2996 765 3051 usque
794 2980 1000 3037 dictum
1031 2988 1117 3035 est
1143 2980 1210 3034 ad
1242 2980 1388 3036 illos.

1896 1864 2095 1935 gelium
2132 1862 2437 1918 secundum
2470 1860 2785 1916 Matthceum
2821 1876 2872 1916 c.
2905 1875 3140 1926 CCLXIII,
3171 1861 3316 1915 Dixit
3342 1860 3502 1916 Jesus

1898 1953 2180 2024 discipulis
2218 1954 2368 2019 suis,
2404 1952 2632 2023 Vigilate
2674 1967 2780 2022 qua
2832 1952 3084 2020 nescitis,
3128 1964 3288 2023 usque
3334 1967 3504 2024 super

1898 2048 2086 2107 omnia
2112 2048 2254 2103 bona
2283 2060 2379 2103 sua
2412 2046 2706 2101 constituet
2733 2061 2877 2101 cum.
3306 2106 3309 2107 ν

1973 2140 2097 2196 Kal.
2128 2138 2392 2195 Januarii.
2426 2137 2661 2194 Octabas
2692 2138 2926 2193 Domini.
2956 2139 3074 2209 Ipsa
3107 2138 3268 2194 lectio
3296 2138 3506 2211 legatur

1901 2248 2023 2306 quae
2049 2243 2133 2289 est
2176 2233 2230 2287 in
2258 2231 2437 2302 vigilia
2468 2230 2686 2287 Domini
2715 2231 2781 2288 de
2821 2240 2998 2288 nocte.
3028 2230 3380 2302 Evangelium
3422 2249 3511 2290 se-

1902 2327 2140 2383 cundum
2162 2324 2517 2397 Lucam(cap.
2549 2322 2656 2393 ιιι),
2678 2325 2971 2395 Postquam
2995 2324 3357 2383 consummati
3374 2335 3510 2383 sunt

1902 2421 2022 2478 dies
2050 2428 2197 2487 octo,
2230 2435 2394 2490 usque
2418 2418 2586 2489 gloria
2620 2417 2763 2489 plebi
2793 2426 2898 2474 tute
2919 2417 3112 2475 Israel.

1974 2533 2026 2572 ιν
2051 2532 2184 2571 non.
2211 2512 2479 2570 Januarii.
2511 2511 2697 2568 Lectio
2741 2510 2869 2567 libri
2900 2510 3203 2569 Geueseos.
3232 2512 3291 2568 In
3317 2512 3511 2569 diebus

1902 2610 2012 2670 illis
2062 2609 2234 2669 Adam
2278 2624 2385 2664 non
2431 2605 2807 2663 inveniebatur
2836 2604 3165 2674 adjutorium
3213 2607 3393 2662 simile
3436 2607 3509 2671 ei,

1902 2720 2067 2776 usque
2117 2713 2173 2760 et
2218 2701 2391 2774 aperti
2438 2709 2564 2756 sunt
2610 2698 2753 2757 oculi
2799 2698 3102 2754 amborum.
3159 2698 3513 2769 Evangelium

1904 2800 2205 2858 secundum
2262 2795 2579 2853 Matthmum
2628 2808 2749 2863 cap.
2803 2808 2977 2859 χχιιι,
3028 2790 3307 2849 Circuibat
3352 2791 3515 2847 Jesus

1906 2901 2076 2951 totam
2103 2890 2386 2948 Galilzcam
2405 2933 2418 2957 ,
2444 2904 2605 2957 usque
2626 2886 2694 2943 de
2721 2896 2873 2942 trans
2904 2884 3224 2941 Jordanem.

1979 3000 2036 3039 ιιι
2058 2998 2187 3040 non.
2213 2980 2478 3037 Januarii.
2502 2979 2689 3036 Natale
2711 2986 2913 3034 sancta:
2943 2977 3243 3034 Genovel’aa
3264 2977 3509 3050 virginis.

257 3074 397 3130 Item
440 3075 509 3130 ad
556 3085 801 3130 sanctum
845 3074 1064 3131 Petrum
1100 3075 1158 3128 in
1194 3074 1301 3130 die.
1332 3073 1519 3130 Lectio
1555 3071 1803 3143 epistolae
1907 3075 2096 3135 Lectio
2134 3076 2261 3133 libri
2291 3075 2606 3146 Sapientia).
2640 3073 2875 3129 Pulchra
2908 3082 2991 3129 est
3019 3082 3167 3129 casta
3198 3075 3511 3143 generatio,

176 3165 338 3225 beati
366 3166 520 3222 Pauli
546 3167 780 3237 apostoli
824 3166 891 3221 ad
919 3166 1200 3222 Hebraeos.
1232 3166 1485 3232 Fratres,
1514 3164 1805 3221 multifario
1831 3173 1877 3237 C
1910 3185 2071 3243 usque
2100 3171 2155 3227 in
2184 3169 2473 3241 refrigerio
2504 3168 2627 3225 erit.
2661 3167 3020 3239 Evangelium
3051 3166 3348 3224 secundum
3378 3166 3514 3222 Mat-

176 3260 488 3332 multisque
517 3260 728 3327 modis,
760 3276 920 3331 usque
947 3260 1075 3314 anni
1102 3260 1179 3315 tui
1209 3275 1316 3315 non
1346 3259 1619 3317 deﬁcient.
1914 3268 2115 3323 thaeum
2153 3280 2271 3337 cap.
2306 3279 2528 3333 χχχιιι,
2580 3262 2823 3319 Audistis
2853 3262 2981 3333 quia
3024 3261 3230 3317 dictum
3261 3268 3347 3317 est
3374 3261 3513 3316 anti-

255 3354 401 3409 ltem
427 3353 519 3408 ubi
549 3367 731 3423 supra.
763 3352 952 3407 Lectio
982 3352 1155 3408 Esaia:
1182 3352 1484 3424 prophetae.
1518 3354 1647 3411 Ilazc
1669 3354 1807 3411 dicit
1910 3362 2051 3434 quis,
2083 3359 2199 3418 Non
2223 3356 2616 3423 minchaberis,
2644 3370 2807 3424 usque
2829 3353 3079 3411 volentia
3104 3362 3158 3407 te
3184 3353 3420 3409 mutuari
3444 3367 3514 3409 ne

174 3449 487 3506 Dominus.
519 3448 751 3518 Propter
780 3448 884 3503 hoc
927 3448 1062 3504 sciet
1088 3449 1320 3519 populus
1351 3464 1526 3515 meus,
1560 3467 1722 3521 usque
1750 3460 1806 3507 et
1910 3454 2194 3513 avertaris.

171 3540 463 3597 videbunt
488 3555 681 3597 omnes
716 3540 853 3597 ﬁnes
888 3550 1045 3597 terrm
1071 3542 1310 3598 salutare
1338 3542 1435 3599 Dei
1465 3545 1655 3599 nostri.
1983 3549 2136 3605 Prid.
2181 3563 2307 3603 non.
2353 3542 2615 3602 Januarii.
2659 3541 2849 3599 Lectio
2894 3538 3082 3597 Daniel
3119 3539 3422 3611 prophetae.
3453 3539 3517 3597 In

258 3634 485 3689 Initium
530 3634 705 3690 sancti
750 3634 1025 3705 Evangelii
1073 3634 1371 3691 secundum
1415 3636 1701 3693 Joannem.
1746 3637 1805 3693 In
1912 3641 2103 3699 diebus
2133 3639 2241 3695 illis
2263 3638 2414 3694 venit
2456 3634 2956 3692 Nabuchodonosor
2987 3648 3086 3689 rex
3128 3632 3421 3704 Babylonis
3458 3633 3517 3690 in

175 3724 469 3797 principio
498 3735 618 3781 erat
650 3726 886 3782 Verbum
906 3768 923 3796 ,
966 3744 1127 3799 usque
1148 3739 1201 3785 et
1228 3728 1493 3786 veritatis.
1910 3736 2288 3803 Hierusalem,
2317 3744 2372 3791 et
2400 3732 2615 3790 obsedit
2644 3746 2794 3788 eam:
2828 3748 2989 3803 usque
3030 3730 3123 3802 qui
3153 3729 3516 3787 vescebantur

262 3817 328 3873 1η
356 3817 527 3873 natali
557 3818 732 3874 εθηεῐί
775 3818 1072 3889 Stephani,
1107 3819 1160 3875 id
1192 3829 1305 3889 est,
1338 3837 1412 3877 VII
1456 3820 1676 3878 kalend.
1716 3820 1808 3878 Ja-
1913 3830 2038 3886 cibo
2055 3830 2223 3901 regio.
2247 3826 2601 3899 Evangelium
2620 3822 2917 3881 secundum
2934 3823 3246 3879 Matthaaum
3269 3838 3320 3880 c.
3345 3839 3514 3891 vau,

179 3910 399 3965 nuarii.
446 3908 635 3966 Lectio
671 3918 886 3967 actuum
923 3912 1338 3982 Apostolorum.
1377 3913 1437 3969 Iu
1475 3914 1667 3970 diebus
1698 3914 1809 3970 illis
1913 3921 2050 3979 Cum
2072 3923 2313 3978 venisset
2347 3921 2507 3977 Jesus
2539 3920 2591 3974 in
2620 3917 2845 3975 domum
2888 3915 3130 3973 Simonis
3156 3916 3325 3985 Petri,
3356 3931 3517 3987 usque

178 4003 511 4072 Stephanus
543 4003 738 4074 plenus
775 4005 986 4076 gratia,
1034 4022 1194 4075 usque
1230 4006 1560 4063 obdormivit
1602 4008 1655 4062 in
1702 4008 1809 4063 Do-
1914 4017 2154 4088 sepelire
2182 4021 2428 4071 mortuos
2466 4026 2616 4068 suos.

175 4097 372 4153 mino.
418 4097 777 4169 Evangelium
808 4099 1108 4155 secundum
1139 4100 1454 4157 Matthaeum
1493 4117 1619 4173 cap.
1648 4118 1807 4159 ccxn.

177 4193 430 4248 Dicebat
469 4192 628 4251 Jesus
669 4196 844 4252 turbis
891 4194 1242 4263 Judzcorum,
1284 4215 1445 4269 usque
1491 4198 1808 4256 benedictus

174 4285 293 4356 qui
319 4287 469 4342 venit
490 4286 545 4342 in
571 4289 792 4343 nomine
819 4288 1054 4344 Domini.

266 4381 334 4436 lu
361 4382 527 4437 natali
558 4383 733 4438 sancti
753 4382 979 4440 Joannis
1008 4383 1380 4457 evangelista},
1404 4385 1457 4441 id
1482 4394 1586 4453 est,
1616 4400 1669 4441 vI
1696 4384 1805 4442 kal.

177 4475 473 4533 Januarii.
506 4476 695 4534 Lectio
744 4479 870 4535 libri
916 4478 1234 4549 Sapientiae.
1268 4480 1373 4549 Qui
1413 4480 1567 4536 timet
1614 4481 1805 4548 Deum,

1987 4111 2128 4167 Non.
2170 4107 2435 4165 Januarii.
2469 4106 2658 4163 Lectio
2708 4105 2829 4162 libri
2870 4104 3171 4163 Geneseos.
3220 4102 3280 4159 In
3324 4102 3518 4160 diebus

1914 4204 2050 4262 illis.
2080 4201 2214 4259 Cum
2239 4210 2420 4257 autem
2450 4198 2836 4272 cognovissent
2864 4213 2924 4255 se
2952 4212 3073 4254 esse
3101 4194 3277 4251 nudos
3298 4235 3313 4262 ,
3345 4193 3517 4251 Adam

1916 4299 2132 4356 scilicet
2158 4306 2215 4353 et
2238 4312 2376 4353 uxor
2405 4295 2525 4367 ejus
2552 4339 2566 4363 ,
2600 4309 2761 4367 usque
2793 4293 2847 4349 in
2876 4292 3160 4363 pulverem
3200 4287 3516 4344 reverteris.

1916 4391 2277 4465 Evangelium
2324 4390 2623 4448 secundum
2650 4388 2962 4445 Matthaeum
2994 4402 3044 4442 c.
3078 4398 3314 4451 cxxxtu,
3342 4381 3519 4437 Locu-

1918 4498 2007 4545 tus
2037 4497 2123 4545 est
2160 4487 2319 4544 Jesus
2364 4485 2427 4541 ad
2458 4484 2670 4541 turbam
2700 4491 2757 4539 et
2799 4481 3096 4552 discipulos
3138 4492 3267 4534 suos
3309 4476 3517 4543 dicens,

178 4569 372 4625 faciet
418 4570 599 4638 bona,
631 4588 793 4643 usque
845 4572 899 4627 in
951 4574 1168 4628 nomine
1213 4582 1418 4629 aeterno
1470 4573 1800 4631 hmreditabit

1922 4583 2182 4641 Videntes
2208 4596 2315 4638 non
2332 4580 2540 4647 vident,
2566 4588 2619 4635 et
2641 4577 2935 4634 audientes
2955 4589 3064 4629 non
3089 4570 3340 4639 audiunt,
3364 4586 3522 4642 usque

174 4662 359 4718 illum
390 4662 655 4719 Dominus
682 4664 829 4721 Deus
878 4675 1084 4722 noster.
1116 4666 1463 4737 Evangelium
1510 4667 1811 4724 secundum

178 4756 475 4812 Joannem
499 4771 621 4828 cap.
646 4772 861 4813 ccxxxt.
882 4759 1031 4814 Dixit
1051 4760 1209 4815 Jesus
1231 4760 1415 4828 Petro,
1436 4761 1678 4834 Sequere
1700 4778 1807 4831 me,

180 4866 371 4922 usque
396 4850 523 4922 quia
554 4866 744 4907 verum
773 4860 859 4908 est
893 4852 1260 4908 testimonium
1287 4854 1424 4924 ejus.

180 4972 190 4993 ι
282 4942 347 4999 In
395 4944 564 4999 natali
610 4944 1002 5011 Innocentum,
1054 4944 1110 5001 id
1163 4955 1268 5013 est,
1317 4962 1350 5000 ν
1391 4946 1499 5004 Ital.
1546 4949 1813 5006 Januarii.

181 5033 408 5091 Lectio
429 5034 561 5091 libri
590 5036 951 5109 Apocalypsis
975 5035 1202 5094 Joannis
1244 5039 1498 5108 apostoli.
1531 5038 1589 5095 In
1620 5041 1813 5098 diebus

181 5129 325 5185 illis
354 5130 465 5186 vidi
496 5144 662 5202 super
692 5142 932 5189 montem
961 5132 1092 5190 Sion
1130 5149 1330 5205 agnum
1362 5143 1622 5204 stantem,
1652 5152 1813 5207 usque

178 5232 343 5279 ante
371 5221 633 5280 thronum
657 5225 773 5281 Dei.
805 5226 1160 5298 Evangelium
1184 5228 1481 5284 secundum
1502 5226 1816 5284 Matthaaum

176 5332 339 5389 cap.
368 5321 440 5388 vi,
486 5318 630 5376 Ecce
672 5321 900 5391 angelus
946 5320 1163 5377 Domini
1213 5322 1462 5393 apparuit
1508 5321 1563 5377 in
1611 5321 1820 5377 somnis

176 5412 425 5483 Joseph
446 5459 462 5485 ,
494 5430 656 5485 usque
682 5416 937 5486 quoniam
974 5415 1262 5472 Nazarazus
1294 5416 1599 5472 vocabitur.

279 5505 419 5563 Kal.
451 5508 719 5577 Januarii,
748 5510 793 5567 si
826 5510 879 5566 in
912 5510 1195 5567 Dominica
1236 5510 1562 5583 contigerit,
1592 5511 1709 5567 istae
1740 5510 1821 5567 Ie-

179 5598 438 5657 ctiones
485 5617 556 5656 ex
615 5600 741 5656 libri
783 5601 1010 5659 Comitis
1060 5604 1329 5676 legantur.
1381 5604 1623 5674 Epistola
1671 5604 1828 5659 Pauli

175 5697 460 5771 apostoli
488 5699 555 5754 ad
582 5698 828 5765 Galatas,
860 5699 1105 5768 Fratres,
1135 5710 1337 5772 quanto
1376 5712 1625 5771 tempore
1652 5699 1829 5755 haeres

1918 4686 1973 4733 et
2003 4691 2165 4732 aures
2192 4684 2388 4732 vestrze
2418 4689 2543 4744 qua:
2571 4671 2813 4726 audiunt.

1993 4771 2127 4827 Item
2172 4769 2366 4825 eodem
2399 4766 2518 4833 die,
2571 4765 2624 4819 iu
2655 4763 2836 4833 vigilia
2882 4759 3287 4830 Theophanize,
3331 4756 3519 4814 Lectio

1921 4872 2180 4944 Epistolae
2211 4870 2355 4927 beati
2384 4866 2543 4924 Pauli
2572 4864 2802 4936 apostoli
2824 4862 2893 4918 ad
2915 4863 3122 4919 Titum.
3152 4862 3518 4929 Charissime,

1925 4973 2177 5048 apparuit
2202 4970 2513 5042 benignitas
2540 4976 2597 5023 et
2624 4965 2965 5033 humanitas,
3012 4979 3172 5038 usque
3215 4965 3271 5021 in
3302 4964 3523 5021 Christo

1926 5077 2060 5135 Jesu
2108 5072 2342 5129 Domino
2388 5076 2600 5126 nostro.
2632 5065 2993 5138 Evangelium
3041 5066 3344 5123 secundum
3393 5066 3528 5121 Mat-

1928 5179 2133 5235 thteum
2161 5187 2282 5245 cap.
2303 5187 2383 5239 vI,
2414 5168 2681 5225 Defuncto
2703 5164 2956 5236 Herode,
2989 5181 3120 5224 ecce
3150 5166 3401 5240 apparuit
3426 5180 3526 5220 an-

1932 5279 2089 5352 gelus
2137 5272 2353 5331 Domini
2394 5272 2451 5328 in
2499 5267 2709 5326 somnis
2749 5267 2984 5341 Joseph,
3032 5284 3194 5340 usque
3238 5267 3533 5325 Nazaraeus

1935 5380 2239 5440 vocabitur.

2010 5498 2106 5538 vm
2145 5481 2265 5537 idus
2311 5475 2589 5545 Januarii,
2638 5476 2696 5532 in
2724 5474 3101 5547 Theophania.
3135 5472 3325 5531 Lectio
3365 5471 3543 5528 Esaia:

1938 5582 2246 5655 pr0phette.
2273 5579 2449 5649 Surge
2476 5623 2491 5649 ,
2526 5576 2839 5632 illuminare
2875 5574 3211 5631 Hierusalem
3237 5615 3253 5644 ,
3286 5588 3449 5644 usque
3487 5580 3544 5630 et

1946 5684 2164 5743 laudem
2210 5682 2442 5739 Domino
2489 5679 2903 5737 annuntiantes.
2952 5676 3312 5749 Evangelium
3353 5689 3551 5731 secun-

171 5792 491 5869 parvulus
517 5803 623 5863 est,
648 5807 810 5864 usque
835 5801 890 5848 et
920 5793 1095 5850 haeres
1121 5810 1217 5865 per
1246 5796 1443 5857 Deum.
1475 5792 1832 5867 Evangelium
1941 5790 2072 5854 dum
2102 5788 2422 5853 Mattltaettm
2452 5802 2574 5863 cap.
2625 5800 2699 5857 Iv,
2732 5783 2868 5843 Cum
2918 5793 3076 5842 natus
3113 5790 3263 5840 esset
3304 5779 3465 5845 Jesus
3495 5779 3554 5837 in

669 5889 947 5955 PATROL.
987 5887 1199 5954 XXX.

170 5973 207 5984 υ

3071 5879 3146 5944 16
