4048 6298
598 247 701 304 ι9ι

1625 253 1686 307 S.
1729 251 2110 309 ΠΠΞΒΟΝΥΜΙ
2148 254 2432 313 OPERUM
2477 256 2843 315 MANTISSA.

3796 264 3896 324 492

590 362 911 420 Betltlehem
939 362 1114 429 Judae,
1146 378 1307 435 usque
1334 378 1431 435 per
1462 364 1623 421 aliam
1659 367 1801 421 viam
1831 369 2039 423 reversi
2070 380 2196 423 sunt
2225 374 2271 431 Λ
2303 371 2382 423 via
2434 371 2799 427 ascendentes
2846 387 2971 429 cum
3021 373 3150 431 Jesu
3202 373 3638 450 Hierosolymam
3662 422 3677 449 ,
3742 397 3893 451 usque

596 460 649 512 in
683 457 961 527 tegionem
1002 469 1177 510 suam.

670 566 741 604 vn
763 549 839 603 id.
864 547 1129 603 Januarii.
1164 546 1352 603 Lectio
1378 548 1553 604 Esaiae
1586 550 1888 622 prephetaa.
1921 552 1977 607 in
1999 550 2190 607 diebus

592 641 701 694 illis
734 640 947 691 locutus
990 648 1075 691 est
1099 636 1296 693 Esaias
1339 639 1605 710 propheta
1638 641 1852 697 dicens.
1884 645 2040 696 Auno
2080 657 2191 713 quo

588 740 838 786 mortuus
866 737 952 783 est
980 744 1079 784 rex
1107 731 1293 795 Ozias,
1325 732 1435 785 vidi
1468 732 1756 787 Dominum
1790 734 2072 789 sedentem
2100 750 2190 788 sn-

590 838 687 892 per
709 820 910 875 solium
940 822 1242 889 excelsum,
1273 838 1435 891 usque
1453 830 1508 877 et
1540 832 1820 893 peceatum
1854 836 2001 880 tuum
2033 841 2191 880 mun-

587 914 825 968 dabitur.
903 913 1264 982 Evangelium
1316 914 1618 970 secundum
1686 916 2002 972 Mattltacunt
2061 933 2184 988 cap.

580 1019 776 1059 csxxrx
801 1047 815 1072 ,
853 1002 1081 1060 Facwm
1110 1014 1197 1061 est
1227 1020 1352 1060 cum
1381 1018 1819 1064 consummasset
1861 1007 2023 1064 Jesus
2072 1022 2188 1063 ser-

584 1113 776 1153 mones
808 1099 982 1162 iStos,
1011 1114 1173 1167 usque
1204 1097 1297 1167 qui
1329 1106 1512 1167 potest
1538 1113 1740 1169 capere
1769 1099 1966 1169 capiat.

655 1206 707 1244 vi
759 1188 834 1244 id.
882 1188 1147 1244 Januarii.
1185 1190 1469 1244 Belloacus
1518 1190 1702 1246 natale
1751 1191 1923 1247 sancti
1961 1189 2188 1246 Luciani

587 1284 867 1353 martyris.
918 1280 1105 1336 Lectio
1135 1279 1258 1335 libri
1303 1280 1619 1351 Sapientiae.
1655 1283 1876 1350 Audite,
1909 1298 2088 1355 reges,
2134 1292 2189 1340 et

585 1372 893 1442 intelligite,
926 1388 1085 1443 usque
1118 1373 1400 1427 invenient
1426 1374 1556 1443 quid
1590 1374 1983 1445 respondeant.
2013 1375 2189 1429 Evan-

580 1469 785 1539 gelium
814 1469 1116 1523 secundum
1150 1468 1463 1523 Matthaautn
1493 1484 1612 1539 cap.
1645 1484 1828 1535 ccu't,
1860 1469 2005 1524 Dixit
2029 1469 2188 1526 Jesus

583 1564 866 1632 discipulis
892 1563 1004 1617 suis
1028 1603 1042 1628 ,
1084 1562 1240 1618 Sicut
1280 1560 1463 1632 fulgur
1491 1564 1608 1619 exit
1648 1564 1719 1617 ab
1749 1566 1994 1632 oriente,
2024 1581 2188 1635 usque

582 1657 847 1709 terminus
873 1669 1085 1710 eorum.

657 1761 685 1800 v
711 1746 832 1799 idus
859 1745 1127 1801 Januarii.
1149 1744 1336 1801 Lectio
1367 1745 1544 1800 Esaia:
1567 1745 1869 1816 prophetae.
1901 1747 1959 1804 in
1990 1748 2183 1804 diebus
2216 1768 2261 1828 Β

582 1838 691 1893 illis
717 1838 856 1892 dixit
883 1836 1143 1892 Dominus
1161 1836 1226 1890 ad
1253 1836 1493 1903 Esaiam,
1522 1836 1795 1907 Egredere
1819 1840 1870 1892 in
1887 1854 2176 1894 occursum

582 1933 784 1992 Achaz,
820 1947 982 2000 usque
1012 1933 1055 1986 si
1087 1948 1193 1984 non
1222 1931 1593 1998 credideritis,
1626 1946 1732 1985 non
1764 1932 2177 2002 permattcbitis.

578 2024 931 2090 livangelium
974 2022 1275 2077 secundum
1312 2023 1584 2089 Marcum,
1626 2022 1777 2077 Dixit
1815 2023 1974 2079 Jesus
2019 2017 2179 2082 disci-

578 2117 721 2184 pulis
751 2116 883 2180 suis,
916 2114 1105 2169 Simile
1132 2124 1217 2169 est
1245 2130 1471 2185 regnum
1502 2115 1617 2180 Dei,
1651 2114 2108 2185 quemadmodum
2135 2119 2177 2171 si

579 2212 741 2265 homo
779 2211 942 2277 jaciat
969 2218 1269 2264 sementem
1301 2211 1352 2264 in
1384 2219 1548 2275 terra,
1592 2225 1748 2279 usque
1776 2212 1896 2264 sine
1926 2210 2179 2280 parabola

575 2327 682 2363 non
716 2306 1040 2377 loquebatur
1068 2306 1169 2360 cis.

648 2417 699 2454 tv
722 2400 843 2453 idus
864 2398 1126 2453 Januarii.
1157 2396 1347 2452 Lectio
1374 2396 1548 2451 Esaia:
1575 2395 1873 2467 propheta).
1900 2395 1956 2451 ιιι
1987 2396 2177 2452 diebus

573 2494 676 2547 illis
708 2491 921 2547 locutus
964 2498 1048 2545 est
1078 2490 1337 2545 Dominus
1377 2489 1443 2543 ad
1496 2490 1702 2544 Esaiam
1736 2488 2057 2561 prephetam
2092 2492 2175 2544 di-

572 2600 726 2650 et-ns,
759 2585 863 2639 l’ro
885 2598 952 2641 eo
995 2583 1140 2652 quod
1183 2581 1381 2652 adjecit
1410 2581 1640 2651 populus
1671 2581 1772 2636 iste
1801 2597 1966 2652 aquas
1998 2582 2173 2649 Siloe,

573 2694 733 2748 mque
776 2678 900 2747 quia
946 2677 1226 2733 nobiscum
1279 2676 1439 2731 Deus.
1475 2674 1830 2745 Evangelium
1879 2675 2175 2731 secundum

573 2772 809 2826 Marcum
834 2784 953 2839 cap.
998 2784 1128 2835 ιλιι,
1161 2768 1306 2824 Dixit
1330 2768 1488 2824 Jesus
1512 2767 1794 2839 discipulis
1824 2769 1957 2839 suis,
1984 2769 2177 2825 Venite

572 2878 821 2916 seorsum
850 2907 863 2931 ,
895 2876 1083 2917 eamus
1114 2862 1166 2915 in
1198 2861 1474 2918 desertum
1509 2863 1686 2917 locum
1714 2904 1728 2929 ,
1760 2878 1919 2933 usque
1942 2877 2173 2918 concur-

576 2964 767 3011 rerunt
797 2955 949 3011 illuc.

606 3118 611 3123 ’
644 3064 700 3103 ιιι
723 3048 846 3104 idus
866 3046 1129 3103 Januarii.
1155 3047 1344 3104 Lectio
1372 3048 1551 3103 Esaia:
1575 3048 1876 3118 propltetze.
1904 3047 1961 3102 1n
1986 3047 2176 3104 diebus

2297 462 2454 517 tertia
2490 462 2576 517 die
2608 474 2875 535 resurget.

2364 571 2495 611 xvm
2542 555 2653 612 kal.
2710 558 3012 615 Februarii.
3075 560 3263 618 Lectio
3305 560 3431 619 libri
3481 562 3785 622 Geneseos.
3839 568 3887 624 In

2292 648 2489 703 diebus
2520 650 2630 704 illis
2660 651 2862 706 factum
2890 662 2975 709 est
3010 664 3068 709 ut
3105 655 3325 711 oilierret
3353 656 3486 711 Cain
3520 657 3757 715 Domino
3786 659 3890 716 Deo

2293 740 2362 795 de
2391 742 2656 797 fructibus
2699 752 2884 811 terrm,
2913 764 3072 818 usque
3105 751 3192 819 qui
3227 749 3488 805 occiderit
3518 766 3644 806 eum
3667 795 3683 817 ,
3716 764 3891 824 septu-

2293 836 2440 905 plum
2473 838 2752 907 punietur.
2784 839 3131 911 Evangelium
3155 845 3459 899 secundum
3480 844 3742 901 Marcum.
3774 862 3885 918 cap.

2292 943 2453 996 cxvt,
2492 929 2654 985 Venit
2682 931 2841 987 Jesus
2881 933 3131 1001 Hierico,
3178 951 3343 1007 usque
3392 938 3724 1008 sequebatur
3774 957 3885 997 enm

2290 1022 2344 1076 itt
2379 1022 2481 1076 via.

2368 1130 2479 1170 xvii
2530 1112 2748 1173 kalend.
2808 1118 3117 1174 Februarii.
3174 1120 3361 1177 Natale
3428 1125 3602 1179 saneti
3659 1127 3885 1183 Marcelli

2293 1207 2650 1263 confessoris.
2699 1209 2887 1265 Lectio
2931 1211 3056 1265 libri
3098 1213 3397 1269 Gcneseos.
3448 1216 3502 1271 ltt
3552 1220 3746 1275 diebus
3792 1223 3888 1277 ἰιιίς

2290 1299 2527 1354 Lamech
2575 1303 2786 1370 accepit
2828 1318 3027 1359 uxores
3069 1304 3238 1369 duas,
3270 1324 3434 1377 usque
3474 1324 3637 1366 omne
3681 1323 3886 1385 tempus

2290 1407 2396 1462 quo
2422 1394 2557 1448 vixit
2601 1392 2774 1449 Adam
2806 1397 2933 1449 anni
2968 1400 3225 1467 nongenti
3260 1402 3496 1469 triginta.
3532 1403 3885 1475 Evangelium

2291 1485 2586 1540 secundum
2611 1487 2847 1542 Marcum
2876 1503 2997 1559 cap.
3026 1504 3234 1560 cxxxv,
3260 1493 3405 1547 Dixit
3425 1493 3577 1550 Jesns
3604 1496 3887 1570 discipulis

2287 1581 2423 1643 suis,
2454 1580 2656 1637 Cavete
2683 1596 2711 1635 a
2743 1583 2939 1639 scribis
2962 1586 3052 1655 qui
3085 1587 3274 1641 volunt
3318 1588 3369 1642 in
3403 1591 3554 1647 stolis
3581 1593 3882 1662 ambulare,

2288 1690 2452 1745 usque
2474 1674 2561 1730 hic
2590 1678 2865 1747 accipiunt
2890 1681 3152 1749 prolixius
3171 1683 3460 1752 judicium.

2363 1783 2455 1821 xvi
2490 1766 2602 1824 kal.
2640 1768 2946 1826 Februarii.
2981 1773 3169 1830 Natale
3215 1779 3385 1831 sancti
3416 1778 3669 1849 Sulpicii.
3705 1782 3884 1838 Lectio

2284 1860 2409 1915 libri
2458 1862 2771 1932 Sapientiae.
2821 1864 3000 1935 Super
3045 1867 3274 1924 salutem
3324 1881 3379 1925 et
3427 1875 3672 1943 speciem
3722 1877 3881 1933 dilexi

2283 1958 2632 2028 sapientiam,
2664 1979 2824 2034 usque
2847 1975 3073 2034 propter
3104 1966 3403 2036 disciplina:
3434 1969 3573 2025 dona
3608 1986 3878 2028 commen-

2283 2050 2414 2105 dati.
2470 2053 2827 2123 Evangelium
2879 2057 3179 2114 secundum
3228 2059 3467 2116 Marcum
3531 2078 3655 2135 cap.
3707 2080 3873 2131 cxut,

2283 2141 2430 2196 Dixit
2459 2142 2621 2198 Jesns
2669 2145 2950 2216 discipulis
2980 2149 3091 2203 suis
3117 2190 3131 2214 ,
3164 2150 3297 2205 Cum
3325 2152 3573 2208 videritis
3601 2155 3877 2211 abomina-

2284 2234 2490 2290 tionem
2515 2237 2891 2304 desolatiouis,
2924 2257 3089 2311 usque
3114 2252 3343 2314 prepter
3367 2244 3575 2300 electos
3607 2260 3747 2317 quos
3773 2250 3877 2305 ele-

2277 2328 2387 2398 git,
2420 2329 2690 2386 breviahit
2719 2332 2858 2387 dies.

2352 2435 2421 2475 xv
2453 2419 2562 2477 kal.
2595 2411 2894 2481 Februarii.
2930 2426 3123 2485 Natale
3167 2442 3373 2487 sancta!
3421 2432 3641 2490 Priscae.
3693 2436 3878 2493 Lectio

2282 2511 2404 2569 libri
2431 2511 2744 2585 Sapientiae.
2769 2516 3024 2575 Omnium
3051 2523 3247 2579 artifex
3269 2525 3458 2580 docuit
3481 2542 3566 2582 me
3586 2530 3875 2599 sapientia,

2280 2624 2445 2679 usque
2473 2620 2527 2665 et
2561 2626 2723 2681 super
2748 2628 2965 2672 omnem
2994 2618 3281 2674 stellarum
3306 2620 3746 2691 dispositionem.
3782 2626 3877 2681 Re-

2278 2700 2437 2770 quirc
2468 2703 2823 2775 Evangelium
2870 2711 3171 2765 secundum
3222 2712 3540 2769 Matthteum
3584 2731 3709 2786 cap.
3752 2733 3873 2773 (ιιι.

2279 2795 2465 2851 Simile
2511 2807 2596 2853 est
2644 2815 2871 2871 regnum
2919 2805 3179 2861 caelorum
3236 2806 3489 2864 thesauro
3536 2810 3873 2879 abscondito,

2277 2904 2439 2959 usque
2461 2905 2617 2946 nova.

2352 3000 2439 3038 xxv
2476 2983 2583 3040 kal.
2638 2986 2941 3045 Februarii.
2978 2992 3035 3046 In
3081 2994 3248 3048 natali
3296 2995 3479 3049 Mariae
3526 3005 3584 3050 et
3630 2997 3873 3053 Martha.

2282 3078 2470 3134 Leotio
2502 3080 2624 3136 libri
2666 3084 2967 3140 Geneseos.
3004 3085 3061 3140 in
3093 3086 3289 3142 diebus
3318 3088 3425 3142 illis
3450 3089 3739 3144 aediﬁcavit
3772 3090 3877 3146 Noe

570 3144 677 3200 illis
728 3144 866 3199 dixit
913 3144 1100 3199 Esaias
1126 3186 1142 3212 ,
1174 3143 1301 3197 Haec
1334 3143 1478 3197 enim
1511 3141 1589 3196 ait
1638 3142 1900 3197 Dominus
1948 3142 2015 3197 ad
2063 3157 2172 3209 me,
2202 3166 2247 3230 ρ
2279 3172 2454 3227 mare
2500 3172 2732 3230 Domino
2759 3218 2772 3241 ν
2821 3194 2985 3249 mque
3022 3179 3287 3234 diluvium
3338 3181 3611 3251 dissipans
3654 3194 3872 3239 mnam.

568 3241 710 3296 sicut
757 3240 809 3294 ιιι
853 3237 978 3292 forti
1024 3252 1186 3292 manu
1238 3235 1477 3291 erudivit
1522 3250 1637 3302 mc,
1683 3250 1843 3303 usque
1880 3249 1911 3289 a
1943 3236 2172 3290 Domino

565 3333 904 3390 exercituum
936 3332 1031 3402 qui
1074 3330 1281 3384 habitat
1322 3330 1374 3383 in
1408 3338 1591 3384 monte
1619 3327 1773 3384 Sion.
1814 3328 2170 3399 Evangeltum

569 3427 866 3482 secundum
894 3426 1133 3481 Marcum
1184 3439 1304 3495 cap.
1340 3438 1429 3478 xc.
1457 3422 1696 3477 Veniens
1726 3421 1885 3477 Jcsus
1914 3424 1980 3478 ad
2011 3423 2171 3478 disci-

567 3521 723 3589 pulos
754 3534 908 3585 suos,
940 3517 1074 3573 vidit
1120 3516 1335 3571 turbam
1386 3529 1635 3586 magnam
1664 3557 1678 3582 ,
1725 3530 1885 3585 usque
1912 3515 2052 3571 inter
2076 3531 2171 3569 vos

565 3612 909 3681 conquiritis.

638 3705 823 3760 Pridie
865 3706 987 3759 idus
1035 3703 1305 3759 Januarii.
1340 3702 1526 3758 Lectio
1574 3702 1726 3758 Isaiae
1776 3701 2073 3773 prophetae.
2109 3699 2166 3755 In

566 3799 756 3855 diebus
797 3799 907 3853 illis
940 3798 1150 3852 locutus
1191 3810 1273 3853 est
1306 3799 1495 3852 Esatas
1543 3798 1807 3868 propheta
1851 3798 2061 3866 dicens,
2108 3798 2167 3854 Si

567 3894 731 3946 tuerit
749 3890 980 3960 populus
1006 3898 1130 3945 tuus
1153 3889 1317 3945 Israel
1342 3890 1497 3961 quasi
1521 3906 1686 3946 arena
1714 3892 1899 3959 maris,
1923 3891 2167 3963 reliquiae

566 3993 975 4049 convertentur,
1009 3998 1168 4053 usque
1189 3998 1353 4053 super
1381 3994 1618 4038 montem
1653 3984 1779 4039 lilia:
1804 3984 1961 4040 Sion.
1990 3984 2167 4039 Evan-

560 4079 763 4150 geliutn
790 4077 1085 4134 secundum
1110 4077 1353 4132 Marcum
1376 4092 1499 4149 cap.
1524 4093 1686 4145 xcvtt,
1714 4078 2015 4149 Respondit
2035 4078 2165 4133 Jesu

566 4175 804 4229 Joannes
831 4173 1042 4237 dicens,
1075 4172 1354 4242 Magister,
1385 4172 1622 4227 vidimus
1650 4172 1960 4243 quemdam,
2002 4188 2163 4241 usque

563 4269 652 4338 qui
674 4282 784 4322 non
809 4278 893 4322 est
915 4265 1204 4321 adversum
1230 4281 1357 4335 vos,
1392 4281 1489 4337 pro
1517 4267 1667 4321 vobis
1694 4274 1797 4321 est.

633 4361 813 4417 Idibus
836 4360 1347 4416 Januarii.0ctabas
1370 4358 1757 4430 Tthphaniaz.
1776 4358 1963 4416 Lectio
1985 4360 2161 4415 Esaiae

563 4454 862 4528 propheta}.
891 4453 1117 4508 Domine
1142 4448 1283 4508 Deus
1310 4467 1483 4519 incus,
1507 4452 1875 4507 honoriﬁcabo
1904 4462 1976 4517 te,
2000 4469 2161 4523 usque

2275 3263 2635 3337 Evangelinm
2668 3270 2968 3325 secundum
3002 3270 3241 3328 Marcum
3268 3287 3388 3344 cap.
3421 3290 3550 3329 xvm
3578 3318 3590 3340 ,
3623 3275 3784 3331 Venit
3810 3278 3873 3331 ad

2270 3358 2453 3413 Jesum
2487 3360 2736 3429 leprosos
2765 3363 3074 3432 deprecans
3105 3382 3251 3435 cum,
3287 3384 3447 3438 usque
3472 3384 3595 3440 quae
3619 3374 3874 3443 precepit

2271 3451 2482 3523 Moyses
2512 3456 2565 3508 in
2598 3458 2965 3513 testimonium
2993 3460 3120 3515 illis.

2342 3560 2434 3600 xttt
2462 3544 2569 3601 kal.
2604 3546 2908 3608 Februarii.
2937 3552 2996 3606 In
3022 3552 3188 3607 natali
3212 3552 3437 3609 Fabiani
3466 3560 3522 3611 et
3540 3555 3871 3614 Sebastiani.

2271 3635 2459 3694 Lectio
2505 3639 2629 3695 libri
2674 3641 2993 3712 Sapientiae.
3043 3645 3323 3717 Sapientia
3370 3648 3538 3703 vincit
3581 3649 3868 3718 malitiam,

2272 3745 2435 3800 usque
2480 3733 2677 3802 quibus
2716 3734 2903 3790 utilius
2946 3738 3084 3792 nihil
3135 3748 3223 3795 est
3264 3741 3318 3794 in
3361 3740 3476 3795 vita
3528 3740 3870 3797 hominibus.

2270 3821 2625 3895 Evangelium
2651 3829 2955 3884 secundum
2987 3831 3295 3887 Matt’lmum
3324 3847 3446 3904 cap.
3476 3848 3704 3902 ccum,
3734 3835 3874 3891 Dixit

2268 3913 2429 3972 Je:us
2458 3918 2741 3991 discipulis
2772 3923 2926 3992 suis,
2962 3923 3224 3996 Vigilate,
3258 3926 3385 3997 quia
3434 3929 3661 3984 nescitis
3701 3928 3869 3996 diem,

2270 4026 2431 4080 usque
2456 4014 2759 4069 constituet
2782 4030 2928 4071 eum.

2340 4120 2413 4159 xu
2444 4104 2553 4160 kal.
2585 4106 2892 4163 Februarii.
2925 4107 2981 4162 lu
3024 4111 3186 4165 natali
3220 4121 3419 4166 sanctte
3446 4111 3653 4183 Agnes.
3685 4113 3868 4170 Lectio

2269 4196 2392 4250 libri
2441 4197 2756 4268 Sapientiae.
2810 4198 2943 4255 Cum
2994 4211 3345 4258 tentarentur
3388 4203 3561 4274 justi,
3607 4221 3767 4276 usque
3813 4208 3864 4261 in

2270 4290 2431 4343 linem
2465 4301 2694 4345 eventus
2746 4293 2927 4347 mirati
2975 4304 3119 4349 sunt.
3172 4296 3521 4367 Evangelium
3567 4297 3864 4353 secundum

2266 4382 2573 4437 Mattlneutn
2605 4398 2725 4453 cap.
2770 4400 3020 4453 ccnxvtu,
3053 4389 3196 4445 Dixit
3222 4389 3384 4445 Jesus
3412 4390 3695 4462 discipulis
3724 4392 3863 4460 suis,

2265 4474 2455 4531 Simile
2485 4484 2569 4530 est
2590 4490 2818 4546 regnum
2845 4480 3110 4536 caelorum
3126 4484 3325 4538 decem
3355 4482 3683 4555 virginibus,
3706 4500 3870 4556 usque

563 4547 881 4604 anttuntiate
922 4546 1040 4601 haec
1070 4546 1122 4599 in
1174 4545 1423 4599 universa
1458 4552 1627 4599 terra.
1667 4544 2023 4615 Evangelium
2071 4562 2162 4600 se-
2192 4555 2238 4615 D
2271 4568 2490 4623 nescius
2522 4544 2675 4623 diein—
2697 4586 2873 4641 neque
2905 4574 3116 4629 horam.

561 4644 799 4697 cundum
838 4640 1130 4695 Joannem.
1172 4636 1317 4691 Vidit
1361 4635 1599 4692 Joannes
1640 4636 1826 4692 Jesum
1852 4639 2158 4694 venientem

560 4738 626 4788 ad
654 4749 710 4789 se
733 4777 747 4800 ,
779 4748 940 4802 usque
965 4729 1090 4801 quia
1124 4728 1211 4783 hic
1238 4736 1325 4783 est
1347 4727 1516 4782 Filius
1544 4727 1659 4782 Dei.

637 4826 911 4880 Dominiea
936 4838 951 4877 ι
986 4832 1106 4893 post
1134 4820 1507 4891 'l‘lteopltania.
1541 4821 1727 4878 Lectio
1752 4822 1994 4894 epistola:
2020 4824 2161 4881 beati

568 4920 720 4974 Pauli
761 4916 996 4988 apostoli
1038 4914 1104 4970 ad
1151 4914 1428 4970 Romanos
1462 4934 1473 4969 :
1511 4915 1755 4984 Fratres,
1807 4917 2033 4975 obsecro
2066 4934 2162 4973 vos

565 5030 659 5084 per
692 5009 1120 5068 misericordiam
1146 5009 1242 5065 Dei
1271 5052 1285 5074 ,
1333 5026 1492 5080 usque
1537 5011 1588 5064 in
1631 5011 1847 5067 Christo
1887 5010 2013 5069 Jcsu
2054 5012 2161 5067 Do—

566 5107 714 5159 mino
747 5115 953 5159 nostro.
987 5103 1344 5172 Evangelium
1375 5103 1673 5158 secundum
1704 5104 1903 5160 Lucam
1929 5121 2049 5176 cap.
2076 5121 2155 5174 ιιι,

562 5204 697 5255 tium
748 5199 918 5253 iactus
959 5209 1106 5253 esset
1148 5198 1307 5253 Jesus
1352 5210 1625 5253 annorum
1668 5214 1774 5266 χιι,
1810 5208 1975 5271 usque
2015 5200 2155 5271 apud

563 5296 731 5351 Deum
763 5296 817 5347 et
849 5292 1118 5347 homines.
1368 5298 1371 5301 '

634 5407 719 5445 xix
754 5388 862 5443 kal.
896 5386 1197 5442 Februarii.
1227 5385 1416 5443 Natale
1439 5390 1611 5446 sancti
1643 5389 1841 5446 Felicis
1868 5388 2153 5445 confesso-

558 5486 633 5538 tis
670 5485 722 5537 in
758 5480 955 5536 Pineis.
990 5478 1178 5534 Lectio
1208 5479 1333 5534 libri
1366 5481 1668 5539 Geneseos.
1710 5484 1766 5538 In
1802 5483 1998 5539 diebus
2046 5486 2153 5539 illis

550 5575 683 5628 fecit
711 5571 974 5626 Dominus
1004 5571 1153 5626 Deus
1185 5571 1320 5626 Adae
1345 5582 1398 5628 et
1423 5577 1578 5631 uxori
1603 5575 1722 5646 eius
1751 5576 1960 5633 tunicas
1988 5578 2150 5647 pelli-

550 5678 701 5731 eeas,
736 5680 894 5730 usque
920 5662 988 5718 ad
1016 5662 1435 5720 custodiendam
1468 5667 1608 5723 viam
1640 5666 1770 5738 ligni
1802 5669 1945 5725 vita}.
1975 5670 2150 5725 Evan-

551 5754 749 5827 geliutn
784 5754 1079 5810 secundum
1113 5754 1356 5811 Marcum
1379 5771 1500 5827 cap.
1533 5774 1663 5816 cxu.
1692 5759 1862 5817 Erant
1896 5762 2063 5819 turba:
2093 5765 2143 5820 in

2337 4676 2388 4714 xi
2424 4657 2533 4713 kal.
2564 4658 2865 4719 Februarii.
2890 4663 2947 4720 In
2979 4667 3159 4723 natale
3185 4668 3652 4726 sanctiVineenti.
3679 4670 3866 4729 Lectio

2271 4754 2398 4811 libri
2430 4755 2752 4826 Sapientiae.
2784 4760 3056 4815 Misereris
3086 4761 3326 4816 omnium
3353 4805 3369 4830 ,
3426 4763 3655 4820 Domine
3680 4806 3695 4832 ,
3738 4767 3864 4837 quia

2265 4848 2447 4903 omnia
2481 4863 2654 4919 petes,
2692 4868 2854 4923 usque
2884 4853 3109 4909 credant
3140 4857 3194 4909 in
3236 4865 3310 4920 te,
3334 4855 3586 4912 Domine.
3620 4859 3867 4931 Evange-

2270 4940 2399 4995 lium
2427 4943 2722 4997 secundum
2750 4944 3016 4999 Joannem
3048 4961 3168 5017 cap.
3200 4962 3311 5003 xiv.
3339 4949 3483 5003 Dixit
3508 4950 3669 5007 Jesns
3696 4952 3869 5009 disci-

2269 5032 2413 5101 pulis
2460 5036 2595 5102 suis,
2628 5034 2738 5089 Nisi
2778 5051 3006 5105 granum
3048 5037 3305 5095 frumenti
3337 5040 3544 5097 cadens
3593 5042 3645 5098 in
3688 5052 3865 5115 terra,

2268 5141 2428 5195 usque
2454 5124 2613 5181 Pater
2644 5142 2801 5183 meus
2826 5130 2916 5197 qui
2949 5130 3002 5185 in
3032 5131 3188 5186 cmlis
3213 5142 3317 5188 est.

2343 5216 2625 5273 Dominica
2666 5234 2705 5275 ιι
2750 5232 2872 5289 post
2897 5221 3330 5293 Theophauiam.
3364 5224 3552 5281 Lectio
3596 5225 3867 5297 Epistula:

2263 5308 2410 5366 beati
2438 5310 2584 5366 Pauli
2609 5315 2840 5383 apostoli
2870 5315 2937 5370 ad
2966 5317 3263 5375 Romanos.
3299 5319 3539 5387 Fratres,
3590 5320 3868 5381 habentes

2264 5401 2590 5461 donationes
2620 5406 2915 5462 secundum
2949 5411 3199 5479 gratiam,
3226 5429 3385 5483 usque
3410 5412 3713 5472 humilibus
3733 5433 3868 5474 con-

2260 5495 2581 5550 sentientes.
2660 5495 3007 5569 Evangelium
3057 5503 3359 5559 secundum
3405 5503 3673 5563 Joannem
3732 5522 3859 5581 cap.

2260 5599 2412 5649 xvm,
2442 5586 2651 5658 Nuptia:
2681 5587 2839 5645 facite
2864 5600 3022 5660 sunt,
3076 5609 3239 5663 usque
3266 5595 3625 5654 crediderunt
3651 5599 3704 5655 in
3731 5615 3860 5657 eum

2257 5675 2512 5748 discipuli
2544 5682 2683 5750 ejus.

2327 5785 2361 5825 x
2406 5768 2515 5826 kal.
2543 5772 2845 5834 Februarii.
2891 5778 2945 5835 in
2988 5778 3153 5837 natali
3195 5793 3509 5841 sanctorum
3568 5784 3852 5859 Maeharii,
