4050 6198
211 294 311 353 493

1542 290 1747 350 LIBER
1795 290 2090 351 COMITIS.

3392 290 3499 349 l9!

212 408 608 468 Emerentiani.
662 408 852 466 Lectio
899 408 1020 466 libri
1054 407 1368 481 Sapientiae.
1403 408 1535 465 Cum
1566 410 1641 465 sis
1672 426 1799 480 ergo
1826 413 1880 473 Α
1976 426 2028 464 ιν
2056 424 2225 463 nonas
2249 408 2551 466 Februar-ii.
2602 408 2659 466 In
2690 409 3074 482 purificatione
3113 410 3285 468 beata:
3314 408 3498 465 Maria:

206 502 405 572 justus,
470 504 694 559 Domine
728 545 741 567 ,
805 520 963 573 usque
1010 518 1293 573 speremus
1346 503 1798 559 misericordiam.

212 595 561 666 Evangelium
611 595 909 651 secundum
958 594 1158 650 Lucam
1190 612 1309 666 cap.
1368 611 1531 664 CLVI,
1565 593 1805 651 Elevatis

211 688 378 744 oculis
408 688 567 745 Jesus
596 690 647 744 in
680 688 977 760 discipulos
997 704 1149 758 suos,
1198 705 1355 761 usque
1385 704 1600 745 merces
1625 698 1803 745 vestra

210 782 377 836 multa
418 796 501 836 est
535 782 586 836 in
610 780 773 836 caelo.

280 891 332 930 ix
364 874 471 930 kal.
504 875 808 931 Februarii.
843 875 899 932 In
934 876 1099 932 natali
1132 875 1308 934 sancti
1335 874 1590 948 Projecti.
1616 875 1804 933 Lectio

211 967 334 1023 libri
363 967 676 1039 Sapientiae.
714 969 942 1026 Domine
967 970 1109 1025 Deus
1140 981 1350 1036 noster,
1401 972 1585 1025 suavis
1630 979 1687 1026 et
1714 986 1802 1027 ve-

209 1078 298 1118 rus
322 1078 405 1130 es,
439 1080 597 1134 usque
626 1064 778 1120 radix
829 1074 913 1120 est
961 1066 1408 1121 immortalitatis.
1446 1062 1799 1136 Evangelium

208 1155 508 1211 secundum
559 1156 758 1212 Lucam
788 1172 908 1225 cap.
945 1174 1093 1224 LXIV,
1151 1158 1295 1212 Dixit
1322 1159 1482 1213 Jesus
1514 1158 1800 1227 discipulis

207 1248 339 1307 suis.
372 1248 560 1304 Omnis
585 1249 675 1320 qui
704 1251 850 1304 venit
875 1248 941 1303 ad
974 1265 1083 1312 me,
1115 1266 1277 1320 usque
1317 1264 1480 1319 supra
1514 1259 1688 1318 petra.

278 1358 372 1396 vni
395 1340 503 1396 kal.
537 1341 839 1396 Februarii.
873 1342 1058 1397 Lectio
1088 1341 1209 1397 libri
1257 1341 1554 1398 GBIlBs’BOS.
1588 1344 1644 1399 lu
1683 1342 1801 1400 die-

207 1430 307 1487 bus
341 1434 444 1487 illis
471 1433 604 1488 dixit
628 1433 886 1488 Dominus
911 1433 976 1488 ad
1009 1433 1144 1501 Noe,
1186 1445 1239 1490 et
1266 1434 1332 1489 ad
1352 1434 1490 1491 ﬁlios
1515 1437 1652 1505 ejus,
1686 1436 1798 1491 lloc

208 1526 421 1594 signum
446 1523 669 1581 fwderis
696 1526 838 1595 quod
869 1524 939 1579 d0
967 1527 1108 1581 inter
1145 1542 1231 1582 me
1258 1539 1311 1581 et
1339 1541 1455 1593 vos,
1486 1545 1647 1598 usque
1677 1529 1799 1583 uni-

208 1630 377 1671 vers-.e
398 1618 578 1673 carnis
616 1633 737 1688 qua:
765 1634 925 1684 super
960 1628 1182 1673 terram.
1220 1620 1567 1690 Evangeliuin
1602 1636 1799 1676 secun-

207 1707 331 1760 dum
357 1706 591 1763 Marcum
612 1722 729 1778 cap.
764 1724 804 1775 l,
829 1710 1095 1779 Egressus
1117 1709 1274 1765 Jesus
1294 1712 1442 1766 venit
1472 1712 1526 1767 in
1566 1714 1793 1783 patriam

204 1816 381 1865 suam,
414 1818 577 1871 usque
604 1802 870 1869 impositis
904 1804 1157 1857 inanibus
1190 1805 1402 1858 curavit
1430 1822 1578 1859 eum.

276 1908 351 1946 vn
382 1891 493 1947 kal.
531 1892 834 1949 Februarii.
868 1891 1058 1949 Lectio
1088 1894 1206 1949 libri
1239 1894 1535 1951 Geneseos.
1590 1896 1645 1951 ιη
1679 1896 1799 1955 die-

203 1984 307 2040 bus
341 1987 453 2041 illis
482 1995 597 2041 erat
624 1997 767 2041 terra
792 1986 923 2042 labii
963 1988 1142 2050 unius.
1174 2002 1221 2045 et
1250 2006 1560 2045 sermonum
1585 2007 1802 2048 eorum-

200 2075 353 2142 dem,
372 2092 536 2145 usque
558 2091 721 2147 super
750 2076 939 2132 faciem
956 2089 1270 2135 cunctarum
1290 2081 1592 2153 regionum.
1620 2082 1802 2140 Evan-

199 2169 403 2238 gelium
432 2170 733 2224 secundum
770 2171 970 2226 Lucam
1003 2187 1123 2237 cap.
1160 2189 1308 2239 χχιιι,
1364 2174 1615 2247 Surgens
1644 2175 1803 2233 Jesus

201 2263 273 2316 de
331 2277 633 2333 synagoga,
695 2279 857 2334 usque
888 2275 1103 2331 oportet
1152 2281 1237 2320 me
1284 2269 1665 2339 evangelizare
1714 2284 1803 2325 re—

198 2367 368 2423 gnum
392 2353 513 2408 Dei.

278 2462 329 2499 vt
356 2445 461 2501 li‘ll.
491 2447 791 2502 Februarii.
825 2446 879 2503 lu
914 2451 1080 2503 natali
1113 2461 1316 2506 sancta:
1343 2452 1527 2524 Agnes
1556 2454 1623 2511 de
1656 2456 1800 2510 nati-

203 2541 394 2597 vitate.
444 2537 629 2595 Lectio
669 2541 787 2594 libri
818 2541 1120 2597 Geneseos.
1173 2540 1230 2597 lu
1280 2543 1473 2599 diebus
1523 2545 1629 2600 illis
1676 2548 1801 2601 tulit

202 2629 391 2685 Tliare
417 2631 694 2687 Abraham
720 2631 889 2687 lilium
921 2648 1102 2701 suum,
1147 2652 1309 2708 usque
1338 2636 1408 2692 ab
1439 2638 1655 2695 oriente
1678 2640 1797 2698 l‘lai.

206 2723 568 2794 Evangelium
622 2725 919 2780 secundum
979 2726 1218 2783 Marcum
1266 2744 1386 2799 cap.
1448 2744 1576 2797 xxi,
1630 2732 1805 2786 Intro-

202 2818 310 2873 ivit
364 2818 526 2875 Jesus
555 2820 607 2873 in
640 2835 941 2892 synagoga,
990 2838 1147 2894 usque
1187 2823 1438 2878 restituta
1471 2834 1555 2880 est
1612 2841 1804 2881 manus

199 2907 373 2965 illius.

278 3004 445 3062 vita].
482 3006 786 3063 Februarii.
820 3007 1006 3064 Lectio
1050 3009 1175 3065 libri
1211 3009 1527 3079 Sapientiae.
1585 3012 1803 3069 Justitia

204 3114 477 3173 perpetua
509 3114 609 3166 est,
645 3122 804 3175 usque
827 3108 1011 3160 calore
1038 3107 1185 3161 illius
1217 3117 1527 3177 aggravata.
1558 3107 1803 3178 Evange-

1910 501 2158 572 virginis.
2210 500 2397 559 Lectio
2445 503 2569 558 libri
2629 502 2946 576 Sapientiae.
2996 504 3054 560 In
3110 506 3358 560 omnibus
3412 518 3501 558 re-

1906 592 2089 664 quiem
2116 596 2364 664 qua‘sivi,
2392 613 2550 668 usque
2575 595 2727 653 dedit
2748 600 3075 654 suavitatem
3099 598 3303 654 odoris.
3330 599 3505 653 Evan-

1905 685 2106 756 gelium
2156 688 2455 743 secundum
2489 688 2686 746 Lucam
2726 705 2847 761 cap.
2882 707 2966 757 ιιι,
3015 690 3237 760 Accepit
3275 690 3497 746 Simeon

1905 775 2089 833 Jesum
2122 778 2175 833 in
2213 778 2371 833 ulnas
2413 795 2562 847 suas,
2597 798 2757 852 usque
2785 782 2963 853 gratia
2993 780 3088 837 Dei
3121 789 3239 836 erat
3284 782 3336 836 in
3385 780 3498 835 illo.

1910 868 2041 925 Item
2070 870 2215 927 aliud
2245 871 2604 946 Evangelium
2633 874 2934 931 secundum
2964 875 3187 944 Lucam,
3213 873 3503 944 Postquam

1905 958 2024 1019 dies
2053 965 2391 1036 purgationis
2422 966 2564 1037 ejus,
2616 984 2777 1038 usque
2806 966 3041 1041 gloriam
3088 967 3262 1039 plebis
3295 975 3399 1023 tua:
3429 965 3508 1021 ls-

1906 1055 2043 1113 rael.

1974 1164 2031 1203 111
2060 1164 2189 1203 non.
2217 1149 2523 1205 Februarii.
2579 1151 2767 1208 Lectio
2792 1153 2916 1210 libri
2949 1154 3252 1211 Geneseos.
3296 1153 3354 1209 In
3383 1152 3501 1209 die-

1904 1240 2007 1297 bus
2038 1241 2148 1297 illis
2179 1242 2584 1299 Melchisedech
2618 1262 2714 1301 rex
2742 1245 2929 1303 Salem
2961 1252 3204 1304 occurrit
3255 1246 3495 1303 Abraha-

1903 1350 1992 1390 mo
2022 1350 2049 1389 a
2082 1335 2231 1391 ctede
2262 1352 2451 1408 regum
2481 1340 2807 1405 revertenti,
2841 1355 3035 1412 panem
3069 1341 3379 1413 proferens,
3413 1357 3508 1413 pa-

1904 1444 2025 1483 nem
2056 1437 2112 1483 et
2137 1428 2345 1496 vinum,
2372 1448 2533 1502 usque
2556 1441 2867 1503 reputatum
2893 1444 2976 1490 est
3010 1435 3089 1489 illi
3116 1434 3182 1490 ad
3212 1435 3499 1504 iusdtiam.

1903 1516 2256 1591 Evatigeliutn
2312 1522 2611 1577 secundum
2682 1523 2923 1579 Marcum
2979 1539 3100 1590 cap.
3150 1540 3232 1579 xu
3269 1566 3283 1588 ,
3350 1525 3498 1577 Dixit

1902 1609 2059 1666 .lcsus
2101 1612 2385 1683 discipulis
2432 1614 2544 1669 suis
2602 1626 2661 1672 et
2711 1615 2885 1671 turbis
2920 1660 2934 1683 ,
2990 1633 3155 1687 usque
3201 1615 3506 1673 disserebat

1905 1719 2112 1760 omnia.

1834 1794 1877 1860 Β
1979 1794 2159 1852 Pridie
2208 1811 2338 1851 non.
2385 1796 2691 1855 Februarii.
2734 1799 2925 1856 Lectio
2951 1800 3074 1855 libri
3102 1799 3404 1860 cheseos.
3438 1801 3496 1857 ln

1907 1884 2100 1941 diebus
2128 1887 2256 1951 illis,
2294 1898 2578 1959 postquam
2626 1892 2918 1963 nonaginta
2950 1907 3217 1948 annorum
3242 1910 3363 1949 esse
3390 1909 3503 1951 cte-

1910 1986 2063 2049 perat
2086 1978 2383 2047 Abraham,
2416 1998 2575 2054 usque
2593 1984 2799 2053 pariter
2821 1985 3128 2040 circumcisi
3156 1995 3301 2041 sunt.
3330 1987 3507 2041 Evan-

1907 2072 2109 2142 gelium
2161 2075 2459 2130 secundum
2528 2074 2729 2131 Lucam
2787 2090 2908 2146 cap.
2960 2092 3210 2143 Lxxvnt,
3280 2078 3504 2134 Dicebat

1910 2163 2073 2221 Jesus
2102 2166 2415 2236 parabolam
2447 2166 2769 2237 intendens,
2801 2186 2961 2240 usque
2993 2184 3191 2241 panem
3242 2171 3295 2226 in
3335 2187 3508 2242 rcgno

1914 2259 2027 2314 Dei.

1980 2351 2119 2408 Non.
2156 2352 2467 2410 Februarii.
2498 2354 2555 2409 In
2590 2357 2759 2411 natali
2792 2366 2997 2414 sancta:
3042 2360 3292 2430 Agathm.
3327 2359 3515 2417 Lectio

1910 2445 2168 2515 Epistoltn
2200 2446 2344 2502 beati
2382 2446 2534 2503 Pauli
2578 2450 2810 2519 apostoli
2860 2451 2925 2505 ad
2981 2450 3317 2508 Corinthios.
3378 2453 3512 2509 Fra-

1910 2548 2040 2607 tres,
2087 2539 2177 2611 qui
2216 2541 2503 2611 gloriatur,
2527 2542 2582 2598 in
2616 2544 2853 2599 Domino
2882 2545 3173 2616 glorietur,
3218 2563 3382 2619 usque
3411 2562 3511 2601 ex-

1909 2631 2099 2689 hibere
2130 2634 2369 2689 Christo.
2429 2634 2794 2704 Evangelium
2847 2639 3144 2694 secundum
3189 2639 3505 2695 Matthmum

1908 2740 2028 2796 cap.
2056 2728 2307 2794 ccnxvnt,
2340 2727 2486 2782 Dixit
2518 2728 2677 2783 Jesus
2706 2729 2990 2799 discipulis
3031 2731 3147 2786 suis
3180 2732 3497 2801 parabolam

1909 2817 2071 2885 hanc,
2104 2821 2280 2875 simile
2301 2830 2384 2875 est
2411 2837 2638 2894 regnum
2659 2823 2924 2879 caelorum
2952 2822 3144 2880 decem
3177 2823 3501 2896 virginibus,

1909 2926 2072 2978 usque
2101 2925 2279 2981 neque
2313 2912 2465 2967 liora.

1981 3003 2265 3061 Dominica
2308 3024 2358 3062 iv
2389 3018 2511 3078 post
2540 3008 2981 3081 Tlieoplianiam.
3026 3009 3216 3067 Lectio
3250 3010 3506 3081 Epistula:

1912 3098 2054 3155 beati
2088 3100 2235 3154 Pauli
2283 3104 2511 3169 apestoli
2544 3102 2609 3158 ad
2642 3103 2943 3158 Romanos.
3002 3103 3247 3171 Fratres,
3306 3107 3506 3159 nemini

192 3196 338 3251 lium
371 3196 674 3253 secundum
725 3198 1038 3254 Matthzeum
1096 3213 1218 3271 cap.
1270 3216 1395 3268 οη,
1433 3202 1581 3255 Dixit
1640 3202 1803 3258 Jesus

1921 3192 2205 3263 quidquam
2238 3191 2506 3258 debeatis,
2530 3212 2691 3266 usque
2717 3196 3003 3266 plenitudo
3051 3211 3182 3266 ergo
3234 3197 3368 3267 legis
3414 3209 3497 3252 est

191 3290 493 3362 discipulis
524 3294 662 3356 suis,
695 3292 887 3349 Simile
916 3302 999 3349 est
1028 3310 1254 3365 regnum
1285 3297 1549 3352 caalorum
1581 3297 1802 3355 thesau-

187 3400 263 3441 ro
308 3386 643 3441 abscondito
667 3387 719 3440 in
747 3402 901 3453 agro,
935 3405 1099 3459 usque
1118 3404 1256 3444 nova
1280 3402 1333 3446 et
1362 3401 1566 3447 vetera.

280 3476 567 3531 Dominica
604 3492 659 3533 ιιι
686 3487 806 3548 post
831 3476 1267 3550 Theophaniam.
1326 3483 1514 3540 Lectio
1544 3484 1806 3554 Epistolas

186 3568 354 3625 beati
383 3568 530 3623 Pauli
557 3571 789 3636 apostoli
813 3571 878 3626 ad
907 3570 1201 3629 Romanos.
1230 3573 1469 3645 Fratres,
1497 3578 1662 3633 nolite
1685 3595 1807 3636 esse

193 3663 534 3733 prudentes,
568 3681 734 3734 usque
765 3665 918 3721 vince
945 3666 996 3721 iti
1030 3666 1176 3723 bono
1196 3670 1418 3725 malum.
1452 3672 1804 3744 Evangelium

190 3757 511 3811 secundum
557 3756 866 3812 Mattbaeum
903 3774 1021 3827 cap.
1058 3776 1184 3816 inn
1210 3804 1223 3827 ,
1255 3762 1393 3817 Cum
1436 3765 1809 3821 descendisset

191 3849 368 3903 Jesus
395 3848 463 3903 de
490 3861 702 3916 mente,
728 3866 884 3920 usque
905 3862 1123 3908 sanatus
1158 3863 1239 3909 est
1275 3872 1409 3923 puer
1439 3858 1490 3911 in
1528 3858 1617 3912 illa
1647 3858 1803 3915 hOra.

281 3956 334 3995 tv
367 3939 477 3994 ktl.
514 3940 811 3997 Februarii.
858 3944 1042 3999 Lectio
1091 3945 1213 3999 libri
1244 3946 1545 4004 Genescos.
1594 3949 1651 4004 111
1690 3951 1807 4006 die-

189 4032 315 4088 bus
355 4032 464 4086 illis
492 4033 775 4089 descendit
807 4034 1080 4089 Abraham
1106 4036 1160 4091 in
1194 4036 1512 4111 Egyptum,
1538 4057 1700 4112 usque
1718 4058 1807 4098 ac-

188 4129 336 4196 cipe
368 4142 510 4189 eam,
561 4139 615 4184 et
665 4128 822 4183 vade.
853 4129 1230 4201 {Evangelium
1281 4132 1577 4187 secundum
1612 4133 1809 4191 Lucam

184 4232 333 4288 cap.
372 4234 541 4273 χχχιιι
560 4260 573 4285 ,
598 4218 733 4275 Cum
763 4220 1084 4277 essetiesus
1110 4222 1162 4276 in
1190 4222 1431 4290 civitate,
1464 4240 1622 4294 usque
1642 4228 1709 4281 ab
1733 4227 1814 4281 iti-

186 4312 571 4366 ﬁrmitatibus
596 4314 729 4369 suis.

280 4422 344 4461 ιιι
378 4406 488 4461 kal.
520 4406 829 4463 Februarii.
888 4408 1072 4465 Lectio
1104 4410 1225 4465 libri
1255 4412 1553 4468 Geueseos.
1590 4411 1648 4468 ln
1693 4414 1811 4470 die-

190 4501 319 4555 bus
350 4499 459 4553 illis
491 4501 738 4555 ascendit
789 4502 1061 4556 Abraham
1116 4503 1185 4557 de
1234 4503 1493 4575 Egypto,
1530 4522 1688 4575 usque
1718 4523 1811 4563 ve-

193 4593 499 4648 nientibus
531 4593 596 4647 ad
627 4594 817 4664 Segor.
850 4594 1202 4664 Evangelium
1248 4572 1546 4652 secundum
1574 4572 1810 4655 Marcum
1845 4572 1892 4635 θ

190 4703 337 4757 cap.
374 4702 563 4750 χχχιι,
593 4687 767 4757 Cmpit
794 4686 949 4743 Jesus
976 4689 1173 4745 docere
1202 4689 1268 4744 ad
1301 4707 1471 4759 mare,
1530 4710 1691 4767 usque
1721 4696 1811 4768 qui

199 4780 389 4835 habet
414 4795 579 4835 aures
608 4782 863 4836 audiendi
890 4780 1093 4835 audiat.

282 4872 477 4928 Pridie
519 4873 629 4928 kal.
666 4874 973 4930 Februarii.
1014 4875 1203 4932 Lectio
1251 4877 1374 4933 libri
1426 4879 1726 4936 Geneseos.
1757 4881 1813 4937 In

192 4966 413 5022 dic-bus
436 4966 543 5020 illis
575 4967 711 5021 dixit
743 4967 1005 5023 Dominus
1033 4970 1098 5023 ad
1124 4970 1392 5026 Abraham
1420 4983 1701 5043 postquam
1734 4974 1816 5030 di-

190 5062 370 5115 visus
398 5068 504 5123 est,
538 5076 699 5127 usque
726 5059 1017 5115 aediﬁcavit
1066 5062 1137 5117 ibi
1166 5062 1336 5118 altare
1368 5064 1615 5119 Domino.
1643 5066 1820 5121 Evan-

190 5152 423 5221 gelitnn
458 5152 757 5207 secundum
792 5153 1104 5208 Manlianum
1142 5169 1261 5225 cap.
1314 5172 1507 5227 Lxxtv,
1538 5158 1821 5227 Loqucnle

188 5246 356 5301 Jeeu
386 5244 449 5297 ad
496 5245 704 5311 tui-bas,
738 5262 897 5316 usque
924 5247 975 5300 iii
1002 5248 1318 5303 universam
1352 5257 1550 5304 terram
1578 5251 1745 5307 illam.

282 5335 415 5391 Kal.
453 5336 757 5393 Februarii.
786 5339 839 5393 In
874 5340 1040 5394 natali
1066 5350 1274 5396 sancta:
1306 5342 1541 5413 Brigidzn
1572 5346 1819 5414 virginis.

188 5432 415 5490 Lectio
445 5433 571 5489 libri
620 5434 933 5505 Sapientiae.
966 5436 1227 5493 Creatura
1260 5439 1352 5494 tibi
1406 5438 1601 5495 factori
1629 5441 1821 5494 deser-

186 5529 404 5592 viens,
434 5543 599 5598 usque
628 5528 812 5600 Magna
838 5526 981 5584 enim
1023 5543 1149 5585 sunt
1177 5531 1383 5601 judicia
1418 5542 1528 5599 tua,
1576 5533 1825 5599 Domine,

189 5633 257 5679 et
333 5618 726 5676 inenarrabilia
782 5638 943 5694 opera
976 5633 1088 5677 tua.
1146 5624 1494 5696 Evangelium
1527 5626 1827 5681 secundum

193 5720 437 5773 Lucam
465 5732 587 5787 cap.
623 5731 807 5783 Lxxtx,
828 5718 976 5773 Dixit
1001 5720 1161 5775 Jesus
1183 5720 1466 5790 discipulis
1494 5722 1630 5789 suis,
1662 5719 1832 5776 Nemo

197 5810 553 5868 accendens
586 5813 885 5879 lucernam,
919 5829 1079 5883 usque
1116 5811 1394 5870 auferetur
1414 5814 1484 5871 ab
1514 5815 1627 5870 illo.

1908 3284 2149 3341 dilectio.
2206 3285 2568 3361 Evangelium
2617 3288 2917 3344 secundum
2989 3287 3302 3343 Matthteum
3367 3304 3491 3357 cap.

1909 3393 2053 3443 Lux,
2114 3379 2461 3436 Ascendeute
2519 3379 2651 3436 Jesu
2702 3380 2755 3435 in
2808 3380 3058 3436 navicula
3091 3423 3107 3448 ,
3160 3396 3319 3453 usque
3372 3381 3505 3437 obe-

1908 3471 2065 3529 diunt
2096 3473 2171 3529 ei.

1981 3604 2077 3646 vni
2106 3588 2228 3645 idus
2262 3587 2571 3645 Februarii.
2600 3587 2789 3645 Lectio
2815 3586 2937 3645 libri
2966 3585 3267 3647 Gencseos.
3299 3587 3355 3643 In
3387 3587 3503 3646 die-

1909 3681 2011 3738 bus
2044 3683 2152 3736 illis
2197 3682 2446 3752 apparuit
2504 3681 2768 3738 Dominus
2822 3684 3105 3739 Abraham
3157 3683 3210 3739 in
3259 3684 3507 3741 convalle

1904 3776 2171 3841 Mainbre,
2203 3792 2384 3847 usque,
2415 3775 2513 3833 sed
2558 3777 2769 3835 resisti.
2817 3777 3177 3850 Evangelium
3203 3780 3507 3839 secundum

1910 3866 2145 3923 Marcum
2179 3884 2301 3938 cap.
2337 3884 2503 3934 xcvu,
2532 3868 2690 3925 Venit
2720 3871 2884 3926 Jesus
2920 3878 3074 3928 trans
3108 3870 3308 3929 fretum
3347 3873 3398 3928 in
3427 3888 3517 3930 re-

1911 3962 2072 4032 gione
2099 3960 2526 4026 Gerasenorum,
2562 3978 2725 4033 usque
2753 3971 2808 4019 et
2834 3964 3105 4019 misertus
3132 3974 3218 4021 est
3245 3965 3346 4020 tui.

1986 4070 2057 4110 vn
2087 4053 2209 4109 idus
2248 4053 2559 4109 Februarii.
2594 4054 2784 4112 Lectio
2817 4056 2938 4111 libri
2971 4056 3272 4113 Gcneseos.
3309 4056 3365 4111 111
3390 4056 3508 4113 die-

1912 4144 2014 4201 bus
2041 4144 2153 4201 illis
2179 4144 2322 4201 dixit
2370 4144 2636 4202 Dominus
2680 4147 2750 4203 ad
2782 4147 3086 4216 Abraham,
3139 4148 3275 4203 Num
3328 4147 3510 4205 celare

1915 4248 2109 4310 potero
2141 4238 2238 4295 tibi
2270 4254 2390 4310 qua:
2413 4248 2667 4310 gesturus
2695 4253 2840 4309 sum,
2868 4256 3026 4311 usque
3051 4249 3105 4296 et
3127 4239 3223 4295 ille
3248 4252 3506 4295 reversus

1915 4339 2001 4389 est
2029 4334 2083 4389 in
2115 4332 2293 4387 locum
2325 4346 2507 4388 suum.
2566 4331 2928 4403 Evangelium
2962 4330 3257 4387 secundum
3302 4328 3502 4386 Lucam

1915 4441 2037 4498 cap.
2091 4443 2260 4494 uvn,
2307 4426 2531 4483 Factum
2582 4434 2668 4482 est
2720 4425 3013 4496 deinceps,
3078 4423 3189 4478 ibat
3241 4422 3403 4479 Jesus
3456 4422 3511 4478 in

1918 4522 2191 4577 civitatem
2220 4536 2341 4592 qua:
2370 4530 2595 4577 vocatur
2615 4518 2792 4584 Naim,
2824 4533 2985 4587 usque
3010 4515 3222 4584 plebem
3253 4528 3433 4569 suam.

1992 4629 2043 4668 vt
2094 4612 2213 4669 idus
2254 4612 2560 4669 Februarii.
2600 4611 2655 4666 ln
2698 4609 2859 4665 natali
2892 4608 2949 4664 S.
2992 4606 3215 4663 Thomas
3256 4606 3507 4675 apostoli.

1918 4706 2106 4763 Lcc1io
2136 4705 2396 4776 Epistolaa
2420 4706 2558 4760 beati
2580 4703 2730 4758 Pauli
2750 4700 2980 4773 apostoli
3004 4699 3070 4755 ad
3090 4697 3374 4773 Ephesios,
3392 4697 3509 4754 Jam

1918 4815 2027 4861 non
2070 4801 2202 4855 estis
2246 4797 2491 4867 hospites
2539 4805 2593 4851 ct
2640 4793 2897 4858 advenae,
2932 4809 3092 4863 usque
3144 4791 3512 4846 habitaculum

1922 4890 2099 4961 Deijn
2131 4890 2337 4961 Spiritu
2360 4895 2571 4943 sancto.
2630 4885 2984 4955 Evangelium
3013 4882 3315 4940 secundum
3343 4884 3512 4939 Joan-

1922 4998 2044 5039 nem
2075 4997 2193 5051 cap.
2221 4996 2440 5047 CXXXIV,
2479 4977 2593 5034 Hoc
2619 4985 2704 5033 est
2741 4984 3072 5048 praeceptum
3128 4991 3332 5045 meum,
3358 4992 3519 5047 usque

1929 5077 2164 5133 oderunt
2191 5088 2277 5128 me
2301 5071 2495 5143 gratis.

1998 5186 2029 5223 v
2052 5166 2175 5223 idus
2199 5164 2504 5223 Februarii.
2527 5159 2719 5218 Lectio
2749 5158 2875 5216 libri
2900 5158 3201 5216 Geueseos.
3232 5159 3288 5216 111
3321 5158 3520 5216 diebus

1930 5261 2036 5317 illis
2068 5266 2333 5315 venerunt
2355 5255 2463 5310 duo
2495 5254 2672 5327 angeli
2721 5251 3042 5318 Sodomam,
3070 5269 3228 5325 usque
3252 5252 3392 5307 Loth
3441 5252 3525 5307 in-

1922 5365 2149 5427 gressus
2195 5358 2279 5404 est
2324 5347 2516 5418 Segor.
2565 5344 2917 5417 Evangelium
2964 5344 3259 5401 secundum
3319 5343 3519 5398 Lucam

1932 5460 2052 5514 cap.
2086 5457 2276 5508 Lxxrx,
2302 5438 2534 5509 cogebat
2553 5438 2741 5496 Jesum
2770 5437 2992 5510 quidam
3011 5437 3340 5506 Pbarisacus,
3366 5451 3527 5507 usque

1934 5536 2123 5593 dilexit
2147 5533 2400 5589 multum.

2005 5645 2053 5683 tv
2088 5627 2208 5683 idus
2236 5624 2539 5681 Februarii.
2570 5626 2626 5681 In
2650 5622 2814 5681 natali
2837 5622 3151 5680 sanctorum
3172 5620 3368 5691 Zotici,
3393 5620 3530 5678 Erc-

1940 5723 2046 5789 nei,
2100 5718 2354 5783 Jacincd,
2386 5720 2624 5787 Amanti,
2654 5726 2709 5774 et
2737 5716 2967 5775 Seteris.
3024 5716 3211 5773 LCCliO
3252 5715 3375 5771 libri
3426 5714 3527 5770 Sa-

1943 5812 2185 5886 pientize.
2228 5810 2421 5871 Omnis
2461 5821 2713 5872 creatura
2736 5810 2804 5869 ab
2835 5810 2992 5869 initio
3034 5808 3103 5866 ad
3148 5823 3309 5869 suum
3362 5820 3537 5881 genus
