4050 6198
564 208 677 268 495

1578 207 1637 263 S.
1680 205 2061 263 lllERONYMI
2098 200 2384 263 OPERUM
2422 201 2793 262 MANTISSA.

3758 208 3861 270 496

558 328 980 399 reﬁgurabatur,
1012 342 1174 397 usque
1222 324 1485 380 assistens
1531 324 1633 379 eis.
1688 323 2044 395 Evangelium
2078 337 2163 379 se-
2186 323 2240 383 Α
2266 321 2530 392 separatis
2558 321 2701 375 inter
2738 333 2800 375 se
2838 316 3112 390 gregibus.
3150 314 3504 391 Evangelium
3556 322 3857 382 secundum

562 422 807 478 cundum
856 422 1053 477 Lucam
1085 432 1210 487 cap.
1272 432 1385 483 etv,
1440 415 1663 471 Factum
1696 425 1777 470 est
1806 424 1985 470 autem
2031 415 2158 470 dum

570 518 974 585 complerentur
1001 511 1118 566 dies
1174 508 1566 580 assumptionis
1595 508 1724 564 Jesu
1752 551 1766 577 ,
1811 526 1972 580 usque
2014 508 2162 564 abie-

566 620 695 665 runt
718 610 769 664 in
791 607 933 663 aliud
964 604 1279 661 castellum.

637 716 694 753 lll
717 698 837 753 idus
892 696 1196 752 Februarii.
1244 693 1436 752 Lectio
1474 694 1601 751 libri
1630 692 1932 752 Geneseos.
1964 692 2023 750 In
2046 694 2162 751 die-

559 791 665 846 bus
710 790 813 845 illis
862 788 1137 860 profectus
1170 797 1256 845 est
1297 788 1573 844 Abraham
1609 788 1663 843 in
1701 797 1901 843 terram
1933 796 2154 842 austra-

557 881 689 948 lem,
714 884 876 950 usque
912 896 1033 936 cum
1070 880 1181 935 ﬁlio
1213 894 1339 935 meo
1366 879 1535 934 Isaac.
1584 879 1936 950 Evangelium
1964 894 2159 934 secun-

561 973 691 1027 dum
713 972 953 1027 Marcum
978 986 1101 1044 cap.
1129 986 1280 1040 LXIII,
1318 970 1519 1027 Exiens
1540 972 1702 1027 Jesus
1724 972 1790 1027 de
1822 971 1969 1039 navi,
1994 987 2157 1043 usque

556 1066 690 1122 abiit
710 1066 763 1120 in
796 1076 1036 1121 montem
1061 1081 1220 1121 orare
1236 1105 1249 1119 .

627 1158 811 1214 Pridie
860 1157 983 1214 idus
1031 1156 1339 1215 Februarii.
1390 1159 1580 1215 Lectio
1611 1157 1736 1215 libri
1766 1157 2065 1215 Geneseos.
2094 1157 2153 1213 ln

556 1251 749 1311 diebus
772 1251 878 1307 illis
917 1251 1248 1323 deprecatus
1281 1260 1367 1307 est
1400 1252 1551 1307 lsaac
1578 1252 1866 1308 Dominum
1892 1267 1991 1322 pro
2019 1266 2153 1305 uxo-

552 1363 613 1402 re
636 1361 754 1415 sua,
774 1360 936 1416 usque
962 1345 1364 1415 parvipendens
1416 1344 1562 1415 quod
1626 1345 1989 1415 primogenita
2020 1358 2155 1399 ven-

555 1436 806 1494 didisset.
868 1437 1224 1507 Evangelium
1292 1437 1592 1493 secundum
1659 1436 1968 1491 Matthzeum
2028 1452 2151 1507 cap.

554 1547 722 1598 xuii,
758 1529 1000 1601 Vespere
1052 1540 1235 1586 autem
1267 1529 1435 1600 facto,
1497 1548 1655 1602 usque
1698 1532 1936 1602 quinque
1978 1530 2151 1586 millia

553 1626 863 1682 hominum.

2266 412 2468 469 Lucam
2501 427 2623 482 cap.
2657 426 2875 478 cxxxtv,
2922 410 3065 466 Dixit
3086 409 3242 466 Jesus
3272 411 3558 484 discipulis
3582 415 3721 485 suis,
3755 415 3857 473 Lu-

2267 521 2428 561 cerna
2452 504 2701 576 corporis
2731 503 2807 559 tui
2829 512 2912 560 est
2932 503 3121 560 oculus
3154 512 3299 574 tuus,
3323 506 3728 577 usquelucerna
3757 509 3855 565 lul-

2266 599 2415 670 goris
2446 595 2774 653 illuminabit
2806 606 2878 654 te.

2338 692 2619 748 Dominica
2648 692 2703 748 in
2726 691 3166 764 Septuagesima.
3194 689 3384 749 Lectio
3414 692 3675 766 Epistolas.
3714 695 3854 754 beati

2264 784 2414 841 Pauli
2445 785 2677 857 apostoli
2707 784 2774 840 ad
2798 784 3134 843 Corinthios.
3189 784 3433 856 Fratres,
3463 788 3692 844 nescitis
3715 790 3855 861 quod

2263 876 2317 933 hi
2365 878 2456 949 qui
2501 879 2555 933 in
2593 877 2771 934 stadio
2815 887 3061 947 currunt,
3121 895 3284 951 usque
3322 888 3474 951 petra
3521 890 3703 938 autem
3744 893 3857 941 erat

2261 972 2537 1029 Christus.
2566 972 2922 1045 Evangelium
2955 975 3255 1031 secundum
3278 975 3594 1033 Matthmum
3618 993 3743 1050 cap.
3770 995 3850 1051 cc,

2265 1066 2412 1122 Dixit
2438 1067 2595 1123 Jesus
2618 1065 2904 1139 discipulis
2936 1068 3071 1137 suis,
3095 1067 3285 1125 Simile
3314 1076 3401 1125 est
3434 1085 3670 1151 regnum
3690 1073 3854 1129 crcio-

2262 1179 2379 1220 rum
2405 1163 2609 1219 homini
2642 1162 3040 1234 patrifamilias,
3080 1180 3237 1235 usque
3260 1164 3417 1235 pauci
3456 1165 3640 1223 electi.

2336 1275 2366 1314 x
2399 1256 2510 1313 kal.
2562 1257 2759 1313 Martii.
2807 1257 2994 1313 Lectio
3042 1256 3169 1313 libri
3212 1257 3507 1317 Geneseos.
3558 1259 3616 1316 In
3668 1260 3853 1321 diebus

2259 1351 2391 1419 illis,
2422 1351 2637 1423 quando
2659 1352 2837 1422 primo
2863 1360 3110 1425 tempore
3130 1353 3497 1411 ascendebant
3518 1372 3674 1422 oves,
3700 1374 3854 1429 usque

2261 1461 2495 1517 pergens
2530 1446 2595 1501 ad
2625 1444 2778 1502 Isaac
2818 1459 3027 1517 patrem
3069 1462 3230 1503 suum
3286 1448 3339 1504 in
3391 1457 3529 1505 terra
3566 1448 3854 1508 Chanaan.

2260 1540 2619 1613 Evangelitnn
2663 1542 2967 1597 secundum
3001 1542 3201 1599 Lucam
3235 1558 3357 1614 cap.
3399 1560 3577 1611 crux,
3627 1544 3721 1601 Ait
3766 1547 3857 1603 Je-

2257 1649 2318 1690 su
2346 1635 2563 1706 quidam
2594 1635 2663 1691 de
2690 1636 2845 1692 turba
2876 1653 2889 1691 :
2925 1636 3199 1708 Magister,
3232 1637 3318 1693 dic
3348 1637 3498 1694 fratri
3524 1655 3668 1709 meo,
3699 1658 3856 1713 usque

628 1720 909 1776 Dominica
935 1735 966 1774 v
1005 1728 1129 1788 post
1170 1720 1599 1791 Theophaniam.
1649 1718 1839 1776 Lectio
1891 1717 2152 1790 Epistolze
2184 1716 2235 1779 B
2259 1729 2350 1800 qui
2375 1728 2477 1785 sibi
2510 1729 2868 1798 thesaurizat,
2896 1745 3004 1785 non
3036 1741 3120 1786 est
3142 1731 3318 1801 dives,
3346 1732 3399 1788 in
3428 1733 3617 1790 Deum.

551 1814 704 1872 beati
733 1813 887 1870 Pauli
930 1815 1161 1885 apostoli
1218 1816 1286 1869 ad
1318 1814 1861 1871 Thessalonicenses.
1902 1813 2146 1882 Fratres,

554 1908 765 1965 induite
795 1922 893 1963 vos
918 1908 1057 1961 sicut
1088 1907 1182 1961 Dei
1212 1907 1407 1973 electi,
1437 1924 1597 1978 usque
1626 1922 1725 1977 per
1773 1905 1958 1962 Jesum
1987 1903 2150 1961 Chri-

551 2009 695 2057 stum
747 2000 1035 2054 Dominum
1096 2008 1371 2053 nostrum:
1417 1998 1776 2069 Evangelium
1848 1998 2149 2055 secundum

550 2090 862 2147 Matthceum
890 2106 1012 2161 cap.
1047 2106 1131 2158 ev,
1158 2091 1479 2163 Respiciens
1500 2091 1662 2149 Jesus
1690 2090 1850 2158 dixit,
1875 2092 2151 2149 Conﬁteor

551 2184 671 2252 tibi,
707 2184 888 2249 Pater,
917 2183 1148 2239 Domine
1174 2184 1295 2239 creti
1314 2228 1328 2253 ,
1368 2201 1531 2256 usque
1560 2199 1698 2240 onus
1724 2200 1904 2241 meum
1937 2184 2074 2241 leve.

616 2278 745 2333 Idus
768 2276 1284 2333 Februarii.Lectio
1313 2277 1441 2333 libri
1489 2278 1789 2335 Geneseos.
1841 2278 1900 2333 ln
1957 2278 2149 2336 diebus

550 2367 661 2425 illis
703 2380 828 2425 orta
883 2378 1067 2425 autem
1118 2370 1259 2426 fame
1302 2386 1469 2441 super
1512 2380 1739 2440 terram,
1786 2387 1947 2443 usque
1971 2370 2149 2428 donec

546 2477 780 2534 magnus
836 2461 1191 2518 vehementer
1239 2461 1465 2519 effectus
1514 2473 1620 2520 est.
1656 2462 2008 2534 Evangelium
2056 2478 2146 2521 se-

546 2555 786 2612 cundum
831 2552 1151 2610 Mattlueum
1184 2571 1305 2626 cap.
1358 2572 1479 2612 οων
1504 2599 1520 2626 ,
1553 2558 1917 2612 Accesserunt
1960 2556 2028 2611 ad
2056 2555 2149 2613 Je-

544 2663 669 2704 sum
699 2647 767 2702 ab
812 2646 1229 2719 Hierosolymis,
1281 2666 1441 2721 usque
1479 2665 1583 2707 non
1615 2648 1929 2719 coinquinat
1969 2647 2146 2704 homi-

546 2756 698 2797 nem.

616 2834 709 2889 xvi
736 2830 847 2889 kal.
879 2829 1079 2889 Martii.
1106 2832 1166 2887 In
1189 2831 1351 2887 natali
1380 2841 1693 2889 sanctorum
1723 2834 2017 2905 Valentini,
2044 2836 2143 2894 Vi-

545 2928 691 2995 talis,
724 2925 996 2993 Feliculze,
1029 2934 1083 2982 et
1124 2924 1382 2981 Zenonis.
1438 2925 1624 2982 Lectio
1654 2927 1777 2983 libri
1824 2928 2139 3001 Sapientiae.

544 3019 849 3078 Metuentes
874 3018 1184 3085 Dominum,
1222 3019 1488 3075 sustinete
1534 3020 1970 3076 misericordiam
2000 3022 2147 3093 ejus,

543 3131 707 3187 usque
723 3113 803 3170 sic
828 3121 884 3169 et
911 3111 1286 3168 misericordia
1318 3112 1437 3183 ejus
1490 3127 1614 3167 cum
1643 3128 1731 3168 eo.
1784 3114 2142 3187 Evangelium
2175 3105 2223 3171 C

542 3207 842 3265 secundum
871 3205 1075 3262 Lucam
1122 3219 1246 3274 cap.
1280 3219 1427 3272 xcvi,
1461 3204 1688 3260 Dicebat
1717 3204 1879 3261 Jesus
1906 3206 2147 3279 discipu-

541 3300 615 3356 lis
641 3299 778 3366 suis,
807 3297 865 3354 Si
919 3296 1042 3369 quis
1071 3296 1213 3367 tvult
1260 3304 1381 3366 post
1420 3310 1511 3353 me
1562 3295 1770 3366 venire,
1826 3315 1989 3370 usque
2049 3300 2148 3356 do.

544 3409 651 3450 nec
676 3392 859 3449 veniat
890 3405 1120 3461 regnum
1146 3388 1268 3445 Dei.

624 3506 690 3543 xv
719 3486 829 3543 kal.
862 3484 1057 3541 Martii.
1102 3483 1289 3541 Lectio
1319 3484 1441 3541 libri
1489 3485 1790 3543 Geneseos.
1846 3487 1904 3543 In
1956 3489 2147 3549 diebus

548 3582 661 3637 illis
714 3594 970 3651 egressus
996 3577 1166 3633 Jacob
1196 3577 1264 3633 de
1294 3577 1581 3645 Bersabee,
1616 3595 1778 3650 usque
1800 3579 2041 3640 decimas
2068 3584 2149 3639 ol-

548 3673 723 3728 feram
774 3671 896 3726 tibi.
966 3669 1319 3739 Evangelium
1393 3671 1695 3726 secundum
1749 3670 1953 3729 Lucam
2020 3690 2139 3745 cap.

550 3779 779 3832 xxxxm,
831 3761 1055 3817 Factum
1085 3773 1170 3819 est
1206 3764 1261 3818 in
1301 3778 1408 3819 una
1457 3764 1690 3833 dierum,
1737 3782 1895 3837 usque
1937 3778 2141 3840 quanta

549 3858 661 3914 illis
692 3856 853 3914 Jesus
876 3854 1114 3911 iecisset.

621 3966 715 4005 xtv
742 3947 850 4004 kal.
884 3947 1083 4003 Martii.
1111 3946 1302 4003 Natale
1330 3958 1646 4006 sanctorum
1689 3950 1933 4009 Onesimi
1968 3963 2022 4012 ct
2049 3955 2145 4012 lu.

549 4045 711 4102 lianm
738 4044 988 4115 virginis.
1022 4044 1371 4113 l.cctio.libri
1403 4045 1715 4116 Sapientiae.
1751 4047 1880 4103 Filii
1928 4050 2145 4121 sapien-

549 4138 640 4192 tize
680 4134 910 4191 ecclesia
954 4134 1225 4205 justorum
1260 4175 1274 4200 ,
1322 4150 1483 4206 usque
1527 4136 1739 4207 justitia
1786 4138 2147 4197 mdiﬁcabitur

546 4227 666 4285 tibi.
715 4225 1070 4296 Evangelium
1123 4223 1425 4280 secundum
1475 4225 1790 4283 Matthaeum
1848 4244 1969 4301 cap.
2017 4246 2142 4287 exn.

547 4319 703 4377 Dixit
730 4319 889 4376 Jesus
917 4317 1200 4389 discipulis
1227 4319 1341 4374 suis
1380 4321 1695 4390 parabolam
1730 4322 1872 4379 hanc
1906 4336 1921 4378 :
1953 4324 2147 4384 Simile

551 4426 636 4471 est
671 4428 899 4485 regnum
947 4412 1214 4469 caelorum
1270 4412 1527 4470 thesauro
1575 4414 1926 4487 abscondito,
1981 4435 2145 4490 usque

550 4525 691 4566 nova
722 4519 777 4567 Cl.
803 4518 1012 4567 vetera.

623 4618 721 4658 xttt
763 4602 875 4658 kal.
903 4601 1101 4659 Martii.
1124 4601 1178 4658 ln
1200 4604 1369 4659 natali
1394 4605 1569 4661 sancti
1589 4602 1856 4663 Policioni
1880 4610 2144 4683 episcopi.

549 4694 740 4752 Lectio
788 4695 911 4751 libri
966 4694 1264 4752 Geneseos.
1298 4696 1356 4751 In
1386 4695 1581 4753 diebus
1621 4698 1729 4754 illis
1760 4699 2035 4770 profectus
2062 4714 2147 4761 est

548 4787 738 4855 Jacob,
790 4788 943 4844 venit
969 4787 1036 4843 ad
1061 4798 1263 4845 terram
1293 4789 1642 4858 orientalem,
1692 4808 1856 4863 usque
1898 4795 2145 4853 serviens

550 4883 695 4951 apud
748 4897 874 4939 eum
914 4892 1128 4956 septem
1192 4886 1370 4940 annis.
1438 4886 1791 4957 Evangelium
1842 4890 2141 4947 secundum

546 4974 791 5033 Marcum
829 4992 945 5050 eap.
1007 4995 1174 5048 Lxxn,
1224 4980 1465 5051 Surgens
1513 4980 1670 5036 Jesus
1715 4982 1851 5037 abiit
1910 4985 1963 5039 in
2000 4986 2140 5041 lines

547 5069 705 5142 Tyri,
753 5088 913 5142 usque
958 5072 1292 5129 daemonium
1337 5074 1521 5131 exisse
1573 5074 1643 5129 ab
1699 5092 1787 5131 eo.

619 5178 694 5217 λιι
725 5161 835 5218 kal.
864 5161 1061 5220 Martii.
1093 5163 1280 5221 Lectio
1329 5156 1449 5221 libri
1500 5165 1796 5224 Geneseos.
1833 5167 1894 5225 In
1936 5169 2132 5229 diebus

545 5257 654 5315 illis
680 5257 873 5315 videns
897 5258 1165 5315 Dominus
1196 5260 1341 5331 quod
1386 5259 1694 5331 despiceret
1736 5262 1907 5320 Jacob
1958 5264 2136 5337 Liam,

542 5369 704 5423 usque
723 5352 1019 5424 appellavit
1039 5367 1165 5408 eum
1190 5352 1379 5409 Asser.
1422 5354 1779 5427 Evangelium
1835 5359 2135 5417 secundum

539 5441 743 5499 Lucam
773 5458 892 5514 cap.
926 5459 1115 5512 cxvnt,
1152 5444 1453 5502 Exsultavit
1485 5446 1648 5504 Jesus
1673 5449 1728 5505 in
1760 5451 1952 5523 Spiritu
2010 5468 2136 5510 san—

541 5546 653 5603 cto,
681 5553 844 5607 usque
871 5537 1063 5592 audire
1082 5552 1203 5607 quae
1233 5538 1462 5594 audistis
1480 5548 1536 5595 et
1564 5554 1673 5597 non
1712 5543 2026 5602 audierunt.

610 5644 666 5681 xi
695 5627 805 5683 kal.
838 5629 1035 5686 Martii.
1093 5627 1280 5685 Lectio
1329 5630 1453 5688 libri
1494 5632 1796 5693 Geneseos.
1830 5637 1888 5694 ln
1944 5638 2134 5698 diebus

537 5717 647 5776 illis
674 5734 925 5792 egressus
964 5722 1171 5799 Ruben
1201 5731 1445 5797 tempore
1490 5729 1684 5789 messis
1727 5732 1917 5805 tritici,
1973 5751 2135 5809 usque

2326 1837 2379 1876 tx
2410 1819 2520 1877 kal.
2548 1820 2745 1876 Martii.
2789 1820 2980 1877 Lectio
3024 1822 3149 1879 libri
3195 1824 3493 1882 Geneseos.
3550 1825 3611 1882 In
3663 1824 3851 1885 diebus

2253 1913 2396 1982 illis,
2449 1924 2699 1987 tempore
2734 1933 2842 1989 quo
2870 1917 3052 1976 Laban
3085 1919 3224 1975 ierat
3250 1920 3319 1977 ad
3354 1920 3657 1978 tondendas
3688 1938 3850 1991 oves,

2250 2027 2413 2082 usque
2472 2025 2725 2068 reversus
2774 2019 2860 2067 est
2907 2012 2962 2068 in
3018 2012 3196 2069 locum
3254 2028 3436 2069 suum.
3496 2014 3850 2088 Evangeliunt

2251 2102 2553 2159 secundum
2575 2102 2777 2159 Lucam
2801 2118 2922 2175 cap.
2949 2119 3070 2160 eux
3089 2146 3104 2171 ,
3128 2105 3328 2162 Servus
3355 2106 3446 2179 qui
3477 2110 3736 2179 cognovit
3762 2123 3853 2165 vo-

2250 2197 2516 2254 luntatem
2544 2198 2753 2254 domini
2778 2198 2882 2265 sui,
2912 2216 3069 2272 usque
3089 2209 3145 2256 et
3165 2217 3334 2257 nurus
3353 2202 3406 2257 in
3435 2218 3655 2259 socrum
3676 2219 3849 2264 suam.

2324 2308 2417 2348 vnr
2467 2290 2579 2347 kal.
2612 2293 2810 2351 Martii.
2845 2293 2903 2349 In
2933 2293 3193 2350 cathedra
3224 2295 3400 2352 sancti
3442 2295 3614 2353 Petri.
3659 2298 3848 2355 Lectio

2252 2384 2375 2444 libri
2408 2385 2723 2457 Sapientize.
2755 2385 2880 2455 Fili,
2910 2388 2963 2443 in
2996 2388 3421 2446 mansuetudine
3447 2390 3648 2461 perﬁce
3686 2407 3851 2462 opera

2254 2486 2347 2535 tua
2376 2522 2390 2548 ,
2443 2496 2604 2547 usque
2657 2479 2914 2537 exaudiet
2960 2490 3139 2537 autem
3184 2497 3309 2538 eum
3356 2485 3450 2554 qui
3492 2483 3619 2540 fecit
3666 2484 3847 2540 illum.

2252 2572 2610 2645 Evangelium
2649 2574 2952 2631 secundum
2992 2574 3196 2632 Lucam
3229 2591 3351 2647 cap.
3376 2592 3558 2634 cum
3580 2619 3596 2646 ,
3624 2577 3854 2635 Dicebat

2252 2665 2411 2723 Jesus
2445 2709 2461 2734 ,
2514 2664 2615 2722 Cui
2662 2676 2746 2724 est
2790 2667 2973 2725 simile
3012 2683 3241 2739 regnum
3266 2668 3407 2741 Dei,
3457 2686 3619 2743 usque
3650 2671 3852 2728 stridor

2252 2757 2519 2815 dentium.
2683 2822 2689 2839 Ν

2323 2867 2400 2908 vn
2450 2850 2560 2908 kal.
2594 2850 2795 2907 Martii.
2828 2850 3015 2910 Lectio
3056 2853 3183 2910 libri
3223 2854 3520 2913 Geneseos.
3552 2855 3611 2913 In
3658 2855 3853 2915 diebus

2252 2944 2358 3000 illis
2390 2943 2522 2999 abiit
2564 2942 2733 3001 Jacob
2770 2944 2964 3001 itinere
2994 2961 3104 3018 quo
3132 2956 3372 3018 cmperat
3397 2989 3414 3015 ,
3455 2964 3616 3019 usque
3651 2958 3853 3019 quanto

2252 3039 2431 3109 magis
2474 3047 2663 3093 contra
2708 3037 2961 3095 homines
2998 3040 3331 3110 praevalebit.
3379 3040 3740 3113 Evangelium
3768 3056 3852 3098 se-

2252 3131 2485 3187 cundum
2511 3132 2709 3188 Lucam
2739 3148 2859 3205 cap.
2897 3149 3099 3200 cnxxn,
3132 3135 3283 3191 Dixit
3310 3135 3469 3193 Jesus
3490 3136 3685 3204 turbis,
3717 3136 3850 3193 Cum

2252 3223 2499 3279 videritis
2527 3224 2803 3282 Abraham
2823 3272 2838 3297 ,
2888 3242 3049 3299 usque
3076 3243 3184 3284 non
3210 3229 3353 3301 capit
3380 3230 3643 3303 propheta
3675 3232 3851 3303 perire

2251 3327 2405 3375 extra
2435 3317 2795 3375 Hierusalem.

2322 3426 2377 3465 vt
2433 3409 2540 3466 kal.
2589 3409 2789 3468 Martii.
2829 3410 3020 3469 Lectio
3047 3413 3173 3470 libri
3211 3412 3510 3473 Geneseos.
3556 3415 3613 3472 In
3656 3415 3849 3473 diebus

2255 3501 2361 3558 illis
2404 3503 2760 3575 interrogavit
2788 3506 2956 3562 Jacob
2980 3508 3231 3579 angelum
3256 3509 3349 3582 qui
3377 3508 3682 3567 luctabatur
3726 3527 3848 3569 cum

2253 3610 2320 3651 eo
2350 3637 2366 3665 ,
2416 3612 2579 3667 usque
2625 3596 2763 3653 urbe
2803 3596 3134 3656 Sicimorum
3180 3617 3302 3672 quae
3342 3610 3427 3659 est
3452 3602 3504 3658 in
3533 3611 3676 3659 terra
3707 3604 3851 3660 Cha-

2252 3704 2413 3744 naan.
2444 3687 2794 3762 Evangelium
2823 3692 3123 3750 secundum
3162 3694 3362 3751 Lucam
3388 3711 3507 3767 cap.
3543 3712 3690 3752 Lxxx
3709 3738 3724 3762 ,
3751 3696 3849 3753 Di-

2251 3781 2408 3837 cebat
2440 3781 2599 3839 Jesus
2626 3784 2672 3839 ei
2704 3784 2794 3856 qui
2824 3800 2884 3842 se
2913 3785 3249 3857 invitaverat
3273 3833 3289 3861 ,
3340 3806 3497 3862 usque
3534 3788 3727 3847 beatus
3756 3792 3849 3862 qui

2251 3873 2548 3931 manducat
2570 3891 2762 3946 panem
2791 3878 2844 3933 in
2882 3894 3049 3950 regno
3078 3878 3198 3937 Dei.

2323 3983 2357 4022 v
2404 3965 2514 4022 kal.
2568 3967 2768 4025 Martii.
2812 3968 3002 4027 Lectio
3046 3972 3170 4028 libri
3212 3972 3507 4033 Geneseos.
3550 3975 3609 4031 In
3656 3974 3849 4034 diebus

2252 4058 2361 4115 illis
2393 4069 2675 4132 postquam
2721 4078 3004 4134 regressus
3052 4076 3133 4122 est
3157 4067 3325 4127 Jacob
3360 4070 3427 4125 de
3457 4070 3842 4143 Mesopotamia

2251 4148 2424 4223 Syria:
2457 4194 2473 4221 ,
2528 4170 2688 4224 usque
2737 4157 2997 4228 numquid
3050 4169 3111 4215 ut
3160 4171 3342 4217 scorto
3397 4162 3546 4219 abuti
3603 4164 3846 4223 debuere

2252 4256 2443 4301 sorore
2488 4256 2693 4302 nostra.
2729 4247 3082 4320 Evangelium
3121 4253 3420 4310 secundum
3471 4254 3672 4313 Lucam
3720 4272 3843 4328 cap.

2252 4350 2413 4405 cxcn,
2446 4336 2757 4395 Audiebant
2785 4343 2967 4397 omnia
2997 4342 3115 4399 lucc
3143 4346 3395 4417 pharisaai
3425 4365 3546 4420 qua:
3578 4350 3738 4406 Jesus
3766 4351 3850 4407 lo-

2252 4432 2555 4502 quebatur,
2605 4450 2766 4506 usque
2796 4436 2886 4507 qui
2923 4436 3202 4495 dimissam
3249 4457 3281 4496 a
3318 4442 3436 4499 viro
3479 4441 3666 4512 ducit,
3706 4459 3847 4503 mm-

2173 4513 2229 4575 D
2253 4522 2468 4582 citatur.

2323 4635 2375 4675 tv
2426 4617 2536 4676 kal.
2580 4620 2776 4679 Martii.
2826 4622 3015 4682 Lectio
3056 4625 3179 4684 libri
3214 4627 3603 4686 Geneseos.]n
3652 4629 3845 4689 diebus

2251 4711 2361 4769 illis
2390 4712 2606 4771 locutus
2632 4725 2718 4773 est
2740 4717 3006 4775 Dominus
3035 4719 3103 4775 ad
3133 4718 3303 4777 Jacob
3332 4720 3553 4789 dicens,
3589 4722 3763 4795 Surge
3788 4734 3845 4779 et

2248 4805 2486 4862 ascende
2525 4807 2717 4865 Bethel
2744 4849 2760 4879 ,
2808 4828 2969 4883 usque
3008 4811 3097 4868 hic
3131 4811 3318 4869 titulus
3359 4816 3694 4871 monumenti
3738 4816 3848 4871 Ra-

2248 4896 2395 4965 chel,
2430 4915 2597 4972 usque
2628 4901 2681 4958 in
2706 4913 3029 4974 prmsentem
3063 4904 3231 4962 diem.
3267 4906 3622 4978 Evangelium
3648 4923 3847 4965 secun-

2246 4986 2375 5046 dum
2409 4992 2427 5065 (
2458 4992 2661 5049 Lucam
2692 4993 2712 5066 )
2753 5010 2871 5067 cap.
2901 5012 3073 5053 cxcvn
3104 5040 3118 5064 ,
3163 4998 3307 5055 Dixit
3355 4998 3512 5057 Jesus
3555 5000 3843 5073 discipulis

2246 5084 2379 5152 Suis,
2414 5084 2754 5157 Impossibile
2778 5096 2883 5161 est,
2912 5100 2970 5145 ut
2990 5105 3096 5146 non
3118 5090 3338 5148 veniant
3364 5093 3642 5164 scandala,
3671 5110 3839 5167 usque

2247 5175 2495 5233 obediret
2524 5179 2696 5235 vobis.
2990 5258 2995 5259 γ

2257 5261 2267 5266 “
2321 5283 2377 5324 nt
2415 5267 2525 5325 kal.
2564 5270 2765 5326 Martii.
2812 5258 2996 5329 Lectio
3032 5272 3153 5331 libri
3180 5262 3185 5263 ί
3209 5258 3509 5333 Geneseos.
3553 5277 3611 5334 ln
3648 5262 3847 5341 diebus

2245 5359 2352 5418 illis
2380 5371 2533 5418 erant
2557 5363 2651 5417 ﬁlii
2674 5364 2840 5421 Jacob
2866 5372 2939 5422 xtt'
2967 5412 2982 5437 ,
3017 5385 3177 5440 usque
3211 5371 3550 5441 sepelierunt
3587 5390 3713 5433 eum
3745 5377 3843 5436 Ja-

2244 5456 2350 5510 cob
2396 5453 2495 5510 ﬁlii
2540 5453 2645 5510 sui.
2693 5454 3044 5527 Evangelium
3099 5462 3397 5518 secundum
3460 5465 3667 5524 Lucam
3716 5485 3843 5543 cap.

2243 5563 2350 5604 CCI.
2384 5547 2533 5603 Dixit
2569 5544 2727 5602 Jesus
2753 5549 3033 5621 discipulis
3063 5552 3178 5611 suis
3204 5598 3220 5624 ,
3276 5557 3411 5625 Quis
3461 5572 3708 5620 vestrum
3747 5568 3848 5621 ha-

2242 5640 2379 5696 bens
2408 5654 2629 5697 servum
2658 5650 2904 5699 arentem
2934 5689 2949 5715 ,
2979 5661 3145 5719 usque
3173 5652 3317 5723 quod
3342 5651 3631 5715 debuimus
3657 5656 3850 5719 facere

2240 5733 2486 5795 iecimus.
