4050 6198
216 228 317 290 407

1547 237 1747 295 LIBER
1784 237 2078 301 COMITIS.

3408 260 3517 319 498

287 349 662 450 Dominica
705 349 1073 450 Sexagesima.
1124 353 1313 450 Lectio
1352 354 1614 427 Epistolae
1659 356 1803 413 beati
1830 360 2216 431 AAssumpsit
2260 361 2421 419 Jesus
2466 364 2751 422 duodecim
2798 367 3093 442 discipulos
3120 367 3261 431 ‘suos
3290 417 3303 443 ,
3348 392 3512 450 usque

216 442 364 499 Pauli
396 443 630 512 apostoli
658 443 724 500 ad
762 446 1093 503 Corinthios.
1126 445 1346 504 Fratres
1372 490 1387 517 ,
1425 448 1659 505 libenter
1700 450 1812 505 sut-

217 535 370 591 fertis
400 536 723 608 insipientes
749 579 763 604 ,
810 556 967 607 usque
1008 548 1065 594 ut
1108 539 1376 597 inhabitet
1416 542 1468 596 in
1522 557 1609 598 me
1640 542 1813 599 virtus

216 628 440 685 Christi.
490 630 841 701 Evangelium
877 632 1176 689 secundum
1217 634 1417 691 Lucam
1449 651 1561 707 cap.
1604 652 1768 692 Lxxvt
1794 682 1808 707 ,

215 722 348 779 Cum
376 724 530 782 turba
562 726 793 797 plurima
823 728 1139 784 conveniret
1169 773 1184 798 ,
1230 746 1391 802 us7ue
1412 727 1649 785 fructum
1680 729 1813 786 all‘e-

219 826 302 873 ret
332 817 386 872 in
417 819 697 889 patientia.

282 909 466 967 Pridie
493 910 602 966 kal.
634 912 834 969 Martii.
873 913 1065 969 Lectio
1096 914 1219 970 libri
1248 914 1551 971 Geneseos.
1594 915 1650 971 ln
1696 915 1813 971 die-

212 1008 312 1063 bus
334 1005 440 1061 illis
472 1006 664 1064 ductus
692 1016 782 1063 est
810 1007 1009 1079 Ioseph
1042 1008 1095 1063 in
1124 1008 1361 1081 Egypto
1384 1049 1400 1076 ,
1432 1025 1593 1080 usque
1626 1008 1809 1062 Domi-

209 1117 311 1157 nus
359 1109 477 1157 erat
522 1116 643 1157 cum
690 1102 783 1157 illo
808 1143 822 1170 ,
856 1112 910 1158 et
934 1102 1116 1157 omnia
1147 1117 1315 1172 opera
1356 1102 1474 1170 cjus
1514 1100 1803 1171 dirigebat.

207 1197 563 1267 Evangelium
597 1197 894 1254 secundum
930 1198 1129 1254 Lucam
1173 1212 1296 1268 cap.
1325 1212 1459 1265 ccu,
1496 1197 1800 1266 Interroga-

208 1298 297 1345 tus
323 1293 481 1347 Jesus
507 1307 537 1345 a
567 1290 847 1360 pharisaeis
874 1290 1092 1361 quando
1115 1292 1264 1347 venit
1294 1306 1518 1362 regnum
1549 1290 1640 1346 Dei
1670 1332 1685 1359 ,
1718 1306 1807 1345 us-

205 1397 301 1451 que
332 1382 384 1435 in
416 1381 504 1437 (lie
530 1396 647 1437 sua.

275 1473 401 1529 Kal.
430 1473 627 1530 Martii.
658 1472 843 1531 Lectio
866 1474 993 1530 libri
1021 1475 1320 1532 Geneseos.
1369 1473 1425 1530 In
1469 1474 1660 1531 diebus
1696 1475 1802 1532 illis

203 1566 402 1623 accidit
449 1575 508 1623 ut
556 1580 851 1639 peccarent
903 1569 1013 1624 duo
1057 1569 1336 1637 eunuchi,
1395 1586 1555 1640 usque
1600 1569 1801 1627 oblitus

202 1672 289 1716 est
334 1660 650 1732 interpretis
694 1662 800 1716 sui.
855 1660 1211 1731 Evangelium
1259 1661 1560 1718 secundum
1595 1662 1799 1717 Lucam

1916 453 2064 509 dedit
2094 455 2308 512 laudem
2335 459 2468 514 Deo.

1986 563 2079 602 vm
2125 549 2245 605 idus
2288 551 2489 607 Martii.
2537 554 2722 610 Lectio
2752 556 2872 612 libri
2902 558 3201 616 Geneseos.
3230 561 3289 617 in
3319 562 3511 618 diebus

1916 638 2026 694 illis
2065 641 2332 698 accedens
2368 644 2536 700 Judas
2576 648 2799 716 prepius
2837 650 3176 706 conﬁdenter
3205 654 3269 708 ad
3301 654 3501 725 Josejzh

1916 731 2008 799 ait,
2044 749 2205 801 usque
2232 734 2481 792 festinate
2510 747 2562 792 et
2589 738 2840 795 adducite
2862 756 2989 797 eum
3027 742 3094 797 ad
3126 759 3230 798 me.
3260 746 3508 817 Evange-

1918 823 2051 878 lium
2107 827 2404 883 secundum
2450 830 2715 885 Joannem
2758 846 2879 904 cap.
2914 850 2989 903 ιι,
3021 834 3360 897 Factum,cst
3385 853 3507 894 cum

1916 916 2588 993 descenderentdiscipuli
2618 923 2747 981 Jesn
2784 925 2851 981 ad
2893 942 3078 996 mare,
3118 946 3277 1000 usque
3311 930 3377 985 ad
3410 941 3514 986 ter.

1914 1024 2031 1085 ram
2058 1026 2163 1079 qua
2192 1012 2362 1069 ibant.

1924 1085 2057 1155 "vn
2087 1101 2209 1157 idus
2257 1104 2455 1160 Martii.
2502 1106 2691 1164 Lectio
2734 1108 2856 1164 libri
2890 1109 3194 1167 Geneseos.
3240 1111 3296 1168 lu
3324 1114 3515 1171 diebus

1911 1190 2018 1247 illis
2044 1194 2289 1249 auditum
2312 1206 2395 1251 est
2416 1206 2471 1253 et
2492 1199 2699 1255 celebri
2723 1216 2983 1259 sermone
3005 1206 3284 1276 vulgatum
3310 1208 3363 1263 in
3391 1210 3513 1263 aula

1908 1286 2086 1357 regis,
2120 1297 2390 1345 venerunt
2420 1290 2617 1347 fratres
2655 1293 2880 1365 Joseph,
2914 1314 3076 1367 usque
3104 1298 3309 1371 Joseph
3343 1314 3510 1372 ponet

1910 1394 2105 1435 manus
2146 1396 2273 1437 suas
2300 1397 2466 1454 super
2497 1386 2686 1441 oculos
2720 1394 2865 1442 tuos.
2910 1388 3269 1461 Evangelium
3309 1410 3510 1449 secun-

1909 1470 2036 1526 dum
2067 1473 2304 1529 Marcum
2344 1491 2464 1547 cap.
2499 1493 2637 1545 cxx,
2672 1478 2805 1535 Cum
2840 1479 3102 1537 intrasset
3130 1482 3289 1539 Jesus
3320 1486 3513 1541 ΙΙὶειηα

1907 1563 2173 1635 solytnam
2226 1567 2280 1621 in
2328 1570 2627 1639 templum,
2676 1588 2838 1643 usque
2876 1573 3259 1647 quodcumque
3312 1577 3513 1633 dixerit

1909 1656 2030 1721 ﬁat,
2063 1657 2155 1713 fiet
2180 1658 2249 1713 ci.

200 1768 323 1825 cap.
367 1769 528 1810 ccvm
552 1795 566 1820 ,
620 1754 769 1809 Dixit
804 1753 964 1810 Jesus
1008 1755 1289 1824 discipulis
1319 1756 1466 1821 suis,
1507 1754 1660 1810 Sicut
1688 1754 1797 1811 fac-
1829 1754 1875 1815 Β
1974 1748 2142 1804 Fama
2165 1750 2437 1822 tv.Capite
2455 1756 2667 1828 jejunii.
2692 1757 2771 1809 Ad
2788 1758 3509 1817 sanctamSavinam.Lcclio

199 1854 317 1902 tum
349 1856 435 1903 est
464 1847 518 1902 in
542 1845 737 1903 diebus
764 1844 898 1914 Noe,
928 1864 1087 1918 usque
1116 1861 1387 1901 memores
1414 1854 1586 1902 estote
1619 1846 1803 1901 uxoris

194 1940 372 1997 Loth.

270 2049 327 2088 vt
371 2046 502 2087 non.
538 2031 737 2088 Martii.
778 2030 963 2087 Lectio
1004 2031 1123 2087 libri
1165 2031 1465 2089 Geneseos.
1516 2032 1571 2087 ln
1613 2030 1805 2088 diebus

150 2168 153 2169 ν
198 2127 315 2183 illis
352 2125 489 2180 dixit
517 2125 732 2181 Pharao
758 2126 1030 2181 somnium
1051 2168 1065 2191 ,
1096 2143 1254 2195 usque
1280 2126 1565 2181 consilium
1604 2125 1806 2196 placuit

197 2219 476 2275 Pharaoni
504 2226 560 2274 et
589 2219 805 2275 cunctis
838 2220 1105 2275 ministris
1146 2220 1286 2289 ejus.
1331 2218 1683 2290 Evangelium
1717 2234 1804 2274 se-

194 2313 439 2371 cundum
487 2313 688 2368 Lucam
742 2327 863 2385 cap.
902 2328 1083 2381 ccxtt,
1132 2312 1276 2367 Dixit
1320 2311 1478 2368 Jesus
1522 2312 1805 2383 discipulis

194 2407 315 2463 suis
340 2448 358 2476 ,
410 2405 541 2461 Dico
580 2404 735 2461 vobis
784 2406 836 2459 in
890 2404 981 2459 illa
1027 2414 1187 2461 nocte
1226 2412 1390 2461 erunt
1433 2404 1542 2461 duo
1574 2403 1629 2460 in
1662 2404 1804 2461 lecto

195 2516 347 2566 uno,
379 2515 540 2569 usque
569 2497 807 2553 inveniet
838 2498 1000 2553 fidem
1031 2497 1083 2551 in
1117 2504 1285 2553 terra.

234 2662 239 2663 ί
269 2611 303 2649 v
328 2593 350 2666 (
376 2609 505 2649 non.
532 2591 553 2662 )
577 2590 779 2647 Martii.
816 2590 1005 2647 Lectio
1034 2590 1156 2646 libri
1184 2590 1482 2646 Geneseos.
1517 2589 1574 2644 ln
1605 2588 1801 2645 diebus

193 2685 314 2742 illis
342 2685 478 2741 dixit
513 2683 725 2740 Pharao
765 2682 833 2738 ad
867 2681 1068 2753 Joseplt
1090 2722 1107 2748 ,
1159 2698 1320 2752 usque
1351 2682 1555 2735 malum
1600 2681 1799 2750 impia:

194 2788 656 2851 temperaremus.
705 2776 1058 2848 Evangelium
1095 2774 1393 2830 secundum
1432 2773 1634 2829 Lucam
1673 2789 1795 2843 cap.

192 2890 374 2941 ccut,
408 2873 560 2929 Dixit
592 2872 752 2929 Jesus
778 2870 1055 2939 discipulis
1087 2868 1232 2936 suis,
1256 2867 1390 2924 Cum
1421 2868 1663 2923 videritis
1691 2868 1799 2922 cir-

187 2968 447 3024 cumdari
496 2968 565 3023 ab
607 2966 853 3023 exercitu
884 2964 1228 3020 Hierusalem
1258 3005 1273 3031 ,
1316 2979 1478 3035 usque
1500 2962 1674 3019 donec
1698 2962 1799 3017 im-

185 3060 451 3133 pleantur
477 3068 722 3128 tempora
751 3056 1053 3112 nationum.

1908 1828 2064 1899 ioltel
2097 1846 2397 1915 prephctac.
2425 1849 2551 1903 llaec
2579 1850 2711 1904 dicit
2738 1852 2996 1909 Dominus
3030 1855 3194 1921 Deus,
3218 1854 3505 1911 Converti-

1908 1938 2038 1993 mini
2069 1937 2136 1993 ad
2179 1954 2263 1994 me
2294 1940 2345 1993 in
2373 1949 2485 1995 toto
2518 1942 2684 1998 corde
2727 1954 2948 2011 vestro,
2996 1964 3158 2015 usque
3199 1964 3305 2003 non
3360 1950 3504 2005 dabo

1908 2047 2005 2087 vos
2027 2032 2165 2086 ultra
2194 2033 2547 2103 opprobrium
2574 2035 2848 2105 gentibus,
2881 2036 3013 2093 dicit
3042 2038 3301 2094 Dominus
3328 2042 3505 2095 omni-

1910 2133 2124 2193 potens.
2194 2123 2549 2194 Evangelium
2620 2126 2918 2182 secundum
2992 2128 3306 2184 Matthteum
3375 2147 3500 2202 cap.

1908 2232 2045 2283 ην,
2099 2216 2244 2270 Dixit
2292 2216 2452 2271 .lcsus
2489 2218 2767 2287 discipulis
2823 2220 2969 2286 suis,
3018 2218 3151 2276 Cum
3202 2221 3499 2293 jejunatis,

1908 2308 2081 2364 nolite
2112 2308 2228 2365 fieri
2255 2311 2395 2366 sicut
2423 2309 2723 2383 hypocrita:
2748 2313 2967 2381 tristes,
3001 2330 3163 2387 usque
3195 2315 3268 2372 ibi
3300 2326 3381 2372 est
3404 2332 3500 2373 cor

1908 2410 2082 2457 tuum.

1976 2496 2134 2552 Feria
2166 2512 2219 2551 ν.
2257 2496 2444 2552 Lectio
2493 2496 2671 2554 Esaiae
2718 2500 3017 2570 prophetae.
3058 2499 3115 2555 ln
3154 2499 3347 2556 diebus
3393 2501 3502 2555 illis

1904 2588 2189 2659 a'grotavit
2209 2588 2472 2645 Ezechias
2495 2603 2665 2660 usque
2696 2590 2762 2643 ad
2795 2600 3026 2647 mortem
3052 2632 3068 2659 ,
3118 2609 3279 2666 usque
3319 2602 3503 2664 prote-

1903 2694 2026 2751 gam
2060 2694 2179 2735 eam
2204 2724 2218 2750 ,
2266 2680 2407 2736 Dicit
2447 2681 2706 2737 Dominus
2746 2682 3110 2753 omnipotens.
3144 2684 3499 2754 Evangelium

1902 2772 2201 2828 secundum
2256 2773 2584 2830 Matthmum
2648 2788 2768 2844 cap.
2811 2790 2973 2841 LXIV,
3025 2775 3157 2831 Cum
3214 2775 3500 2831 introisset

1900 2864 2061 2921 Jesus
2085 2862 2468 2935 Capharnaum
2495 2907 2511 2933 ,
2538 2882 2699 2937 usque
2719 2875 2944 2921 sanatus
2976 2876 3061 2923 est
3088 2883 3151 2922 ex
3182 2867 3271 2923 illa
3303 2868 3461 2923 hora.

1973 2958 2133 3014 Feria
2172 2974 2246 3014 vt.
2279 2958 2466 3014 Lectio
2510 2959 2690 3015 Esaiae
2733 2960 3031 3032 pr0phelze.
3076 2960 3201 3018 Haec
3233 2961 3363 3016 dicit
3392 2962 3501 3016 Do.

1900 3051 2080 3107 minus
2100 3050 2244 3106 Deus
2272 3093 2287 3117 ,
2316 3048 2501 3105 Clama
2523 3094 2537 3116 ,
2569 3068 2635 3108 ne
2665 3067 2851 3109 cesses
2875 3094 2890 3119 ,
2938 3070 3099 3126 usque
3124 3054 3247 3124 quia
3281 3054 3497 3110 miseri-

181 3159 201 3201 ."
265 3170 327 3211 ιν
364 3169 494 3210 non.
538 3151 733 3207 Martii.
768 3149 957 3204 Lectio
1007 3147 1130 3203 libri
1161 3146 1458 3204 Geneseos.
1501 3147 1558 3204 ln
1604 3148 1796 3207 diebus
1823 3141 1869 3205 C
1900 3160 2025 3201 cors
2054 3158 2174 3200 sum
2220 3144 2482 3199 Dominus
2517 3145 2660 3202 Deus
2690 3155 2831 3202 tuus.
2889 3147 3244 3217 Evangelium
3297 3161 3495 3202 secun-

178 3248 337 3317 illis,
395 3245 640 3302 Audiens
684 3252 865 3296 autem
907 3238 1078 3295 Jacob
1120 3238 1265 3309 quod
1304 3239 1558 3295 alimenta
1600 3243 1798 3299 vende-

174 3350 391 3400 rentur
419 3344 472 3395 in
504 3338 797 3410 [Egyptum
825 3377 839 3403 ,
874 3351 1032 3404 usque
1076 3331 1405 3387 muriamini.
1440 3332 1795 3403 Evangelium

170 3431 499 3491 secundum
533 3429 732 3484 Lucam
759 3442 881 3496 cap.
912 3440 1097 3489 ccmx,
1132 3424 1283 3479 Dixit
1316 3423 1474 3480 Jesus
1513 3426 1796 3496 discipulis

170 3528 307 3584 suis
334 3569 349 3593 ,
404 3522 680 3579 Attendite
708 3531 889 3576 autem
915 3519 1111 3587 vobis,
1148 3533 1216 3573 ne
1260 3517 1400 3573 forte
1438 3531 1797 3589 gravarentur

172 3619 362 3677 corda
391 3626 574 3673 vestra
596 3657 610 3681 ,
644 3630 803 3686 usque
831 3614 883 3668 in
920 3613 1123 3683 templo
1150 3611 1338 3668 audire
1368 3627 1515 3667 eum.

251 3729 321 3769 ιιι
351 3726 481 3769 non.
533 3708 729 3763 Martii.
774 3706 963 3761 Lectio
1007 3706 1132 3761 libri
1175 3706 1472 3762 Geneseos.
1511 3705 1569 3762 lu
1603 3706 1793 3762 diebus

171 3806 301 3861 illis
334 3804 585 3860 fecerunt
625 3799 819 3856 fratres
845 3798 1047 3869 .loseph
1073 3800 1126 3853 in
1154 3799 1423 3871 Egypto,
1458 3809 1511 3853 ut
1540 3799 1645 3853 illis
1678 3801 1793 3869 ipse

167 3903 550 3969 praeceperat,
583 3901 637 3950 et
664 3892 826 3947 locuti
852 3899 980 3946 sunt
1002 3889 1070 3946 ad
1102 3891 1367 3954 invicem,
1403 3907 1559 3961 usque
1588 3890 1793 3961 absujuc

166 3990 381 4045 liberis
447 4001 567 4043 ero.
638 3983 990 4054 Evangelium
1048 3981 1345 4037 secundum
1402 3982 1603 4035 Lucam
1668 3997 1787 4051 cap.

167 4095 356 4139 ccxu
392 4120 405 4145 .
436 4078 581 4133 Dixit
619 4076 780 4133 Jesus
811 4073 1093 4146 discipulis
1118 4075 1230 4126 suis
1257 4114 1272 4139 ,
1305 4072 1447 4128 Ecce
1489 4088 1590 4143 ego
1638 4076 1793 4129 mitto

166 4171 523 4244 promissum
564 4168 738 4224 Patris
781 4166 890 4223 mei
932 4166 985 4222 in
1019 4179 1150 4234 vos,
1200 4180 1360 4236 usque
1405 4164 1792 4223 benedicentcs

161 4269 387 4325 Deum.

245 4378 295 4418 rt
347 4375 479 4416 non.
512 4357 709 4415 Martii.
757 4356 944 4413 Lectio
983 4353 1107 4411 libri
1138 4352 1433 4409 Geneseos.
1486 4353 1542 4408 In
1592 4352 1790 4409 diebus

160 4458 301 4514 illis
336 4455 580 4511 tulerunt
624 4451 719 4506 ﬁlii
757 4450 920 4506 Israel
952 4463 1176 4504 munera
1207 4456 1263 4502 et
1292 4447 1577 4518 pecuniam
1608 4446 1789 4517 dupli-

1899 3238 2026 3293 dum
2066 3238 2374 3293 Matthmum
2417 3254 2537 3306 cap.
2575 3255 2769 3307 xxxix,
2819 3240 2974 3294 Dixit
3019 3239 3176 3294 Jesus
3215 3239 3497 3309 discipulis

1897 3333 2010 3388 suis
2038 3376 2053 3401 ,
2108 3332 2351 3388 Audistis
2397 3333 2523 3402 quia
2559 3332 2761 3387 dictum
2798 3343 2906 3399 est,
2957 3334 3155 3403 Diliges
3190 3336 3494 3403 proximum

1896 3433 2068 3492 tuum,
2100 3433 2155 3479 et
2182 3425 2332 3480 odies
2360 3424 2660 3490 inimicum,
2693 3441 2851 3495 usque
2873 3425 3065 3479 reddet
3095 3426 3209 3481 tibi.

1965 3517 2224 3573 Sabbato.
2253 3515 2438 3569 Lectio
2472 3514 2644 3569 Esaia:
2677 3514 2974 3585 prophetia.
3008 3515 3133 3571 llaec
3158 3516 3289 3571 dicit
3317 3518 3497 3573 Dami-

1895 3626 1995 3666 nns
2016 3656 2029 3680 ,
2054 3610 2114 3666 Si
2136 3608 2425 3663 abstuleris
2448 3608 2513 3663 de
2544 3608 2722 3663 medio
2766 3609 2839 3662 tui
2882 3618 3129 3665 catenam
3157 3651 3172 3678 ,
3213 3629 3371 3682 usque
3416 3614 3491 3666 Us

1896 3705 2038 3758 enim
2083 3702 2299 3757 Domini
2348 3701 2588 3756 locutum
2617 3709 2701 3757 est
2734 3700 2870 3755 hmc.
2904 3701 3254 3773 Evangelium
3288 3717 3487 3759 secun-

1896 3797 2023 3849 dum
2055 3793 2295 3851 Marcum
2322 3808 2443 3864 cap.
2481 3791 2707 3867 (vat),
2740 3791 2875 3847 Cum
2909 3808 3033 3848 sero
3067 3803 3211 3850 esset
3241 3794 3442 3851 factum
3472 3838 3488 3865 ,

1894 3898 2013 3944 erat
2041 3888 2193 3942 navis
2235 3886 2287 3941 in
2316 3887 2496 3942 medio
2524 3889 2693 3955 mari,
2720 3904 2883 3959 usque
2913 3888 3046 3943 salvi
3079 3889 3300 3946 fiebant.

1969 3980 2252 4035 Dominica
2280 3980 2492 4035 initium
2524 3980 2982 4049 Quadragesitnm.
3006 3980 3194 4036 Lectio
3225 3983 3484 4053 Epistnlm

1894 4073 2040 4130 beati
2064 4072 2213 4127 Pauli
2241 4073 2467 4145 apostoli
2489 4072 2555 4127 ad
2573 4072 2910 4139 Corinthios,
2939 4072 3182 4138 Fratres,
3210 4073 3489 4132 hortamur

1893 4182 2012 4235 vos,
2039 4182 2198 4236 usque
2219 4167 2398 4221 omnia
2424 4165 2785 4236 possidentes.
2811 4163 3162 4235 Evangelium
3187 4165 3488 4221 secundum

1894 4259 2204 4317 Matthacum
2254 4275 2373 4330 cap.
2409 4275 2479 4313 xv
2506 4301 2519 4326 ,
2557 4259 2763 4315 Ductus
2788 4269 2873 4315 est
2893 4258 3051 4315 Jesus
3083 4260 3135 4316 in
3166 4258 3443 4315 desertum
3470 4301 3486 4326 ,

1895 4371 2055 4425 usque
2085 4352 2263 4425 angeli
2296 4352 2681 4408 ministrabant
2705 4353 2780 4408 ei.

1963 4448 2106 4504 Hinc
2145 4447 2409 4518 plenarius
2448 4448 2680 4517 sequitur
2718 4446 2843 4501 ordo
2881 4445 3014 4501 sicut
3053 4447 3109 4501 in
3139 4445 3271 4502 libro
3298 4442 3489 4502 Comiti

158 4566 302 4609 cem
329 4592 348 4617 ,
377 4562 540 4616 usque
568 4542 635 4599 ad
668 4551 876 4614 patrem
906 4550 1167 4596 vestrum.
1199 4539 1553 4610 Evangelium
1585 4554 1786 4596 secun-
1814 4531 1865 4592 D
1894 4544 2249 4609 continentur,
2279 4558 2435 4607 usque
2475 4539 2681 4592 octabus
2714 4537 2952 4593 Post/ue.

156 4642 318 4697 dum
352 4636 664 4694 Matthzeum
706 4650 830 4704 cap.
873 4648 1073 4699 χχχιιι,
1125 4630 1271 4687 Dixit
1308 4632 1464 4687 Jcsus
1506 4631 1788 4701 discipulis

157 4735 296 4790 suis
320 4775 338 4799 ,
378 4730 557 4787 Nolite
592 4736 782 4799 putare
825 4728 949 4797 quia
977 4725 1099 4781 veni
1127 4726 1338 4781 solvere
1370 4725 1540 4796 legem
1569 4769 1583 4795 ,
1629 4742 1790 4797 usque

156 4828 264 4884 hic
303 4838 538 4896 magnus
564 4822 845 4877 vocabitur
876 4820 927 4875 in
958 4834 1126 4890 regno
1156 4821 1443 4875 caelorum.

238 4917 401 4974 Non.
428 4916 627 4972 Martii.
660 4915 715 4970 ln
745 4913 907 4967 natali
931 4922 1247 4967 sanctarum
1279 4912 1549 4983 virginum
1583 4914 1787 4987 Perpe-

152 5024 283 5069 turc
323 5018 383 5067 et
413 5007 736 5065 Felicitatis.
780 5007 971 5063 Lectio
1008 5006 1129 5061 libri
1177 5007 1492 5077 Sapientize.
1537 5006 1786 5078 Congre-

151 5102 392 5176 gationi
423 5115 723 5172 pauperum
754 5098 1029 5155 all‘abilem
1069 5106 1120 5152 te
1148 5097 1333 5165 facito,
1365 5113 1530 5169 usque
1555 5101 1783 5154 verbum

146 5197 218 5253 in
281 5204 510 5264 tempus
545 5192 760 5248 salutis.
802 5190 1156 5261 Evangelium
1189 5190 1488 5245 secundum
1522 5189 1783 5245 Joannem

146 5304 303 5359 cap.
358 5302 508 5353 xxv,
552 5285 706 5339 Venit
742 5284 899 5340 Jesns
948 5294 1001 5340 et
1041 5282 1290 5354 discipuli
1313 5283 1431 5354 ejus
1459 5285 1511 5340 in
1541 5282 1784 5339 Judanam

148 5393 425 5448 terram,
457 5397 617 5451 usque
647 5380 844 5434 missus
875 5386 960 5435 est
981 5389 1104 5433 ante
1136 5378 1312 5433 illum.

234 5475 545 5532 Dominica
571 5475 624 5530 in
648 5474 1123 5545 Quinquagesima.
1152 5473 1337 5530 Lectio
1362 5471 1617 5543 Epistolas
1640 5472 1783 5528 beati

1964 4637 2124 4693 Feria
2166 4651 2227 4691 ιι.
2283 4633 2470 4689 Lectio
2524 4631 2779 4687 Ezechiel
2838 4629 3140 4701 prophetae.
3183 4625 3312 4684 Haec
3358 4626 3493 4683 dicit

1895 4728 2154 4784 Dominus
2182 4727 2349 4791 Deus,
2384 4724 2521 4778 Ecce
2552 4737 2654 4792 ego
2685 4721 2801 4791 ipse
2827 4719 3099 4789 requiram
3125 4732 3260 4773 oves
3299 4732 3447 4772 meas
3470 4756 3488 4785 ,

1892 4836 2051 4890 usque
2078 4816 2352 4887 injudicio
2382 4822 2436 4868 et
2470 4812 2737 4882 justitiam
2769 4811 2899 4866 dicit
2941 4810 3201 4865 Dominus
3232 4810 3486 4879 omnipo-

1893 4923 2032 4968 tens.
2062 4908 2408 4977 Evangelium
2436 4903 2732 4959 secundum
2762 4902 3072 4957 Matthreum
3103 4916 3226 4973 cap.
3249 4917 3482 4968 ccnxxu,

1891 5002 2025 5059 Cum
2056 5000 2268 5055 venerit
2296 4998 2467 5052 Filius
2500 4994 2748 5051 Hominis
2771 4992 2823 5048 in
2854 4995 3138 5063 majestate
3164 5008 3258 5050 sua
3281 5035 3295 5063 ,
3325 5010 3489 5065 usque

1889 5097 2019 5170 justi
2043 5104 2221 5149 autem
2256 5092 2308 5147 in
2341 5092 2505 5145 vitam
2537 5096 2822 5143 aeternam.

1962 5189 2118 5246 Feria
2160 5203 2240 5243 ιιι.
2287 5186 2477 5242 Lectio
2518 5184 2692 5239 Esaia:
2723 5181 3030 5255 prophetae.
3067 5181 3126 5237 In
3156 5183 3347 5239 diebus
3380 5181 3485 5235 illis

1890 5284 2104 5339 locutus
2135 5289 2218 5336 cst
2240 5280 2430 5335 Esaias
2455 5277 2721 5349 prepheta
2755 5277 2963 5343 dicens,
2999 5293 3160 5347 usque
3190 5279 3265 5331 ait
3297 5274 3483 5329 Domi-

1893 5395 1994 5434 nus
2025 5375 2388 5446 omnipotens.
2442 5371 2798 5440 Evangelinm
2839 5370 3134 5425 secundum
3174 5367 3483 5423 Matthacum

1893 5485 2011 5542 cap.
2046 5484 2166 5536 cex,
2203 5468 2339 5522 Cum
2367 5467 2621 5520 intrasset
2654 5464 2817 5519 Jesus
2848 5463 3302 5533 Hierosolymam,
3330 5478 3492 5533 usque

1893 5563 2125 5620 docebat
2148 5576 2244 5617 eos
2272 5560 2340 5616 de
2372 5575 2538 5630 regno
2574 5559 2688 5614 Dei.

1970 5657 2126 5713 Feria
2160 5673 2229 5709 ιν.
2283 5656 2471 5713 Lectio
2496 5654 2621 5709 libri
2653 5654 2849 5710 Exodi.
2897 5655 2953 5709 lu
2997 5654 3189 5710 diebus
3216 5654 3322 5711 illis
3348 5655 3491 5711 dixit

1896 5752 2156 5812 Dominus
2190 5750 2257 5808 ad
2298 5752 2540 5823 Moysen,
2572 5765 2733 5820 usque
2762 5756 2817 5806 et
2837 5748 3193 5821 quadraginta
3215 5751 3484 5808 noctibus.

138 5568 342 5631 Pauli
370 5567 607 5639 apostoli
630 5568 698 5621 ad
725 5566 1057 5622 Corinthios.
1094 5565 1160 5621 Et
1197 5564 1243 5621 si
1276 5566 1474 5636 linguis
1502 5564 1782 5620 hominum

136 5671 382 5739 loquar
423 5671 480 5720 et
524 5661 844 5733 angelorum
876 5702 889 5727 ,
932 5678 1093 5732 usque
1143 5661 1318 5730 major
1362 5668 1541 5715 autem
1584 5659 1670 5714 his
1704 5669 1788 5715 est

134 5756 448 5818 Charitas.
475 5753 832 5828 Evangelium
864 5753 1164 5811 secundum
1200 5753 1400 5809 Lucam
1432 5768 1552 5824 cap.
1578 5767 1781 5823 ccxxii,
