4048 6312
539 235 646 293 L99

1577 228 1633 283 s.
1679 223 2064 281 lltEttONl’Ml
2101 221 2389 280 OPERUM
2430 206 2795 279 ttANTlSSA.

3744 220 3840 277 500

536 349 893 423 Evangelium
941 345 1240 404 secundum
1282 342 1593 400 Mattbmum
1624 355 1743 409 cap.
1768 354 1948 395 cxxvn
1975 382 1989 407 ,
2034 336 2136 394 Ac-
2163 339 2218 400 Δ
2244 336 2439 392 thmum
2469 351 2590 406 cap.
2615 352 2723 402 cct,
2748 336 3068 392 Ascendens
3092 334 3249 391 Jesus
3274 333 3742 405 Hierosolymam,
3760 351 3841 391 us-

540 455 825 504 cesserunt
845 443 909 497 ad
933 441 1118 497 Jesum
1141 437 1334 495 scriba:
1351 446 1406 491 et
1425 433 1674 506 pharisaei
1693 432 1958 501 dicentes,
1978 448 2142 504 usque

540 541 657 611 ipse
687 550 839 594 meus
869 533 1038 587 frater
1066 540 1121 586 et
1151 544 1309 585 soror
1337 538 1388 585 et
1416 536 1592 617 mater
1616 534 1721 617 est.

612 628 768 684 Feria
798 642 848 679 v.
882 622 1069 681 Lectio
1098 618 1355 677 Ezechiel
1384 615 1681 691 prophetae.
1714 615 1771 672 ln
1801 616 1992 673 diebus
2032 616 2140 673 illis

538 721 711 777 factus
737 723 819 771 est
847 728 1031 770 sermo
1061 712 1275 769 Domini
1300 710 1369 768 ad
1395 726 1483 767 me
1511 710 1720 774 dicens,
1747 726 1907 780 usque
1933 709 2008 763 ait
2031 708 2139 763 Do-

541 810 719 866 minus
744 806 1113 877 omnipotens.
1148 804 1507 875 Evangelium
1540 800 1835 859 secundum
1867 800 2136 857 Joannem

539 919 660 974 cap.
690 916 829 958 cnvn
853 943 866 968 ,
903 897 961 954 In
995 898 1087 953 illo
1120 906 1364 968 tempore
1392 895 1607 952 dicebat
1635 894 1794 969 Jesus
1821 892 1888 948 ad
1913 907 2008 948 eos
2042 892 2135 963 qui

537 996 893 1054 crediderunt
915 1007 982 1049 ex
1006 990 1233 1062 Judzeis,
1267 1007 1428 1064 usque
1456 989 1548 1062 qui
1578 998 1663 1047 est
1687 1003 1752 1045 ex
1777 987 1891 1043 Deo
1914 1029 1931 1057 ,
1972 986 2138 1041 verba

542 1087 869 1237 vergit.
904 1177 1093 1235 Lectio
1123 1174 1375 1233 Ezechiel
1400 1174 1699 1247 prophetae.
1728 1172 1854 1230 Haec
1880 1172 2012 1230 dicit
2032 1170 2140 1227 Da-

540 1274 718 1328 minus
744 1272 907 1339 Dcus,
941 1270 1140 1328 Anima
1169 1286 1292 1342 qum
1316 1265 1655 1342 peccaverit,
1690 1265 1805 1340 ipsa
1832 1266 2096 1321 morietur
2122 1307 2138 1332 ,

537 1380 696 1436 usque
737 1363 848 1419 vita
893 1363 1073 1432 vivet,
1128 1370 1182 1417 et
1236 1376 1343 1417 non
1393 1360 1676 1425 morietur,
1701 1358 1832 1414 dicit
1875 1358 2139 1414 Dominus

537 1458 901 1529 omnipotens.
952 1455 1306 1527 Evangelium
1350 1453 1649 1511 secundum
1692 1453 1959 1509 Joannem
2011 1469 2134 1523 cap.

540 1566 727 1606 xxxvii
747 1591 763 1618 ,
792 1550 848 1605 In
882 1550 975 1605 illo
1003 1558 1247 1618 tempore
1285 1556 1403 1603 erat
1428 1545 1547 1601 dies
1578 1545 1750 1602 festus
1780 1543 2098 1601 Judmorum
2118 1587 2134 1615 ,

541 1660 701 1715 usque
727 1650 875 1699 esset
901 1643 992 1713 qui
1027 1639 1155 1697 fecit
1175 1656 1299 1697 eum
1321 1655 1534 1696 sanum.

2244 447 2339 501 que
2365 429 2791 501 redemptionem
2824 445 2921 501 pro
2954 429 3160 484 multis.

2316 522 2472 579 Feria
2506 538 2561 578 v.
2619 523 2806 579 Lectio
2857 522 3147 578 Hieremiae
3199 519 3503 593 prophetae.
3561 521 3692 578 Haec
3722 522 3842 581 dicit

2246 616 2505 673 Dominus
2536 618 2711 674 Deus:
2746 616 3061 672 Malcdictus
3091 615 3254 670 homo
3283 615 3374 687 qui
3411 614 3640 671 conﬁdit
3671 616 3723 671 in
3755 616 3842 673 lto-

2245 711 2421 778 mine,
2473 728 2631 784 usque
2674 710 3120 767 adinventionum
3155 725 3376 764 suarum
3420 709 3555 765 dicit
3587 709 3842 766 Dominus

2243 788 2611 875 omnipotens.
2663 803 3012 874 Evangelium
3061 800 3361 857 secundum
3405 802 3675 858 Joannem
3724 816 3838 872 cap.

2244 900 2427 974 (xm),
2472 901 2615 955 Dixit
2655 900 2818 955 Jesus
2856 900 3028 955 turbis
3067 898 3415 963 Judaeorum,
3461 895 3579 951 Non
3627 910 3839 967 possum

2243 1007 2344 1061 ego
2397 1009 2426 1047 a
2474 1007 2561 1048 me
2616 992 2734 1062 ipso
2791 992 2974 1048 facere
3000 988 3329 1061 quidquam,
3385 1004 3546 1059 usque
3577 990 3842 1059 quomodo

2244 1083 2427 1139 verbis
2458 1084 2592 1139 meis
2614 1081 2858 1138 creditis.

2318 1177 2469 1232 Feria
2497 1192 2567 1231 vi.
2598 1175 2919 1233 Lectiolibri
2948 1175 3254 1231 Genescos.
3284 1173 3342 1229 ln
3367 1173 3563 1230 diebus
3584 1173 3696 1229 illis
3714 1174 3841 1231 dixit

2242 1266 2443 1336 Joseph
2475 1266 2729 1323 fratribus
2758 1268 2893 1333 suis,
2933 1283 3094 1339 usque
3138 1268 3326 1321 volens
3367 1268 3583 1338 eripere
3628 1283 3751 1323 eum
3779 1268 3842 1323 de

2243 1358 2496 1413 manibus
2526 1374 2713 1414 eorum
2740 1366 2796 1415 et
2825 1358 3055 1415 reddere
3076 1358 3213 1429 patri
3241 1374 3357 1413 suo.
3381 1358 3736 1430 Evangelium
3763 1375 3842 1416 se—

2243 1451 2479 1506 (undum
2510 1451 2822 1508 Matthzeum
2854 1467 2973 1522 cap.
3001 1467 3182 1521 ccxtx,
3205 1451 3357 1507 Dixit
3384 1453 3540 1508 Jesus
3558 1451 3844 1522 discipulis

2243 1543 2377 1607 suis,
2410 1544 2583 1597 Homo
2612 1552 2728 1598 erat
2759 1542 3172 1614 paterfamilias,
3218 1559 3379 1614 usque
3419 1545 3673 1614 quoniam
3706 1544 3848 1600 sicut

2243 1634 2563 1706 prophetam
2588 1651 2709 1691 eum
2739 1635 3028 1693 habebant.

609 1734 847 1792 Sabbato
870 1736 922 1790 in
953 1732 1237 1789 duodecim
1266 1732 1609 1789 lectionibus.
1640 1730 1723 1787 Ad
1755 1739 2002 1787 sanctum
2034 1729 2136 1788 Pe-
2164 1732 2213 1794 B
2312 1728 2567 1786 Sabbato.
2595 1729 2780 1785 Lectio
2805 1730 2925 1785 libri
2954 1730 3250 1786 Genescos.
3278 1726 3335 1785 in
3365 1729 3553 1787 diebus
3581 1731 3687 1787 illis
3708 1731 3845 1788 dixit

541 1836 705 1882 trum.
733 1827 915 1883 Lectio
941 1826 1063 1883 libri
1094 1825 1524 1881 Deuteronomii.
1555 1824 1611 1879 ln
1637 1822 1831 1879 diebus
1858 1824 1964 1879 illis
1987 1823 2136 1880 locu-

532 1928 616 1975 tus
633 1920 940 1992 eStMoyses
961 1917 1028 1973 ad
1049 1917 1335 1973 Dominum
1361 1916 1571 1985 dicens,
1598 1915 1852 1987 ReSpice,
1883 1915 2129 1982 Domine,

532 2016 602 2071 de
632 2012 945 2073 sanctuario
977 2022 1091 2079 tuo,
1119 2030 1280 2086 usque
1307 2013 1455 2068 sicut
1480 2012 1694 2067 locutus
1725 2020 1809 2066 est
1834 2011 1952 2066 tibi.

604 2107 739 2164 Item
791 2107 951 2164 lectio
1004 2106 1132 2163 libri
1186 2104 1612 2162 Deuteronomii.
1669 2103 1725 2157 In
1778 2102 1971 2159 diebus
2025 2101 2133 2158 illis

533 2198 677 2255 dixit
707 2198 920 2273 Moyses
953 2199 1078 2259 ﬁliis
1106 2197 1302 2270 Israel,
1331 2216 1491 2270 usque
1519 2199 1662 2255 sicut
1685 2197 1896 2255 locutus
1923 2205 2005 2254 est
2033 2212 2128 2253 vo-

532 2291 615 2348 bis
653 2292 917 2348 Dominus
948 2292 1092 2350 Deus
1120 2278 1318 2351 veSter.

607 2381 742 2438 Item
785 2382 948 2439 lectio
997 2383 1121 2439 libri
1164 2382 1620 2440 Maeliabmorum.
1676 2383 1732 2438 ln
1778 2383 1969 2440 diebus
2022 2382 2130 2438 illis

532 2475 840 2531 orationem
877 2475 1149 2532 faciebant
1187 2475 1501 2531 sacerdotes
1526 2518 1542 2544 ,
1584 2492 1747 2548 usque
1774 2491 1875 2532 nec
1900 2491 1998 2533 vos
2030 2475 2128 2533 de-

538 2576 684 2622 serat
706 2567 757 2622 in
792 2576 1043 2639 tempore
1071 2568 1335 2623 Dominus
1362 2569 1503 2623 Deus
1529 2576 1732 2625 vester.

604 2658 737 2714 ltem
770 2660 931 2716 lectio
961 2660 1083 2715 libri
1128 2658 1442 2732 Sapientia}.
1474 2659 1731 2717 Miserere
1774 2661 1945 2718 nostri
1988 2661 2128 2719 Deus

528 2750 794 2815 omnium,
820 2768 978 2824 usque
1005 2753 1269 2807 mirabilia
1302 2762 1411 2819 tua,
1445 2752 1676 2809 Domine
1709 2753 1853 2810 Deus
1882 2766 2088 2811 noster.

601 2841 736 2898 item
785 2844 950 2901 lectio
998 2844 1229 2900 Danihel
1271 2846 1572 2918 prophetae.
1622 2846 1867 2919 Angelus
1908 2847 2127 2904 Domini

537 2934 822 2991 descendit
847 2950 969 2990 cum
997 2937 1190 2993 Azaria
1214 2948 1267 2994 et
1295 2938 1457 2996 sociis
1489 2938 1631 3012 ejus,
1658 2957 1824 3015 usque
1848 2950 1904 2999 et
1933 2956 2125 3013 super-

525 3026 797 3083 exaltatus
827 3028 879 3083 in
910 3029 1132 3085 smcula.

598 3116 733 3173 Item
755 3118 1126 3177 benedictione.

599 3211 734 3269 ltem
760 3212 923 3271 lectio
953 3214 1213 3286 Epistolas
1240 3215 1383 3275 beati
1406 3217 1557 3275 Pauli
1600 3218 1831 3291 apostoli
1861 3220 1927 3277 ad
1956 3220 2129 3279 Thes-

525 3304 917 3363 salonicenses.
973 3306 1215 3375 Fratres,
1250 3325 1507 3382 rogamus
1556 3327 1697 3379 vos,
1744 3312 2005 3384 corripite
2047 3317 2129 3371 in-

526 3399 771 3469 quietos,
822 3416 982 3473 usque
1027 3402 1081 3458 in
1133 3402 1439 3460 adventum
1491 3403 1711 3461 Domini
1774 3410 1944 3463 n05tri
1991 3409 2124 3465 Jesu

526 3491 733 3549 Christi
779 3504 1051 3552 servetur.
1098 3494 1451 3570 Evangelium
1483 3501 1782 3557 secundum
1811 3500 2122 3559 Matthmnm

524 3599 645 3655 cap.
672 3600 875 3652 (ιωςιι,
907 3585 964 3645 1η
997 3586 1094 3644 illo
1123 3600 1365 3663 tempore
1390 3591 1686 3663 assumpsit
1710 3591 1872 3650 Jesus
1902 3593 2125 3657 Petrum

524 3687 579 3733 et
608 3678 864 3735 Jacobum
892 3691 945 3737 et
969 3681 1238 3739 Joannem
1276 3685 1499 3741 fratrem
1539 3687 1658 3758 ejus
1681 3730 1696 3755 ,
1726 3704 1887 3760 usque
1914 3704 1944 3745 a
1973 3706 2122 3746 mor-

523 3770 633 3827 tuis
661 3783 927 3845 resurget.

599 3861 881 3918 Dominica
934 3867 1107 3935 prima
1170 3869 1309 3925 infra
1372 3871 1877 3946 Quadragesimam.
1934 3876 2121 3933 Lectio

531 3952 792 4025 Epistola:
829 3954 973 4012 beati
1004 3957 1157 4016 Pauli
1188 3965 1418 4034 apostoli
1460 3965 1528 4021 ad
1574 3967 2118 4027 Thessalonicenses.

523 4043 744 4103 Fratres
770 4090 784 4115 ,
830 4064 1086 4120 rogamus
1117 4068 1211 4110 vos
1236 4096 1251 4123 ,
1292 4063 1349 4112 et
1393 4056 1745 4115 obsecramus
1785 4062 1840 4118 in
1884 4062 2119 4119 Domino

520 4138 693 4210 Jesu,
736 4158 895 4214 usque
932 4145 1030 4213 sed
1072 4146 1128 4204 in
1169 4150 1568 4209 santilicatione
1615 4154 1667 4210 in
1719 4154 1942 4213 Christo
1985 4157 2115 4215 Jesu

523 4233 757 4292 Domino
801 4248 1011 4298 nostro.
1064 4241 1421 4315 Evangelium
1460 4247 1756 4302 secundum
1802 4249 2114 4307 Matthaeum

517 4342 640 4397 cap.
673 4346 777 4385 Lvn
806 4369 823 4398 ,
874 4331 1140 4403 Egressus
1186 4336 1314 4393 inde
1364 4338 1523 4394 Jesus
1566 4341 1792 4396 secessit
1832 4340 1886 4397 in
1932 4354 2113 4413 partes

517 4419 647 4493 Tyri
672 4464 688 4488 ,
720 4440 881 4494 usque
911 4441 976 4481 ex
1010 4426 1099 4481 illa
1126 4426 1283 4484 hora.

2244 1820 2488 1877 Rebecca
2522 1822 2634 1878 filio
2661 1804 2769 1877 suo.
2801 1822 2994 1893 Jacob,
3026 1841 3188 1893 usque
3217 1824 3454 1897 desuper
3484 1826 3589 1881 erit
3621 1826 3843 1883 benedi-

2240 1914 2346 1970 ctio
2401 1924 2516 1969 tua.
2572 1914 2927 1988 Evangelinm
2962 1919 3260 1972 secundum
3313 1917 3516 1973 Lucam
3564 1933 3688 1990 cap.
3725 1934 3840 1985 cxc,

2238 2009 2385 2067 Dixit
2412 2009 2573 2067 Jesus
2601 2011 2886 2082 discipulis
2936 2013 3086 2082 suis,
3140 2013 3313 2068 llomo
3349 2014 3569 2085 quidam
3614 2014 3845 2072 habebat

2237 2101 2375 2157 duos
2403 2099 2566 2167 filios,
2598 2119 2760 2175 usque
2790 2104 3030 2173 perierat
3057 2114 3112 2160 et
3140 2103 3395 2160 inventus
3416 2114 3522 2160 est.

2308 2193 2591 2249 Dominica
2638 2210 2695 2249 ιι.
2745 2211 2907 2251 xxxa.
2953 2195 3141 2252 Lectio
3186 2194 3445 2267 Epistolas
3497 2196 3643 2253 beati
3690 2198 3842 2256 Pauli

2236 2285 2473 2354 apostoli
2498 2284 2565 2340 ad
2600 2285 2887 2357 Ephesios.
2916 2288 3104 2345 Estote
3136 2289 3435 2345 imitatores
3459 2289 3558 2346 Dei
3584 2291 3730 2347 sicut
3751 2292 3843 2347 lilii

2236 2375 2567 2447 charissimi,
2603 2378 2991 2457 usquejustitia
3022 2391 3075 2436 et
3098 2380 3347 2437 veritate.
3378 2381 3727 2453 Evangelium
3755 2400 3842 2437 se-

2235 2470 2471 2526 cundum
2506 2471 2707 2530 Lucam
2739 2490 2861 2544 cap.
2895 2489 3076 2539 cxxvt,
3109 2475 3239 2531 Erat
3266 2476 3423 2533 Jesus
3468 2476 3691 2547 ejicicns
3725 2478 3843 2533 dre-

2234 2563 2501 2629 monium,
2529 2582 2693 2636 usque
2717 2575 2772 2621 et
2796 2567 3117 2622 custodiunt
3141 2568 3298 2624 illud.

2308 2656 2465 2713 Feria
2496 2674 2552 2713 ιι.
2585 2656 2774 2717 Lectio
2810 2660 2932 2717 libri
2978 2660 3208 2735 Regum.
3242 2662 3299 2718 ln
3324 2662 3515 2719 diebus
3565 2663 3674 2720 illis
3698 2664 3838 2721 Naa-

2234 2766 2357 2807 man
2386 2753 2634 2826 princeps
2665 2754 2875 2811 militiae
2906 2755 3049 2828 regis
3077 2757 3273 2829 Syrias,
3306 2775 3465 2829 usque
3495 2758 3596 2813 nisi
3633 2767 3837 2815 tantum

2233 2842 2493 2900 Dominus
2520 2846 2661 2901 Deus
2692 2844 2881 2905 Israel.
2917 2846 3272 2919 Evangelium
3302 2849 3602 2905 secundum
3639 2850 3835 2907 Lucam

2231 2951 2353 3008 cap.
2389 2952 2480 3004 xx,
2509 2938 2773 2997 Dixerunt
2804 2941 3057 3013 pharisaai
3094 2944 3162 2999 ad
3189 2942 3398 3015 Jesum,
3439 2945 3656 3013 Quanta
3684 2945 3838 3001 audi-

2230 3033 2408 3089 vimus
2447 3032 2585 3089 facta
2632 3034 3012 3107 Capharnaum
3036 3082 3051 3108 ,
3109 3053 3269 3112 usque
3298 3039 3569 3096 transiens
3598 3055 3698 3111 per
3726 3055 3837 3097 me-

2153 3121 2201 3193 C
2233 3123 2382 3180 dium
2413 3124 2628 3181 illorum
2656 3126 2788 3183 ibat.

2303 3218 2462 3275 Feria
2490 3236 2567 3277 ιιι.
2593 3220 2779 3278 Lectio
2805 3223 2924 3281 libri
2947 3224 3178 3297 Regum.
3203 3223 3261 3281 ln
3292 3226 3485 3283 diebus
3508 3228 3615 3284 illis
3644 3230 3834 3286 mulier

2230 3311 2475 3380 quaedam
2504 3313 2775 3371 clamabat
2800 3316 2866 3371 ad
2899 3316 3191 3375 Helisrenm
3234 3321 3579 3392 prophetam,
3613 3323 3827 3390 dicens,

2231 3421 2394 3477 usque
2422 3415 2477 3462 tu
2500 3417 2552 3463 et
2578 3406 2673 3463 filii
2705 3410 2777 3466 tui
2806 3410 2969 3469 vivite
2999 3412 3066 3469 de
3088 3415 3319 3486 reliquo.
3353 3415 3711 3488 Evangelium
3746 3435 3830 3474 se-

2229 3495 2464 3551 cundum
2496 3497 2803 3556 Mattba-um
2850 3519 2972 3575 cap.
3011 3520 3277 3575 cuxxrn,
3316 3507 3634 3578 Respiciens
3672 3510 3828 3567 Jesus

2229 3587 2530 3661 discipulos
2553 3607 2705 3661 suos,
2737 3594 2871 3652 dixit
2899 3598 3107 3655 Simoni
3131 3599 3319 3669 Petro,
3342 3618 3499 3674 usque
3518 3607 3829 3677 septuagies

2227 3682 2453 3752 septies.

2298 3772 2457 3831 Feria
2503 3790 2573 3831 tv.
2606 3774 2789 3834 Lectio
2842 3778 2965 3837 libri
2998 3781 3193 3840 Exodi.
3244 3785 3369 3841 Haec
3409 3786 3538 3843 dicit
3565 3788 3827 3848 Dominus

2229 3864 2398 3935 Deus,
2428 3869 2647 3927 llonora
2698 3882 2906 3944 patrem
2946 3885 3095 3932 tuum
3124 3887 3179 3935 et
3208 3888 3431 3935 matrem
3464 3891 3637 3952 tuam,
3670 3901 3828 3957 usque

2224 3962 2460 4017 nominis
2528 3965 2655 4019 mei.
2726 3967 3080 4040 Evangelium
3150 3972 3447 4029 secundum
3511 3975 3822 4032 Matthmum

2220 4068 2343 4124 cap.
2387 4073 2529 4124 CLtv,
2561 4057 2924 4117 Accesserunt
2969 4063 3035 4118 ad
3081 4065 3265 4120 Jesum
3308 4066 3377 4122 ab
3429 4067 3821 4140 Hierosolymis

2222 4148 2414 4204 scriba:
2444 4160 2500 4205 et
2531 4149 2785 4220 pharismi
2825 4152 3091 4222 dicentes,
3123 4172 3282 4228 usque
3313 4172 3419 4213 non
3466 4157 3817 4231 coinquinant

2220 4238 2520 4299 hominem.

2288 4335 2445 4391 Feria
2479 4353 2531 4392 v.
2564 4338 2751 4395 Lectio
2786 4340 3074 4397 Hiercmim
3110 4343 3409 4414 prephetaz.
3447 4345 3501 4400 ln
3532 4346 3723 4402 diebus
3750 4348 3815 4401 il-

2216 4427 2282 4482 lis
2313 4427 2510 4485 factum
2533 4439 2618 4486 est
2644 4431 2873 4488 verbum
2910 4433 3123 4489 Domini
3157 4437 3223 4491 ad
3267 4452 3353 4492 me
3396 4437 3602 4505 dicens,
3635 4439 3727 4493 Sta
3760 4440 3812 4494 in

586 4516 743 4572 Feria
769 4534 823 4573 ιι.
855 4518 1041 4575 Lectio
1075 4521 1301 4579 Danihel
1333 4521 1635 4594 prophetae.
1680 4524 1738 4579 In
1772 4524 1964 4583 diebus
1992 4527 2104 4585 illis

2242 4530 2368 4575 torta
2396 4521 2588 4577 domus
2624 4523 2855 4595 Domini,
2887 4543 3048 4598 usque
3079 4527 3131 4582 in
3175 4529 3436 4583 sreculnm
3465 4528 3592 4585 dicit
3623 4528 3812 4585 Domi-

508 4609 682 4663 oravit
714 4610 942 4667 Danihel
968 4611 1175 4685 dicens,
1202 4631 1356 4682 usque
1377 4624 1433 4671 et
1459 4631 1626 4687 super
1649 4618 1902 4689 populum
1928 4630 2100 4691 tuum,

506 4702 735 4760 Domine
752 4705 894 4763 Deus
913 4716 1113 4765 noster.
1142 4708 1492 4782 Evangelium
1518 4710 1815 4768 secundum
1836 4713 2102 4783 Joannem

507 4810 626 4867 cap.
654 4814 845 4855 Lxxxtx
873 4842 891 4870 ,
937 4801 1083 4857 Dixit
1122 4802 1283 4861 Jesus
1336 4804 1510 4869 turbis
1567 4805 1876 4862 Judaeornm
1907 4850 1922 4875 ,
1985 4806 2100 4881 Ego

505 4888 643 4942 vado
668 4931 684 4955 ,
727 4903 780 4948 et
814 4895 1058 4964 quatritis
1083 4910 1170 4957 me
1194 4939 1209 4964 ,
1262 4914 1421 4968 usque
1468 4899 1662 4970 placita
1696 4908 1822 4955 sunt
1865 4899 1914 4956 ei
1958 4899 2098 4958 facio

500 4993 735 5049 semper.

2217 4627 2317 4667 nus
2363 4613 2729 4684 omnipotens.
2789 4615 3145 4690 Evangelium
3199 4620 3492 4676 secundum
3542 4621 3812 4679 Joannem

2210 4728 2327 4785 cap.
2355 4713 2499 4788 (ιιι),
2533 4715 2845 4788 Operamini
2877 4735 2983 4777 non
3014 4720 3191 4777 cibum
3224 4722 3313 4794 qui
3340 4723 3506 4795 perit,
3535 4740 3695 4796 usque
3719 4725 3809 4796 qui

2207 4817 2379 4873 credit
2409 4818 2463 4873 in
2497 4834 2582 4873 me
2613 4836 2717 4877 non
2747 4821 2896 4877 sitiet
2924 4837 3205 4894 umquam.

2278 4918 2432 4974 Feria
2465 4936 2538 4976 vt.
2581 4921 2768 4978 Lectio
2794 4922 2918 4979 libri
2949 4924 3189 4981 Numeri.
3222 4925 3285 4981 ln
3316 4924 3508 4981 diebus
3536 4926 3644 4982 illis
3673 4943 3806 4985 con-

2200 5031 2469 5081 venerunt
2495 5024 2587 5079 lilii
2606 5024 2773 5087 Israel
2793 5026 2858 5080 ad
2882 5027 3184 5097 Moysen'et
3202 5029 3406 5099 Aaron,
3428 5044 3589 5100 usque
3606 5038 3663 5084 et
3676 5044 3802 5087 san-

581 5073 737 5130 Feria
768 5093 845 5131 ιιι.
881 5080 1065 5141 Lectio
1092 5084 1215 5140 libri
1246 5085 1471 5156 Regum.
1500 5085 1556 5141 lu
1580 5086 1897 5145 diebusillis
1921 5087 2093 5145 factus

501 5179 586 5224 est
616 5183 799 5225 sermo
836 5172 1045 5232 Domini
1074 5178 1141 5234 ad
1173 5179 1344 5235 Eliam
1364 5225 1378 5249 ,
1408 5198 1570 5252 usque
1591 5182 1734 5251 quod
1769 5184 1978 5240 locutus
2012 5193 2094 5240 est

498 5262 554 5317 in
603 5279 765 5320 manu
818 5265 972 5324 Elim.
1028 5272 1373 5345 Evangelium
1430 5275 1728 5333 secundum
1776 5278 2087 5335 Mattlimum

496 5371 546 5411 c.
572 5374 809 5426 ccxxv",
842 5359 1078 5419 Locutus
1108 5376 1191 5421 est
1222 5368 1380 5422 Jesus
1407 5367 1471 5421 ad
1520 5369 1704 5424 turbas
1736 5379 1790 5425 et
1819 5372 1884 5426 ad
1924 5371 2086 5429 disci-

484 5452 647 5520 pu'os
669 5467 796 5508 suos
826 5452 1049 5522 dicens,
1077 5473 1237 5529 usque
1266 5458 1614 5515 cxaltabitur.

556 5542 716 5598 Feria
742 5562 815 5599 IV.
848 5545 1035 5602 Lectio
1060 5527 1181 5604 libri
1217 5550 1426 5606 Hester.
1462 5552 1517 5605 lu
1549 5551 1738 5608 diebus
1772 5554 1878 5610 illis
1900 5557 2085 5625 oravit

2260 5527 2517 5585 Sabbato.
2552 5529 2737 5586 Lectio
2773 5530 2993 5587 Danihel
3029 5531 3331 5603 prophetae.
3369 5532 3426 5586 In
3453 5533 3651 5591 diebus
3681 5536 3790 5593 illis

479 5633 681 5686 Hester
711 5636 775 5689 ad
812 5636 1097 5693 Dominum
1126 5640 1336 5709 dicens,
1392 5659 1552 5714 usque
1584 5642 1716 5699 hora
1740 5647 2070 5717 canentium,

2242 5640 2297 5688 at
2319 5633 2402 5688 vir
2434 5634 2485 5689 in
2510 5634 2804 5707 Babylone,
2848 5649 3044 5690 nomen
3076 5635 3192 5704 ejus
3222 5633 3500 5702 Joachim,
3535 5654 3697 5708 usque
3726 5638 3784 5695 in

476 5715 707 5778 Domine
745 5725 888 5785 Deus
927 5739 1131 5801 noster.
1186 5732 1537 5821 Evangeltum
1590 5737 1890 5807 secundum
1936 5715 2072 5798 Mar;
2178 5734 2267 5792 die
2292 5735 2780 5811 illa.Evangelium
2812 5738 3111 5797 secundum
3141 5737 3411 5794 Joannem
3437 5757 3559 5825 cap.
3594 5756 3779 5811 Lxm,

2196 5122 2461 5183 ctificatus
2490 5136 2576 5182 est
2605 5128 2659 5183 in
2685 5129 2785 5185 eis.
2819 5128 3179 5199 Evangelium
3201 5130 3496 5188 secundum
3525 5130 3797 5186 Joannem

2194 5238 2312 5295 cap.
2347 5243 2533 5294 χχχιιι,
2564 5228 2726 5285 Jesus
2774 5229 3031 5301 fatigatus
3058 5243 3143 5287 est
3174 5248 3240 5287 ex
3294 5232 3513 5296 itinere,
3562 5230 3797 5289 sedebat

2192 5325 2270 5380 sic
2301 5342 2465 5396 super
2493 5328 2719 5395 fontem,
2754 5348 2913 5400 usque
2938 5331 3061 5400 quia
3115 5330 3201 5385 hic
3248 5342 3333 5386 est
3374 5345 3502 5386 vere
3541 5328 3798 5388 Salvator

2192 5425 2398 5481 mundi.
