4050 6198
175 224 272 286 5M

1536 221 1744 280 LIBER
1780 219 2080 280 CDMI'I‘IS.

3364 226 3474 288 ξος

172 336 418 398 Perrexit
444 336 604 396 Jesus
647 339 702 398 in
733 343 976 396 montem
1004 335 1225 405 Oliveti,
1260 351 1417 408 usque
1449 345 1508 394 et
1535 336 1767 408 amplius
1792 336 1841 396 A
1869 333 2108 390 leonum.
2144 331 2496 404 Evangeliutn
2525 332 2828 394 secundum
2851 334 3118 394 Joannem
3141 353 3263 408 cap.
3299 352 3474 407 xxxv,

167 429 271 500 jam
302 429 416 491 noli
442 445 688 502 peccare.

240 521 518 580 Dominica
547 539 637 580 xx.
673 521 858 580 Lectio
889 521 1147 593 Epistolas
1177 521 1318 577 beati
1350 519 1510 576 Pauli
1533 519 1765 591 apostoli

171 612 236 669 ad
263 615 503 670 Galatas.
539 613 782 681 Fratres,
814 616 1072 685 scripturn
1104 623 1186 673 est
1208 614 1462 686 quoniam
1488 613 1768 674 Abraham

172 705 304 761 duos
327 705 471 762 filios
495 705 705 774 habuit,
728 724 886 778 usque
901 707 1152 764 Christus
1172 723 1271 762 nos
1294 706 1566 764 liberavit.
1595 707 1768 770 Evano

170 799 364 870 gelium
402 799 701 854 secundum
736 799 999 856 Joannem
1049 816 1169 866 cap.
1212 815 1358 862 val,
1410 799 1559 854 Abiit
1606 800 1768 860 Jesus

173 899 316 948 trans
348 906 498 950 mare
529 891 791 959 Galilmae,
824 891 965 961 quod
998 902 1080 948 est
1107 891 1444 957 Tiberiadis,
1492 909 1649 960 usque
1675 893 1766 962 qui

171 990 432 1039 venturus.
455 995 536 1042 est
567 983 622 1038 in
655 983 938 1040 mundum.

239 1076 402 1134 Feria
427 1093 482 1131 ιι.
516 1076 704 1133 Leotio
734 1077 853 1133 libri
890 1078 1114 1151 ltegum.
1147 1077 1204 1134 In
1235 1076 1427 1132 diebus
1457 1075 1564 1132 illis
1596 1091 1761 1136 vene—

170 1177 295 1222 runt
341 1168 462 1223 duae
502 1168 757 1226 mulieres
799 1169 1116 1228 meretrices
1146 1165 1210 1220 ad
1244 1181 1426 1237 regem
1478 1163 1766 1238 Salomon,

166 1275 322 1328 usque
343 1261 409 1316 ad
443 1259 744 1318 faciendum
763 1259 1046 1332 judicium.
1081 1258 1428 1328 Evangeliutn
1459 1256 1765 1322 secundum

162 1353 430 1410 Joannem
456 1369 577 1424 cap.
610 1369 701 1420 xx,
739 1354 915 1424 Prope
947 1361 1063 1406 erat
1093 1351 1298 1405 Pascha
1327 1348 1667 1414 Jttdzcorutn,
1707 1358 1762 1412 et

163 1448 410 1504 ascendit
440 1447 871 1520 Hierosolymam
899 1443 1081 1515 Jesus,
1110 1461 1271 1516 usque
1302 1443 1418 1524 ipse
1449 1444 1592 1504 enim
1625 1443 1763 1508 scie-

163 1541 254 1597 bat
272 1541 400 1611 quid
426 1550 570 1597 esset
596 1540 651 1594 in
682 1538 920 1595 homine.

231 1633 390 1690 Feria
420 1650 496 1689 ιιι.
535 1633 725 1689 Lectio
765 1633 887 1689 libri
918 1630 1110 1688 Exodi.
1147 1629 1202 1686 ln
1243 1628 1437 1690 diebus
1468 1628 1578 1694 illis
1608 1627 1760 1690 locu-

1868 427 2168 484 Ambulans
2193 427 2352 484 Jesus
2374 429 2426 482 in
2455 426 2702 494 Galiltea,
2719 444 2879 500 usque
2904 439 3123 502 propter
3149 440 3352 490 metum
3375 431 3472 490 Ju-

1867 521 2131 579 decorum.

1941 614 2102 672 Feria
2125 631 2198 672 IV.
2228 613 2416 674 Lectio
2448 614 2576 676 libri
2596 613 2841 672 Levitici.
2877 613 2936 672 in
2965 615 3157 678 diebus
3183 617 3296 675 illis
3319 619 3467 690 Iocu-

1870 716 1957 761 tns
1996 717 2081 762 est
2122 706 2384 764 Dominus
2422 705 2489 762 ad
2522 706 2767 778 Hoysem
2804 705 3023 775 dicens,
3056 707 3167 778 Ego
3203 708 3464 776 Dominus

1869 800 2015 856 Dens
2046 811 2246 868 vester,
2278 801 2397 860 Non
2446 800 2660 868 facietis
2705 800 2940 867 furtum,
2989 819 3146 870 usque
3192 819 3294 874 ego
3323 807 3468 860 enim

1867 911 1988 954 sum
2018 894 2280 952 Dominus
2331 895 2474 950 Deus
2515 904 2715 950 vester.
2770 895 3118 966 Evatigelitttu
3167 897 3468 952 SCCtllltJUUI

1866 987 2130 1044 Joannem
2163 1002 2285 1056 cap.
2312 1003 2444 1054 xcu,
2472 986 2634 1043 Facta
2659 998 2784 1043 sunt
2807 989 3048 1058 encaenia
3074 989 3129 1046 iu
3153 988 3467 1061 Hierosoly-

1867 1081 1992 1142 mis,
2015 1096 2178 1148 uene
2202 1091 2257 1135 et
2279 1095 2379 1146 ego
2411 1080 2465 1134 in
2497 1090 2669 1149 patre.

1936 1170 2099 1230 Feria
2141 1185 2195 1223 v.
2230 1169 2418 1230 Lectio
2447 1170 2676 1226 Danihel
2718 1171 3015 1244 praphetaz.
3053 1172 3109 1234 in
3138 1171 3330 1234 diebus
3361 1173 3470 1230 illis

1866 1262 2041 1317 oravit
2085 1263 2314 1328 Danihel
2345 1263 2562 1331 dicens,
2591 1279 2754 1334 usque
2801 1280 2966 1334 super
2995 1279 3214 1322 omnem
3245 1274 3467 1328 terram,

1868 1369 2030 1423 usque
2060 1355 2430 1425 unusquisque
2475 1353 2528 1409 in
2577 1354 2803 1418 domum
2848 1371 3024 1412 suam.
3069 1356 3470 1429 tEvangelium)

1864 1445 2166 1516 secundum
2188 1446 2387 1512 Lunam
2416 1461 2536 1518 cap.
2561 1464 2750 1516 Lxxtv,
2776 1447 2834 1504 ln
2862 1448 2952 1504 illo
2976 1457 3222 1519 tempore
3244 1450 3473 1520 rogabat

1863 1539 2074 1609 Jesum,
2099 1556 2259 1612 usque
2283 1539 2473 1602 dilexit
2499 1541 2750 1598 multum.

1937 1633 2096 1698 Feri:
2124 1650 2196 1691 \‘l.
2228 1633 2414 1694 Lectio
2447 1635 2738 1702 llieremite
2769 1635 3070 1707 propheta.
3104 1634 3161 1691 lu
3182 1633 3378 1700 diebus
3398 1634 3470 1694 il-

161 1735 246 1782 tus
269 1735 353 1783 est
383 1726 580 1798 populo
598 1741 696 1781 suo
721 1725 985 1782 Dominus
1010 1726 1153 1780 Deus
1178 1732 1384 1780 noster.
1408 1722 1762 1794 Evangeliutn
1789 1720 1842 1794 Β
1866 1725 1932 1782 lis
1961 1725 2098 1784 dixit
2137 1727 2453 1794 Hieremias,
2504 1727 2754 1794 Domine,
2803 1743 2994 1784 omnes
3022 1729 3113 1799 qui
3148 1736 3204 1782 te
3230 1725 3468 1784 derelin-

160 1820 460 1875 secundum
505 1817 770 1875 Joannem
815 1833 938 1900 cap.
977 1832 1150 1883 Lxxv,
1180 1816 1296 1871 Jam
1328 1815 1415 1873 die
1467 1813 1604 1880 festo
1649 1831 1760 1884 me.

155 1911 348 1967 diante
375 1911 623 1966 ascendit
651 1909 810 1968 Jesus
841 1911 894 1976 in
942 1909 1204 1984 templum
1233 1919 1284 1964 et
1313 1907 1574 1976 docebat,
1603 1925 1763 1980 usque

155 2004 224 2059 de
257 2003 418 2058 turba
453 2003 604 2058 multi
630 2001 982 2058 crediderunt
1005 2003 1056 2056 in
1089 2016 1236 2056 cum.

225 2095 390 2150 Feria
421 2110 495 2149 tv.
523 2094 710 2154 Lectio
741 2093 994 2152 Ezechiel
1025 2093 1331 2167 prophetzn.
1360 2092 1488 2148 Htec
1505 2090 1636 2158 dicit
1659 2091 1765 2154 Dor-

152 2189 341 2243 miuus
375 2187 541 2252 Deus,
587 2186 956 2244 Sanctiﬁcabo
994 2201 1212 2242 nomem
1256 2200 1436 2240 meum
1482 2199 1762 2256 magnum,

153 2300 319 2353 usque
350 2293 404 2337 et
434 2298 533 2355 ego
564 2298 658 2337 ero
691 2282 844 2336 vobis
877 2281 927 2336 in
971 2281 1167 2349 Deum,
1197 2279 1324 2334 dicit
1361 2278 1620 2338 Dominus
1650 2293 1762 2348 οιῃ-

154 2379 434 2447 nipotens.
509 2375 860 2448 Evangelium
933 2373 1231 2430 secundum
1308 2371 1572 2429 Joannem
1639 2387 1760 2441 cap.

159 2487 391 2531 rxxxix.
436 2469 766 2525 Prteteriens
796 2469 955 2525 Jesus
996 2468 1130 2524 vidit
1178 2468 1455 2524 hominem
1487 2481 1692 2538 cmcum
1734 2483 1767 2536 α

156 2563 464 2628 nativitale,
497 2579 654 2632 usque
684 2573 738 2618 et
771 2561 1052 2632 procidens
1075 2560 1322 2616 adoravit
1351 2576 1499 2616 eum.
1537 2570 1550 2622 ξ

229 2656 391 2712 Feria
423 2673 475 2710 v.
520 2654 703 2711 Lectio
731 2655 852 2710 libri
889 2653 1116 2726 Regum.
1155 2653 1208 2706 lii
1248 2653 1442 2709 diebus
1473 2649 1582 2712 illis
1615 2652 1768 2718 venit

152 2748 362 2802 mulier
393 2747 704 2802 Sunamites
728 2745 795 2800 ad
823 2746 1077 2818 Eliszeum
1103 2748 1153 2799 in
1189 2758 1453 2812 montem,
1487 2763 1646 2817 usque
1677 2761 1764 2814 req

157 2855 364 2896 versus
393 2850 476 2895 est
519 2839 570 2894 in
603 2837 848 2910 Galgala.
891 2839 1240 2910 Evangelium
1274 2837 1572 2894 secundum
1601 2839 1766 2898 Joan-

152 2950 286 2988 nem
319 2947 440 3003 cap.
477 2949 573 3000 xL,
632 2931 777 2987 Dixit
803 2930 961 2988 Jesus
1013 2932 1185 2987 turbis
1232 2930 1568 2997 Judteornm,
1604 2931 1766 2992 Pater

150 3040 322 3079 meus
349 3040 518 3094 usque
565 3024 723 3079 modo
750 3035 1029 3094 operatur,
1068 3034 1123 3079 et
1149 3038 1250 3094 ego
1272 3039 1491 3094 operor,
1523 3041 1682 3095 usque
1714 3024 1766 3080 in

153 3129 442 3174 resurreCI
458 3120 636 3172 ioncm
663 3115 874 3186 judicii.

228 3211 401 3266 Feria
428 3227 499 3268 vt.
538 3209 724 3268 Lectio
748 3209 872 3264 libri
897 3207 1127 3280 Regum.
1162 3207 1220 3264 ln
1246 3207 1440 3264 diebus
1467 3206 1572 3264 illis
1601 3223 1772 3280 (egro-

147 3304 300 3358 lavit
328 3301 471 3357 ﬁlius
505 3301 747 3356 mulieris
773 3305 960 3356 matris
1003 3299 1240 3367 familia),
1276 3317 1432 3369 usque
1459 3309 1517 3356 et
1545 3301 1770 3362 verbum

146 3395 390 3451 Doniini
415 3395 467 3448 in
499 3409 598 3450 ore
627 3401 716 3448 tuo
740 3409 926 3449 verum
957 3403 1058 3448 est.
1095 3393 1445 3465 Evangeliutn
1471 3390 1771 3448 secundum

140 3491 167 3546 J
198 3504 446 3545 iannem
480 3504 604 3559 cap.
639 3503 784 3553 XCIV,
817 3488 948 3543 Erat
976 3487 1192 3560 quidam
1227 3487 1488 3559 languens
1517 3485 1774 3554 Lazarus,

144 3596 334 3652 usque
361 3577 714 3638 crediderunt
746 3576 795 3631 in
828 3592 972 3648 eum.
1339 3565 1342 3570 ’

222 3671 502 3732 Sabbato.
553 3667 743 3724 Lectio
787 3669 962 3724 Esaia:
1000 3669 1300 3746 prOpheIm.
1351 3666 1476 3732 Haec
1507 3667 1640 3724 dixit
1670 3666 1776 3742 Do-

145 3766 375 3827 minus,
404 3760 458 3816 ln
493 3771 736 3831 tempore
761 3760 958 3830 placito
986 3760 1233 3816 exaudivi
1261 3767 1338 3826 te,
1373 3776 1532 3830 usque
1553 3775 1658 3814 non
1684 3759 1779 3815 ob-

141 3859 394 3915 liviscar
415 3871 500 3924 ea,
529 3855 664 3912 dixit
698 3855 958 3910 Dominus
980 3856 1346 3924 omnipotens.

227 3950 388 4006 Alia.
423 3947 608 4004 Lectio
657 3946 834 4002 Esaiae
867 3947 1164 4016 prophetae.
1199 3943 1329 3999 llmc
1359 3944 1490 3998 dicit
1521 3943 1781 4008 Dominus

142 4047 341 4106 Deus,
378 4042 580 4097 Omnes
609 4023 1070 4096 sitientesvenite
1101 4040 1166 4093 ad
1198 4053 1366 4110 aquas
1390 4081 1404 4105 ,
1449 4054 1609 4109 usque
1635 4035 1779 4108 quod

142 4135 496 4210 egredietur
523 4132 590 4189 de
619 4146 715 4188 ore
749 4146 901 4197 meo,
935 4131 1068 4186 dixit
1106 4131 1366 4194 Dominus
1414 4130 1779 4199 omnipotens.

141 4227 540 4298 Evangelium
573 4223 873 4280 secundum
925 4225 1187 4290 Joannem
1213 4237 1331 4294 cap.
1385 4237 1608 4288 Lxxxvr,
1641 4221 1783 4275 Dixit

140 4325 331 4381 Jesus
371 4322 546 4376 turbis
573 4318 907 4384 Judteorum,
946 4319 1057 4389 Ego
1099 4333 1218 4372 sum
1248 4317 1336 4372 lux
1382 4315 1592 4382 mundi,
1627 4332 1785 4387 usque

143 4417 290 4494 quia
326 4415 566 4481 necdum
599 4424 820 4470 venerat
854 4414 983 4474 hora
1016 4413 1152 4485 ejus.

1868 1825 2043 1890 qunnt
2063 1818 2482 1886 confundentur,
2507 1838 2663 1893 usque
2686 1830 2911 1878 contere
2939 1835 3056 1886 eos,
3075 1821 3306 1876 Domine
3326 1819 3470 1876 Deus

1867 1919 2076 1965 noster.
2116 1909 2472 1985 Evangelium
2521 1912 2826 1968 secundum
2865 1910 3130 1967 Joannem
3167 1927 3287 1982 cap.
3320 1927 3464 1976 xciv,

1867 2003 2218 2070 Cnllegerunt
2257 2003 2540 2073 pontifices
2575 2012 2631 2060 et
2660 2003 2912 2074 pharisa-i
2940 2004 3268 2072 concilium,
3310 2021 3471 2076 usque

1869 2111 1993 2154 cum
2016 2096 2298 2168 discipulis
2326 2097 2463 2162 suis.

1939 2188 2198 2245 Sabbato.
2261 2187 2620 2262 Eleemosyna
2689 2187 2868 2250 datur.
2922 2186 3112 2246 Lectio
3189 2185 3476 2252 llieremim

1871 2281 2171 2358 propheta}.
2201 2282 2260 2342 In
2289 2281 2488 2348 diebus
2514 2281 2617 2336 illis
2639 2279 2899 2352 dixerunt
2929 2279 3084 2354 impii
3106 2279 3276 2336 Judzri
3305 2279 3370 2332 ad
3396 2280 3477 2334 itt-

1870 2377 2068 2446 vicem,
2108 2392 2269 2444 asque
2306 2375 2358 2430 in
2405 2382 2651 2446 tempore
2694 2373 2890 2440 luroris
2924 2373 3024 2440 tui,
3080 2371 3303 2446 Domine
3330 2371 3476 2432 Deus

1871 2485 2043 2525 meus.
2088 2469 2437 2540 Evangelium
2484 2468 2784 2538 secundum
2832 2467 3094 2536 Joannem
3146 2481 3262 2534 cap.
3318 2481 3474 2536 cavi,

1872 2563 2012 2624 Dixit
2041 2564 2202 2624 Jesus
2230 2563 2514 2634 discipulis
2543 2561 2657 2617 suis
2676 2603 2690 2628 ,
2727 2562 2920 2628 Anien,
2957 2575 3115 2618 amen
3143 2561 3268 2614 dico
3299 2558 3468 2633 vobis,

1869 2655 1984 2714 Nisi
2015 2655 2476 2720 manducaveritis
2506 2669 2725 2710 carnem
2757 2653 2852 2710 ﬁlii
2882 2654 3138 2716 hominis,
3176 2667 3335 2724 usque
3360 2659 3478 2710 ira:

1869 2749 2084 2803 diturus
2105 2763 2227 2804 eum
2259 2763 2381 2804 cum
2410 2745 2603 2819 (esset)
2633 2761 2772 2800 unus
2802 2761 2866 2800 ex
2897 2744 3204 2800 duodecim.

1943 2839 2222 2896 Dominica
2266 2839 2318 2893 iti
2351 2838 2580 2909 palmas.
2615 2837 2825 2906 (Lectio
2851 2835 3100 2908 epistola:
3135 2833 3276 2896 beati
3318 2831 3469 2900 Pauli

1870 2933 2104 3006 apostoli
2127 2933 2195 2998 ad
2225 2932 2648 3004 Philippenses.)
2679 2929 2922 2995 Fratres,
2955 2929 3068 2984 lloc
3097 2929 3246 2984 enim
3277 2927 3478 2988 sentite

1874 3027 1926 3083 in
1955 3027 2108 3082 vobis
2130 3027 2269 3095 quod
2300 3035 2354 3082 et
2382 3027 2433 3080 in
2468 3025 2685 3080 Christo
2705 3024 2855 3088 Jesu,
2887 3023 3186 3092 usquequii
3214 3022 3476 3078 Dominus

1799 3103 1846 3168 (ἶ
1877 3119 2038 3177 Jesus
2080 3120 2330 3174 Christus
2374 3117 2426 3174 in
2470 3118 2641 3190 gloria
2672 3126 2756 3172 est
2797 3116 2893 3172 Dei
2927 3114 3123 3170 Patris.
3158 3112 3346 3168 Pttrbio
3376 3111 3478 3178 Do-

1877 3214 2005 3272 mini
2039 3215 2210 3270 nostri
2239 3212 2368 3270 Jesu
2398 3211 2600 3268 Christi
2652 3209 2953 3268 secundum
3007 3204 3320 3266 Matthmum
3353 3217 3474 3272 cap.

1876 3321 2125 3370 ccuxtv,
2161 3305 2299 3359 Dixit
2327 3303 2487 3360 Jesus
2522 3301 2802 3372 discipulis
2836 3301 2971 3367 suis,
3005 3297 3170 3360 Scitis
3197 3295 3328 3364 quia
3359 3304 3481 3363 post

1879 3397 2098 3460 biduum
2127 3396 2332 3460 Pascha
2371 3397 2486 3464 fiet,
2518 3405 2573 3449 et
2597 3393 2741 3452 iilius
2773 3389 3031 3457 hominis,
3063 3403 3224 3458 usque
3256 3388 3476 3466 signan-

1882 3501 1962 3546 tes
1990 3490 2226 3562 lapidein
2256 3503 2378 3546 cum
2404 3485 2754 3556 custodibus.
3465 3537 3468 3542 .

1952 3584 2110 3649 Furia
2165 3599 2225 3636 ιι.
2263 3580 2448 3636 Lectio
2501 3579 2679 3648 Esaiae
2712 3575 3010 3648 prophetae.
3069 3574 3126 3628 In
3153 3571 3345 3650 diebus
3376 3571 3482 3644 illis

1880 3675 2018 3744 dixit
2046 3674 2254 3746 Esaias.
2282 3672 2548 3744 Dominus
2569 3671 2715 3734 Deus
2736 3668 2947 3748 aperuit
2987 3667 3120 3734 mihi
3147 3682 3360 3740 aurem,
3394 3683 3480 3726 us-

1881 3787 1977 3839 que
2003 3779 2057 3825 et
2090 3769 2372 3822 imitantur
2400 3767 2450 3821 in
2479 3765 2714 3822 Domino.
2735 3764 2848 3822 Deo
2879 3777 3000 3822 suo.
3024 3761 3376 3833 Evangelium
3399 3777 3486 3830 se-

1883 3861 2120 3928 cundum
2148 3860 2412 3930 Joannem
2437 3874 2560 3930 cap.
2595 3873 2777 3925 xcvnt,
2817 3856 2960 3916 Ante
2989 3869 3081 3912 sex
3112 3853 3229 3916 dies
3261 3854 3486 3924 Pascha:

1887 3956 2037 4010 venit
2062 3952 2222 4014 Jesus
2256 3951 2594 4018 Bethaniam,
2627 3950 2719 4004 ubi
2744 3949 2983 4006 Lazarus
3010 3950 3183 4008 luerat
3215 3958 3486 4012 mortuus,

1886 4063 2044 4117 usque
2074 4056 2128 4100 ut
2157 4046 2482 4102 clarilicetnr
2505 4044 2644 4108 lilins
2674 4042 2930 4098 hominis.

1961 4142 2120 4210 Feria
2149 4156 2227 4204 nt.
2258 4139 2440 4194 Lectio
2469 4137 2759 4206 ilict-emite
2789 4137 3088 4210 prophelm.
3123 4133 3180 4190 In
3209 4131 3401 4200 diebus
3424 4132 3490 4186 il-

1891 4237 1957 4300 lis
1985 4237 2124 4298 dixit
2173 4236 2496 4310 lliercmias,
2544 4233 2792 4304 Domine,
2823 4229 3209 4303 deuinnstraSIi
3239 4225 3400 4296 mihi,
3436 4235 3492 4281 et

1889 4330 2145 4402 cognovi,
2179 4346 2338 4401 usque
2372 4328 2466 4386 tibi
2494 4327 2641 4396 enim
2683 4324 2862 4400 revela
2885 4338 3106 4392 causam
3147 4334 3344 4388 meam,
3380 4317 3491 4374 Do-

1894 4424 2040 4492 mine
2071 4423 2214 4488 Deus
2240 4436 2414 4490 meus.
2463 4420 2600 4478 item
2626 4418 2768 4484 Alia.
2803 4417 2986 4478 Lectio
3014 4415 3139 4474 libri
3169 4411 3486 4488 sapientia}.

225 4510 540 4566 Dominica
563 4525 594 4563 v
619 4509 670 4565 in
690 4509 1132 4579 Quadragesima.
1155 4505 1340 4562 Lectio
1359 4505 1616 4578 Epistoltn
1642 4506 1784 4562 beati
1820 4499 1870 4570 ι)
1898 4515 1953 4570 in
1977 4515 2172 4582 dignus
2197 4513 2300 4572 iui.-
2324 4514 2578 4580 dixcrnnt
2599 4511 2749 4582 impii
2776 4509 2950 4578 Judcci
2977 4506 3117 4580 apud
3145 4504 3492 4578 semetipsos.

147 4605 321 4660 Pauli
362 4602 600 4672 apostoli
639 4603 704 4656 ad
743 4603 1021 4656 llebrmos.
1053 4599 1300 4666 Fratres,
1339 4601 1588 4666 Christus
1619 4600 1786 4656 assis-

149 4709 289 4753 tens
323 4693 624 4763 Pontifex,
671 4711 832 4766 usque
861 4705 1081 4762 a-terntc
1130 4693 1454 4760 htereditatis
1485 4694 1536 4747 in
1568 4693 1788 4749 Christo

147 4791 298 4848 Jesu
329 4787 574 4843 Domino
599 4795 806 4843 nostro.
839 4787 1185 4856 Evangelium
1207 4785 1503 4840 secundum
1525 4785 1788 4852 Joannem

146 4900 287 4956 Cap.
315 4895 562 4950 Lxxxtx,
596 4880 817 4935 Dicebat
845 4879 1006 4936 Jesus
1030 4879 1199 4932 turbis
1225 4877 1539 4932 Jutlreorum
1572 4887 1622 4933 et
1643 4877 1792 4948 prin-

150 4978 410 5048 cipibus
439 4973 804 5041 sacerdotum,
827 4973 959 5044 Quis
987 4989 1052 5030 ex
1071 4973 1222 5028 vobis
1249 4981 1441 5044 arguet
1472 4987 1558 5027 me
1586 4972 1651 5028 de
1675 4987 1798 5044 pec-

149 5080 321 5136 cato,
359 5083 526 5134 usque
554 5077 607 5122 et
636 5068 806 5124 exivit
834 5065 903 5122 de
929 5065 1156 5134 templo.

235 5159 431 5218 Feria
453 5147 524 5212 ἰι.
555 5159 739 5214 Lectio
761 5159 912 5214 Jona:
943 5157 1240 5229 prephetm.
1269 5156 1323 5211 ln
1345 5155 1535 5211 diebus
1557 5154 1664 5212 illis
1695 5155 1802 5210 fac-

153 5269 284 5311 tum
327 5259 431 5306 est
460 5251 684 5305 verbum
715 5250 929 5322 Domini
953 5237 1039 5304 .ad
1070 5250 1260 5305 Jonam
1285 5292 1297 5315 ,
1333 5265 1490 5314 usque
1522 5258 1575 5304 et
1609 5248 1801 5304 miser-

157 5359 259 5402 tus
296 5349 408 5399 est
441 5341 640 5411 pepulo
685 5356 785 5397 suo
820 5343 1082 5398 Dominus
1114 5342 1256 5396 Deus
1315 5349 1522 5395 noster.
1556 5341 1802 5412 Evange-

154 5443 313 5497 lium
351 5433 667 5492 secundum
698 5435 961 5492 Joannem
990 5451 1111 5506 cap.
1147 5450 1330 5504 Lxxtx,
1357 5435 1620 5490 Miserum
1663 5436 1809 5506 prin-

154 5535 344 5604 cipes
381 5536 448 5583 et
479 5527 730 5598 phariszei
767 5529 1066 5593 ministros,
1094 5545 1250 5602 usque
1271 5526 1557 5583 credentes
1580 5529 1632 5582 in
1661 5543 1808 5582 eum.

1895 4625 2052 4680 usque
2080 4608 2388 4668 animarum
2425 4620 2645 4676 suarum
2678 4601 2809 4676 dicit
2834 4601 3098 4666 Dominus
3127 4597 3490 4670 omnipotens.

1897 4702 2250 4771 Evangelium
2278 4699 2572 4755 secundum
2602 4697 2866 4751 Joannem
2889 4708 3011 4762 cap.
3044 4705 3149 4754 etv,
3175 4688 3314 4744 Dixit
3337 4687 3496 4752 Jesus

1896 4795 2180 4876 discipulis
2205 4793 2340 4862 suis,
2371 4791 2569 4859 Attico.
2590 4804 2750 4856 amco
2782 4785 2906 4854 dico
2928 4782 3098 4852 vobo.
3125 4779 3236 4850 Nisi
3265 4793 3492 4876 granum

1900 4871 2156 4954 irttmeuti
2181 4883 2386 4956 cadens
2415 4884 2466 4940 in
2493 4890 2660 4948 terra,
2688 4895 2844 4950 usque
2875 4876 3184 4936 tlilexemut
3204 4871 3349 4936 enim
3381 4871 3495 4942 glo-

1904 4979 2039 5032 riam
2085 4977 2363 5029 hominum
2396 4973 2569 5042 magis
2599 4985 2758 5040 quam
2794 4968 3024 5039 gloriam
3055 4966 3168 5020 Dei.

1976 5068 2129 5132 Feria
2163 5083 2240 5142 iv.
2269 5065 2456 5124 Lectio
2505 5063 2679 5138 Esaiae
2726 5060 3029 5132 prophetae.
3062 5057 3186 5112 llaec
3216 5055 3345 5124 dicit
3389 5056 3496 5109 Do-

1907 5161 2084 5230 minus
2132 5159 2298 5226 Deus,
2340 5156 2512 5230 Dicite
2563 5154 2688 5218 tiliae
2721 5153 2887 5232 Sion,
2918 5152 3052 5208 Ecce
3099 5149 3346 5216 Salvator
3380 5157 3501 5202 tuus

1907 5255 2074 5326 venit,
2100 5269 2255 5324 usque
2290 5266 2456 5323 super
2486 5251 2665 5312 omnia
2707 5262 2826 5326 qua:
2857 5244 3089 5300 reddidit
3124 5243 3280 5296 nobis
3315 5237 3500 5294 Domi-

1911 5321 2185 5412 nus-Deus
2215 5321 2417 5400 uoster.
2479 5341 2610 5396 Item
2661 5321 2844 5395 Lectio
2898 5337 3069 5392 Esaiae
3113 5334 3410 5405 propheta).
3446 5329 3502 5383 ln

1911 5441 2100 5496 diebus
2130 5437 2256 5505 illis,
2281 5433 2416 5489 dixit
2443 5433 2650 5502 Esaias,
2675 5430 2916 5500 Domine,
2945 5429 3066 5499 quis
3097 5424 3328 5482 credidit
3359 5420 3511 5478 audio

1916 5533 1988 5586 tui
2021 5540 2234 5594 llOsll‘O,
2267 5542 2425 5597 usque
2448 5536 2504 5578 ut
2536 5540 2640 5577 non
2666 5523 2922 5594 perirent,
2950 5520 3079 5574 dicit
3110 5517 3370 5571 Dominus
3396 5530 3509 5570 om-

235 5622 544 5682 Feriam.
581 5621 765 5678 Lectio
796 5621 1016 5677 Danihel
1053 5621 1355 5694 prophetae.
1387 5618 1444 5675 In
1476 5620 1670 5677 diebus
1705 5623 1816 5677 illis
1915 5626 2185 5692 nipotcns.
2223 5619 2410 5674 Passio
2452 5616 2664 5672 Domini
2706 5615 2876 5686 neSIri
2916 5612 3048 5669 Jesu
3085 5609 3290 5672 Christi
3316 5620 3508 5664 secun-

151 5715 519 5789 congregati
551 5724 677 5770 sunt
708 5714 988 5784 Babylonii
1040 5713 1106 5768 ad
1151 5727 1330 5782 regem
1353 5753 1366 5780 ,
1398 5728 1556 5780 usque
1598 5713 1666 5770 de
1697 5715 1813 5769 lacu

1919 5717 2044 5770 dum
2091 5713 2285 5767 Lucani
2327 5726 2448 5782 cap.
2481 5725 2640 5774 cccx,
2675 5707 3155 5779 Appropintptabat
3185 5715 3364 5760 autem
3405 5700 3524 5757 dies
