4048 6348
503 311 614 374 503

1552 300 1613 359 S.
1657 296 2052 358 HlERONYMI
2088 286 2369 356 OPERUM
2407 289 2773 353 MANTISSA.

3718 284 3819 347 501

495 428 673 485 festus
702 435 1020 500 azymorum
1050 420 1144 493 qui
1185 415 1385 477 dicitur
1410 414 1642 486 Pascha,
1671 432 1829 489 usque
1852 416 2090 473 nondum
2118 418 2175 478 Α
2268 412 2547 470 Dominica
2566 418 2775 467 sancta.
2794 409 2874 468 Ad
2896 413 3139 467 sanctam
3161 407 3407 467 Mariam.
3437 406 3630 467 Lectio
3656 410 3812 481 epist.

500 523 789 595 quisquam
820 520 1030 593 positus
1061 514 1260 570 fuerat.

575 613 739 669 Feria
761 627 811 665 ν.
848 608 993 665 Cena
1021 603 1259 661 Domini.
1290 602 1477 659 Lectio
1497 600 1755 673 Epistolas
1788 600 1931 657 beati
1953 600 2105 656 Pauli

503 704 735 778 apostoli
773 701 841 756 ad
875 698 1214 756 Corinthios.
1269 696 1523 763 Fratres,
1576 691 1923 750 venientibus
1952 693 2107 748 vobis

503 799 563 854 in
593 809 779 861 unum,
814 808 975 863 usque
994 797 1186 847 utnon
1214 802 1338 845 cum
1366 788 1471 843 hoc
1515 783 1722 841 mundo
1749 782 2105 841 damnemini.

506 885 871 958 Evangelium
914 882 1216 941 secundum
1248 879 1513 937 Joannem
1552 891 1676 949 cap.
1734 891 1865 948 exn,
1923 877 1982 932 In
2013 876 2109 932 illo

500 996 748 1056 tempore
777 990 905 1039 ante
950 980 1099 1037 diem
1146 978 1346 1034 festum
1375 973 1623 1042 Paschaa,
1654 988 1816 1045 usque
1851 971 2112 1029 continuo

504 1075 828 1134 clariﬁcabit
855 1089 1002 1131 eum.

522 1164 527 1169 ’
580 1171 740 1226 Feria
770 1184 843 1224 vr.
878 1166 961 1223 Ad
1000 1163 1364 1222 Hierusalem.
1403 1161 1593 1217 Lectio
1620 1160 1778 1217 Oscae
1806 1157 2109 1231 prophetae.

505 1262 638 1319 Haec
667 1261 800 1317 dicit
832 1259 1094 1316 Dominus
1145 1258 1291 1313 Deus
1331 1254 1385 1311 in
1432 1253 1782 1309 tribulatione
1808 1268 1929 1319 sua,
1957 1266 2116 1322 usque

502 1356 791 1427 plusquam
807 1353 1211 1410 holocaustum.
1234 1347 1334 1404 Ubi
1374 1362 1556 1416 supra.
1572 1344 1759 1402 Lectio
1775 1344 1900 1400 libri
1918 1342 2113 1399 Exodi.

506 1449 568 1505 In
597 1449 788 1505 diebus
816 1447 928 1502 illis
956 1445 1095 1501 dixit
1123 1442 1385 1499 Dominus
1411 1439 1479 1495 ad
1511 1438 1735 1510 Moysen
1765 1444 1821 1494 et
1847 1436 2029 1492 Aaron
2060 1435 2118 1492 in

506 1550 671 1613 terra
691 1539 935 1612 Egypti,
962 1554 1120 1607 usque
1142 1545 1226 1592 est
1253 1534 1398 1590 enim
1425 1532 1615 1604 phase,
1648 1531 1703 1587 id
1729 1540 1834 1598 est,
1858 1530 2120 1585 transitus

509 1632 754 1689 Domini.
785 1632 973 1687 Passio
1001 1628 1297 1685 secundum
1319 1626 1586 1683 Joannem
1612 1637 1734 1694 cap.
1765 1635 1908 1690 cur,
1937 1621 1995 1676 ln
2024 1620 2119 1677 illo

511 1735 762 1800 tempore
793 1739 1045 1797 egressus
1075 1732 1157 1779 est
1181 1722 1340 1779 Jesus
1374 1728 1526 1775 trans
1556 1724 1852 1774 torrentem
1879 1713 2117 1781 Cedron,

2210 510 2271 564 Β.
2304 506 2455 562 Pauli
2485 506 2717 576 apostoli
2750 504 2816 559 ad
2845 504 3181 560 Corinthios.
3222 504 3484 571 Fratres,
3519 513 3815 575 expurgate

2209 611 2363 657 vetus
2394 601 2748 670 fermentum,
2776 615 2934 669 usque
2955 608 3007 654 et
3029 596 3301 653 veritatis.
3332 597 3694 668 Evangelium
3729 610 3813 651 se-

2209 695 2446 753 cundum
2472 694 2638 749 Marc.
2668 708 2718 749 c.
2753 709 2889 763 xxx,
2919 692 3085 747 Maria
3114 692 3436 763 Magdalcne
3463 703 3518 750 et
3538 693 3712 751 Maria
3735 695 3821 751 Ja-

2212 790 2334 846 cobi
2371 799 2426 845 et
2453 787 2669 845 Salomc
2696 828 2711 855 ,
2744 803 2904 859 usque
2944 785 3022 842 ibi
3046 800 3169 842 eum
3207 786 3463 843 videbitis
3501 787 3645 844 sicut
3690 788 3823 846 dixit

2212 881 2393 938 vobis.

2286 976 2443 1033 Feria
2479 991 2538 1031 ll.
2580 974 2773 1032 Lectio
2812 975 3043 1031 Actuum
3090 975 3486 1045 apostolorum.
3530 977 3587 1033 In
3630 977 3819 1035 diebus

2216 1070 2325 1126 illis
2354 1076 2508 1125 stans
2532 1069 2730 1125 Petrus
2760 1069 2812 1123 in
2840 1069 3020 1124 medio
3048 1068 3226 1139 plebis
3255 1068 3417 1137 dixit,
3451 1068 3568 1125 Viri
3597 1069 3813 1137 fratres,

2214 1177 2312 1220 vos
2350 1165 2500 1219 scitis
2542 1163 2685 1235 quod
2734 1164 2936 1220 factum
2984 1170 3088 1232 est,
3142 1179 3304 1234 usque
3334 1165 3426 1236 qui
3474 1164 3706 1221 credunt
3759 1167 3812 1223 in

2214 1270 2362 1312 eum.
2387 1254 2746 1325 Evangelium
2771 1254 3074 1310 secundum
3104 1255 3304 1311 Lucam
3331 1256 3478 1328 (cap.
3510 1259 3817 1329 cccxxxrx),

2219 1347 2497 1403 Exeuntes
2527 1347 2634 1403 duo
2683 1364 2751 1402 ex
2789 1348 3071 1419 discipulis
3098 1348 3262 1405 Jesus
3293 1346 3448 1405 ibant
3479 1351 3596 1422 ipsa
3639 1352 3731 1408 die
3772 1352 3827 1408 in

2221 1441 2531 1509 castellum,
2559 1458 2718 1512 usque
2738 1451 3117 1513 cognoverunt
3140 1458 3264 1498 eum
3285 1443 3339 1498 in
3362 1443 3626 1501 fractione
3651 1447 3826 1516 panis.

2292 1532 2565 1590 Feriam.
2596 1533 2784 1590 Lectio
2825 1536 3056 1591 Actuum
3094 1536 3484 1608 apostolorum.
3527 1537 3582 1592 In
3628 1538 3829 1594 diebus

2222 1626 2331 1682 illis
2359 1640 2591 1697 surgens
2617 1626 2821 1682 Paulus
2848 1637 2904 1682 et
2934 1643 3099 1682 manu
3129 1628 3411 1685 silentium
3440 1628 3692 1685 indicens
3720 1629 3829 1697 ait,

2225 1735 2386 1793 usque
2414 1719 2751 1775 resuscitans
2783 1719 2966 1776 Jesum
2993 1720 3297 1775 Christum.
3341 1720 3701 1792 Evangeiium
3746 1736 3835 1777 se-

511 1835 678 1890 usque
706 1819 830 1891 quia
873 1817 1027 1889 juxta
1058 1824 1175 1872 erat
1220 1818 1637 1870 monumentum
1679 1808 1775 1866 ubi
1819 1814 2117 1880 posuerunt
2143 1808 2195 1873 B
2222 1813 2458 1869 cundum
2488 1812 2692 1869 Lucam
2719 1828 2840 1884 cap.
2873 1829 3071 1881 cccxs,
3100 1813 3260 1869 Stetit
3285 1814 3443 1870 Jesus
3470 1815 3523 1871 in
3552 1814 3732 1870 medio
3753 1815 3838 1869 di-

513 1912 722 1971 Jesum.

594 2004 868 2074 Incipiunt
898 2003 1141 2058 lectiones
1166 2001 1229 2055 de
1256 1997 1434 2073 vigilia
1467 1995 1712 2054 Paschat.

581 2114 624 2154 ι.
647 2098 836 2154 Lectio
866 2096 992 2152 libri
1022 2094 1323 2151 Geneseos.
1348 2092 1407 2148 ln
1447 2089 1721 2163 principio
1744 2086 1952 2143 creavit
1977 2087 2124 2144 Deus

514 2191 715 2250 coelum
740 2200 794 2248 et
826 2199 1048 2259 terram,
1083 2204 1243 2259 usque
1276 2193 1332 2243 et
1366 2180 1635 2257 requievit
1667 2182 1757 2240 die
1787 2183 2027 2257 septimo
2055 2185 2126 2242 ab

516 2288 779 2343 universo
808 2298 976 2354 opere
1005 2296 1106 2339 suo
1134 2279 1281 2351 quod
1306 2284 1570 2351 patrarat.

588 2396 652 2436 ιι.
698 2378 800 2434 Ubi
846 2394 1027 2450 supra.
1073 2374 1263 2433 Lectio
1308 2371 1433 2427 libri
1483 2368 1784 2425 Geneseos.
1829 2368 1947 2426 Noe
1997 2386 2131 2429 vero

518 2487 643 2529 cum
681 2470 1108 2542 quingentorum
1156 2472 1305 2521 esset
1346 2475 1639 2527 annorum,
1668 2475 1830 2532 usque
1868 2460 2129 2521 odoratus

521 2572 609 2624 est
637 2564 908 2620 Dominus
935 2560 1159 2617 odorem
1191 2554 1496 2613 suavitatis.

594 2670 676 2713 ιιι.
726 2655 828 2712 Ubi
861 2669 1043 2727 supra.
1090 2648 1280 2708 Lectio
1320 2646 1449 2703 libri
1492 2645 1791 2703 Geneseos.
1839 2644 1899 2702 In
1940 2645 2133 2703 diebus

520 2750 637 2807 illis
664 2746 896 2803 tentavit
923 2746 1068 2801 Deus
1094 2741 1394 2808 Abraham,
1427 2746 1486 2795 et
1509 2738 1647 2794 dixit
1676 2737 1745 2794 ad
1774 2753 1897 2795 eum
1927 2779 1942 2807 ,
1974 2754 2136 2812 usque

526 2840 891 2909 abieruntque
913 2834 1187 2893 Bersabee
1218 2831 1382 2887 simul
1411 2839 1467 2887 et
1492 2829 1760 2887 habitavit
1787 2829 1881 2886 ibi.

597 2945 677 2987 ιν.
706 2929 898 2985 Lectio
926 2928 1051 2983 libri
1076 2924 1272 2982 Exodi.
1296 2922 1355 2979 ln
1383 2921 1576 2979 diebus
1605 2920 1714 2977 illis
1743 2921 1944 2978 factum
1973 2929 2060 2979 est
2080 2922 2137 2981 in

528 3020 717 3094 vigilia
757 3018 1024 3076 matutina
1047 3058 1063 3087 ,
1095 3031 1253 3088 usque
1285 3028 1507 3072 carmen
1535 3011 1640 3070 hoc
1668 3010 1920 3070 Domino.
1961 3009 2135 3071 Csar.

533 3113 830 3173 Cantemus
857 3111 1111 3168 Domino.

2226 1908 2560 1980 scipulorum
2590 1921 2814 1964 suorum
2845 1916 2902 1964 et
2930 1908 3065 1964 dixit
3095 1908 3200 1974 eis,
3232 1909 3343 1965 Pax
3367 1908 3525 1964 vobis
3550 1952 3567 1978 ,
3599 1924 3754 1981 usque
3782 1915 3838 1965 ct

2226 2001 2612 2059 remissionem
2641 2012 2991 2072 peccatorum
3025 2003 3077 2056 in
3110 2017 3302 2059 omnes
3333 2010 3550 2074 gentes.

2296 2094 2460 2150 Feria
2487 2109 2568 2149 1v.
2598 2094 2811 2164 (Lectio
2832 2098 3067 2150 Actuum
3096 2091 3523 2166 apostolorum.)
3554 2093 3615 2148 In
3642 2091 3833 2149 diebus

2228 2187 2338 2244 illis
2360 2189 2619 2257 aperiens
2642 2188 2834 2243 Petrus
2858 2205 2919 2243 os
2944 2203 3102 2244 suum
3128 2188 3285 2255 dixit,
3315 2187 3431 2243 Viri
3458 2185 3762 2242 Israhelitae
3781 2195 3837 2241 et

2231 2280 2320 2352 qui
2338 2280 2542 2336 timetis
2564 2280 2757 2345 Deum,
2782 2280 2987 2350 audite,
3015 2297 3173 2351 usque
3197 2279 3487 2335 deleantur
3508 2285 3687 2334 vestra
3713 2291 3833 2347 pec-

2232 2382 2376 2429 cata.
2421 2373 2772 2444 Evangelium
2818 2372 3115 2429 secundum
3165 2372 3431 2428 Joannem
3476 2386 3597 2442 cap.
3652 2386 3831 2437 ccxrx,

2233 2466 2606 2523 Manifestavit
2637 2481 2697 2522 se
2722 2466 2884 2522 Jesus
2908 2464 2977 2520 ad
2998 2480 3149 2522 mare
3171 2464 3513 2537 Tyberiadis,
3538 2480 3698 2535 usque
3720 2476 3844 2518 cum

2233 2560 2631 2616 resurrexisset
2658 2574 2687 2613 a
2717 2560 2970 2615 mortuis.

2307 2651 2468 2708 Feria
2508 2667 2561 2706 v.
2607 2651 2796 2706 Lectio
2828 2654 3063 2707 Actuum
3104 2651 3510 2723 apostolorum.
3553 2649 3613 2704 ln
3653 2648 3847 2705 diebus

2238 2743 2350 2801 illis
2372 2744 2600 2816 angelus
2623 2745 2836 2801 Domini
2860 2745 3071 2801 locutus
3093 2754 3178 2802 est
3202 2746 3267 2800 ad
3294 2744 3609 2815 Philippum
3638 2743 3843 2810 dicens,

2240 2837 2436 2910 Surge,
2458 2837 2595 2894 vade
2614 2846 2804 2893 contra
2834 2839 3220 2906 meridianum,
3255 2855 3417 2911 usque
3444 2837 3848 2909 evangelizahat

2244 2931 2559 2989 civitatibus
2581 2934 2792 2988 cunctis
2818 2948 3015 2988 nomen
3048 2931 3256 2987 Domini
3284 2931 3456 2987 nostri
3476 2931 3603 2988 Jesn
3628 2931 3845 2986 Christi.

2244 3024 2600 3097 Evangelium
2647 3025 2950 3080 secundum
2989 3025 3253 3080 Joannem
3308 3038 3430 3094 cap.
3487 3039 3635 3090 ceu,
3685 3022 3846 3077 Maria

2244 3126 2424 3174 autem
2471 3117 2651 3173 stabat
2679 3116 2743 3172 ad
2778 3125 3197 3172 monumentum
3240 3114 3376 3171 foris
3415 3114 3657 3187 plorans,
3694 3130 3850 3186 usque

604 3225 660 3265 v.
693 3208 883 3266 Lectio
911 3205 1085 3263 Esaias
1113 3201 1412 3277 pr0phetaa.
1446 3201 1577 3260 Haec
1614 3207 1703 3258 est
1731 3214 2012 3257 servorum
2034 3199 2143 3257 Do-
2172 3205 2219 3271 ο
2253 3212 2383 3286 quia
2410 3210 2525 3268 vidi
2552 3210 2843 3268 Dominum
2870 3220 2925 3289 ei,
2947 3211 3063 3266 ιιωο
3095 3211 3230 3266 dixit
3258 3208 3413 3265 mihi,

535 3303 693 3372 mini,
720 3318 880 3374 usque
902 3297 1048 3373 quod
1075 3296 1384 3371 egredietur
1408 3295 1477 3354 de
1498 3309 1595 3353 ore
1620 3308 1765 3367 meo,
1795 3292 1929 3351 dicit
1948 3292 2136 3351 Domi-

533 3412 639 3454 nus
659 3394 1027 3467 omnipOtens.

612 3504 689 3546 v1.
718 3487 911 3544 Lectio
933 3482 1227 3543 Hieremiae
1251 3482 1555 3557 prophetae.
1583 3479 1726 3538 Audi
1748 3478 1954 3537 Israhel
1981 3494 2135 3537 man-

539 3583 667 3643 data
696 3581 845 3650 vitae,
876 3595 1036 3653 usque
1063 3586 1121 3635 et
1148 3591 1272 3634 cum
1302 3573 1615 3633 hominibus
1641 3581 1998 3630 conversatus
2034 3581 2137 3631 est.

538 3691 546 3733 ς
611 3693 713 3733 vn.
740 3674 931 3732 Lectio
954 3671 1209 3729 Ezechiel
1234 3668 1538 3742 prephetm.
1568 3666 1732 3724 Facta
1750 3673 1840 3723 est
1866 3680 2031 3737 super
2056 3680 2143 3723 me

541 3786 741 3831 manus
788 3768 1029 3835 Domini,
1086 3782 1244 3837 usque
1294 3772 1354 3823 et
1378 3764 1721 3836 requiescere
1767 3774 1869 3818 vos
1922 3758 2143 3831 faciam,

544 3864 678 3921 dicit
707 3860 973 3918 Dominus
997 3859 1364 3928 omnipotens.

619 3971 737 4012 vin.
785 3953 972 4011 Lectio
1000 3951 1178 4009 Esaiae
1222 3948 1523 4022 prophetae.
1571 3947 1632 4006 In
1673 3948 1866 4007 diebus
1914 3948 2021 4008 illis
2050 3964 2147 4023 ap-

543 4047 960 4125 prehenderunt
990 4054 1198 4118 septem
1227 4044 1509 4114 mulieres,
1534 4058 1697 4117 usque
1724 4057 1756 4099 a
1786 4043 2004 4101 turbine
2031 4051 2088 4101 et
2113 4057 2147 4101 a

543 4144 747 4218 pluvia.
770 4141 939 4199 Cm.
970 4139 1138 4197 Vinea
1168 4138 1306 4196 facta
1337 4146 1440 4195 est.

619 4257 697 4297 ιι.
727 4238 915 4296 Lectio
945 4234 1073 4293 libri
1101 4234 1293 4292 Exodi.
1324 4233 1382 4289 In
1405 4231 1597 4289 diebus
1627 4231 1741 4288 illis
1765 4230 1906 4287 dixit
1930 4245 2149 4303 quoque

544 4334 813 4393 Dominus
843 4328 1162 4403 ad.Moysen
1190 4333 1249 4383 et
1265 4325 1449 4381 Aaron
1477 4324 1531 4381 in
1558 4332 1707 4380 terra
1726 4321 1969 4396 Egypti,
2000 4321 2150 4379 Men-

549 4425 626 4484 sis
653 4426 780 4495 iste,
810 4437 972 4495 usque
1001 4420 1056 4476 id
1084 4426 1194 4488 est,
1219 4417 1484 4474 transitus
1512 4415 1755 4472 Domini.

617 4534 673 4575 x.
708 4515 900 4574 Lectio
928 4514 1081 4571 J0me
1124 4511 1423 4583 prophetae.
1469 4507 1529 4563 In
1559 4506 1755 4565 diebus
1790 4504 1901 4565 illis
1948 4507 2149 4566 factum

2319 3306 2480 3364 Feria
2534 3322 2613 3362 vt.
2670 3307 2854 3363 Lectio
2901 3306 3161 3377 Epistulae
3211 3304 3359 3359 beati
3405 3301 3553 3359 Petri
3597 3302 3849 3375 apostoli.

2242 3399 2591 3469 Charissimi,
2614 3399 2865 3456 Christus
2892 3399 3059 3455 semel
3084 3414 3182 3470 pro
3206 3398 3443 3469 peccatis
3465 3406 3715 3452 mortuus
3743 3406 3843 3462 cst,

2239 3495 2418 3567 jusms
2457 3506 2556 3564 pro
2601 3491 2841 3562 lnjustis,
2883 3507 3041 3561 usque
3081 3506 3178 3563 per
3215 3490 3678 3545 resurrectionem
3721 3491 3845 3546 Jesu

2244 3586 2473 3656 Christi,
2504 3584 2596 3657 qui
2621 3592 2705 3641 est
2742 3584 2797 3640 in
2826 3583 3055 3640 dextera
3100 3583 3214 3640 Dei.
3251 3581 3600 3654 Evangelium
3640 3596 3841 3638 secun-

2245 3681 2371 3739 dum
2394 3678 2705 3735 Mattbaeum
2733 3691 2854 3750 cap.
2879 3692 3066 3747 eccm,
3090 3675 3350 3733 Undecim
3378 3683 3557 3732 autem
3583 3674 3836 3745 discipuli

2247 3772 2499 3830 abierunt
2544 3771 2599 3827 in
2635 3768 2914 3827 Galilaeam
2941 3811 2956 3838 ,
3001 3784 3163 3842 usque
3210 3769 3277 3825 ad
3306 3766 3838 3826 consummationem

2247 3865 2455 3924 saeculi.

2319 3960 2578 4019 Sabbato.
2632 3959 2820 4018 Lectio
2874 3958 3136 4031 Epistolte
3186 3956 3336 4016 beati
3389 3956 3540 4014 Petri
3590 3956 3847 4029 apostoli.

2249 4054 2508 4123 Fratres,
2551 4053 2888 4125 deponentes
2937 4066 3153 4108 omnem
3205 4049 3470 4107 malitiam
3517 4057 3575 4106 et
3632 4063 3846 4105 omnem

2250 4149 2458 4217 dolum,
2490 4163 2648 4219 usque
2677 4162 2821 4204 nunc
2850 4154 3037 4203 autem
3068 4142 3497 4201 misericordiam
3544 4143 3841 4199 consecuti.

2252 4243 2606 4315 Evangelium
2656 4241 2961 4299 secundum
3009 4238 3279 4297 Joannem
3321 4252 3444 4308 cap.
3501 4252 3662 4303 ccxn,
3717 4236 3846 4291 Cum

2253 4348 2400 4397 esset
2430 4352 2555 4395 sero
2594 4336 2685 4393 die
2726 4336 2821 4392 illo
2850 4350 2959 4392 una
3006 4334 3361 4392 sabbatorum
3402 4339 3457 4387 et
3488 4330 3632 4386 fores
3669 4337 3851 4387 essent

2254 4433 2456 4490 clausas
2481 4429 2572 4485 ubi
2595 4436 2752 4486 erant
2772 4427 3022 4501 discipuli
3053 4426 3369 4499 congregati
3391 4433 3616 4499 propter
3642 4434 3848 4480 metum

2254 4526 2590 4595 Judaeorum,
2648 4540 2806 4598 usque
2858 4531 2915 4580 et
2953 4536 3192 4595 quorum
3244 4518 3587 4579 retinueritis
3639 4526 3852 4575 retenta

548 4619 634 4669 est
656 4609 885 4668 verbum
930 4604 1146 4662 Domini
1189 4602 1259 4658 ad
1303 4601 1495 4658 Jonam
1542 4600 1861 4672 prophetam
1906 4602 2148 4659 secundo
2174 4606 2400 4681 nsum.

549 4706 763 4774 dicens,
810 4716 971 4775 usque
999 4705 1057 4756 et
1096 4697 1355 4754 misertus
1380 4703 1464 4754 est
1507 4694 1710 4765 populo
1750 4706 1852 4749 suo
1888 4694 2150 4755 Dominus

545 4798 691 4855 Deus
720 4805 925 4854 noster.
976 4790 987 4793 ν

621 4908 699 4948 xr.
727 4890 913 4948 Lectio
934 4885 1056 4945 libri
1080 4886 1301 4944 Denter.
1330 4882 1388 4942 In
1411 4883 1603 4942 diebus
1628 4881 1738 4940 illis
1763 4881 1981 4955 scripsit
2004 4882 2153 4958 Moy-

552 5003 642 5043 ses
673 4987 942 5043 canticum
968 5027 983 5053 ,
1030 4999 1193 5055 usque
1221 4991 1278 5037 et
1322 4980 1391 5036 ad
1433 4980 1597 5037 linem
1634 4993 1805 5052 usque
1838 4978 2147 5050 complevit.

555 5081 723 5135 Csar.
758 5079 1014 5135 Attendet
1040 5078 1257 5135 malum.

624 5185 722 5225 xu.
763 5168 951 5225 Lectio
982 5169 1210 5226 Danihel
1251 5167 1554 5241 prophetae.
1586 5167 1645 5223 ln
1671 5167 1862 5224 diebus
1900 5167 2007 5224 illis
2041 5167 2147 5223 Na-

551 5261 973 5322 buchodonosor
1004 5278 1098 5320 rex
1133 5262 1265 5318 fecit
1289 5271 1524 5317 statuam
1556 5275 1800 5328 auream,
1832 5277 1993 5333 usque
2022 5261 2143 5317 lau-

552 5359 747 5416 dantes
766 5367 818 5414 et
833 5357 1220 5415 benedicentes
1234 5357 1544 5413 Dominum.
1565 5357 1731 5413 Csar.
1753 5358 1904 5414 Sicut
1928 5371 2143 5415 cervus.

618 5452 863 5511 Sabbato
889 5460 1099 5507 sancto.
1130 5451 1316 5507 Lectio
1343 5450 1586 5521 epistola:
1616 5449 1677 5503 Β.
1712 5449 1878 5519 Pauli
1915 5449 2149 5523 apostoli

538 5546 620 5604 ad
673 5545 1052 5603 Colossenses.
1107 5543 1369 5611 Fratres,
1429 5543 1475 5598 si
1529 5540 1952 5599 consurrexistis
2022 5556 2145 5599 cum

549 5638 790 5708 Christo,
816 5656 975 5711 usque
995 5652 1116 5695 cum
1139 5637 1258 5709 ipso
1281 5637 1335 5693 in
1357 5636 1551 5709 gloria.
1581 5636 1931 5710 Evangelium
1953 5651 2145 5693 secun-

548 5730 679 5787 dum
732 5731 924 5789 Matth.
979 5748 1101 5806 cap.
1147 5746 1341 5802 cccc",
1396 5732 1637 5803 Vespere
1688 5741 1868 5788 autem
1910 5727 2142 5796 sabbati,

550 5848 711 5903 usque
741 5838 818 5896 ibi
845 5853 969 5898 eum
994 5834 1267 5902 videbitis,
1300 5848 1428 5893 ecce
1457 5831 1572 5889 dixi
1604 5830 1776 5888 vobis.

2323 4730 2421 4771 vni
2469 4713 2579 4770 kal.
2624 4712 2851 4785 Aprilis.
2897 4711 2953 4768 In
2983 4710 3351 4783 Conceptione
3400 4716 3603 4765 sancta:
3646 4706 3850 4765 Mariar.

2252 4808 2441 4868 Lectio
2476 4804 2655 4862 Esaiae
2694 4804 2993 4877 prophetae.
3026 4804 3088 4859 In
3128 4802 3323 4859 diebus
3365 4800 3472 4858 illis
3519 4800 3737 4856 locutus
3774 4807 3856 4856 est

2251 4901 2515 4960 Dominus
2543 4899 2610 4955 ad
2642 4898 2829 4956 Achar
2864 4898 3080 4967 dicens,
3120 4897 3251 4953 Pete
3294 4894 3391 4951 tibi
3426 4894 3638 4966 signum
3674 4907 3704 4949 a
3744 4893 3853 4948 Do-

2253 4996 2403 5054 mino
2434 4994 2549 5051 Deo
2584 5000 2700 5062 tuo,
2746 5007 2905 5060 usque
2937 5000 2998 5046 ut
3049 4990 3188 5046 sciat
3234 4987 3535 5058 reprobare
3574 4985 3776 5041 malum
3804 4993 3856 5038 et

2254 5090 2457 5160 eligere
2495 5086 2721 5142 bonum.
2770 5082 3129 5155 Evangelium
3159 5080 3462 5138 secundum
3492 5078 3692 5132 Lucam
3730 5091 3852 5145 cap.

2255 5184 2387 5258 (ιιι),
2428 5182 2623 5239 Missus
2665 5187 2751 5236 est
2790 5178 3017 5249 angelus
3058 5175 3277 5234 Gabriel
3313 5189 3345 5230 a
3389 5174 3522 5240 Deo,
3557 5185 3718 5241 usque
3760 5169 3855 5224 ﬁat

2253 5278 2385 5335 mihi
2417 5274 2721 5333 secundum
2749 5273 2975 5330 verbum
3006 5281 3179 5327 tuum.

2326 5369 2606 5427 Dominica
2652 5367 2829 5425 octab.
2879 5364 3127 5421 Paschte.
3177 5361 3365 5420 Lectio
3409 5358 3667 5431 Epistolas
3709 5358 3850 5415 beati

2250 5460 2479 5521 Joannis
2506 5458 2762 5531 apostoli.
2792 5456 3116 5514 Charissimi
3141 5496 3156 5523 ,
3189 5468 3350 5510 omne
3377 5451 3521 5525 quod
3546 5458 3736 5508 natum
3773 5460 3853 5505 est

2250 5558 2423 5615 vincit.
2462 5554 2747 5622 mundum,
2794 5570 2957 5625 usque
2986 5552 3080 5623 qui
3129 5548 3364 5607 credidit
3409 5548 3465 5603 in
3513 5546 3713 5603 Filium
3762 5545 3848 5601 Dei

2253 5650 2418 5709 habet
2445 5646 2819 5705 testimonium
2850 5645 2948 5702 Dei
2974 5645 3029 5699 iu
3057 5659 3139 5702 se.
3172 5639 3529 5711 Evangelium
3554 5638 3851 5697 secundum

2252 5744 2520 5801 Joannem
2549 5756 2666 5812 cap.
2703 5738 2930 5813 (cum),
2961 5737 3198 5794 Thomas
3225 5740 3411 5789 autem
3442 5747 3584 5789 unus
3619 5746 3689 5788 ex
3718 5731 3850 5788 duo-

2253 5836 2453 5906 decim,
2485 5851 2647 5907 usque
2676 5849 2843 5893 unam
2874 5830 3120 5890 habeatis
3151 5830 3205 5886 in
3239 5828 3465 5885 nomine
3495 5827 3634 5899 ejus.
