4050 6198
1469 233 1678 293 LIBER
1717 233 2019 299 COMITIS.
3303 255 3321 310 ε
3330 257 3408 315 06

205 364 272 406 :r.
306 363 352 406 ιι
380 356 518 422 post
547 348 769 405 octabas
792 342 1037 407 Paschae.
1072 348 1257 407 Lectio
1285 350 1515 409 Actuum
1540 368 1699 425 apos-
1726 355 1782 417 Α
1807 358 2090 433 discipulis
2130 365 2265 435 suis,
2312 367 2425 438 Ego
2474 381 2592 425 sum
2633 375 2820 441 pastor
2863 368 3081 441 bonus,’
3110 387 3271 445 usque
3321 374 3415 435 [iet

206 458 351 498 'um.
388 442 452 498 In
484 441 679 497 diebus
710 442 817 497 illis
847 442 1131 514 Philippus
1174 442 1517 501 descendens
1546 445 1599 501 in
1632 446 1711 502 ci-
1821 470 1985 510 unum
2010 458 2148 515 ovile
2178 470 2233 515 et
2256 477 2395 516 unus
2422 474 2629 533 pastor.

212 550 308 589 em
367 533 642 591 Samaria:
688 534 1025 604 prmdicabat
1068 534 1175 591 illis
1204 533 1505 603 Christum,
1554 554 1715 607 usque

1888 565 1982 606 vlll
2013 550 2125 607 kal.
2157 552 2300 609 Maii.
2331 554 2390 609 ιιι
2419 556 2584 611 natali
2614 556 2672 612 S.
2708 556 2925 630 Georgii
2956 562 3235 631 martyris.
3270 561 3406 621 Lec-

205 625 443 694 aiebant
487 624 749 697 Spiritum
796 636 1067 682 sanctum.
1116 626 1473 700 Evangelium
1519 644 1714 686 secun-

1817 642 1894 699 tio
1922 644 2047 702 libri
2078 646 2395 718 Sapientite.
2424 649 2610 706 Honor
2631 660 2688 707 et
2712 651 2880 721 gloria
2919 654 2970 706 in
3002 668 3256 711 sermone
3284 672 3413 713 sen-

230 717 443 774 Μδιιδ·
471 734 598 790 0⁵⁵1)·
628 734 778 788 ονιηι
807 716 987 792 cmi)“
1011 721 1173 777 ³⁸⁵1³5
1204 722 1543 792 θΧβτοδιἫθ
1580 724 1713 780 CiVi-
1816 737 1942 803 sati,
1974 754 2134 807 usque
2157 716 2458 795 secundum
2508 742 2660 797 illum
2701 716 2805 798 erit
2844 751 2998 799 actus
3029 746 3193 801 illius.
3235 746 3413 803 Evan—

214 827 283 867 us
318 812 379 867 in
404 812 611 884 quibus
643 812 801 869 facta:
831 821 963 871 sunt
992 814 1243 885 plurimae
1264 816 1521 885 virtutes,
1554 834 1712 888 usque

1814 830 2018 901 gelium
2045 833 2346 890 secundum
2374 835 2563 891 Matth.
2592 854 2644 893 c.
2673 854 2800 905 xcv,
2830 838 2979 894 Dixit
3000 839 3159 895 Jesus
3180 840 3413 912 discipu-

226 905 401 962 vohis
431 906 563 977 quia
596 914 758 962 teme
787 906 1153 964 Sodomorum
1182 909 1472 967 remissius
1510 910 1613 967 erit
1651 910 1709 967 in
1814 921 1882 978 lis
1920 924 2055 988 suis,
2099 924 2247 982 Nihil
2278 937 2528 998 Opertum
2569 930 2711 1000 quod
2756 947 2865 987 non
2913 932 3207 1001 reveletur,
3258 950 3412 1007 usque

218 997 405 1053 udicii
439 1013 608 1068 quam
644 998 761 1054 tibi.
1811 1027 1996 1070 coram
2022 1015 2183 1073 Patre
2212 997 2335 1076 meo
2356 1020 2447 1091 qui
2480 1023 2533 1076 in
2563 997 2715 1079 caelis
2733 1032 2841 1084 est.

205 1090 316 1146 aria
348 1105 413 1146 ιιι
447 1098 573 1162 post
592 1092 811 1148 octabas
836 1093 1080 1149 Paschae.
1112 1094 1262 1151 Lect.
1288 1094 1523 1151 Actuum
1544 1110 1708 1166 apos-
1879 1104 2041 1163 Feria
2070 1125 2108 1163 ιι
2138 1090 2497 1169 ιιειιὰοιιιιιάω
2527 1126 2651 1186 post
2693 1118 2922 1174 Pascha.
2958 1120 3149 1177 Lectio
3177 1122 3407 1179 Actuum

206 1198 347 1238 rum.
379 1183 440 1238 In
469 1183 666 1239 diebus
687 1184 792 1238 illis
814 1201 936 1240 cum
955 1186 1363 1256 complerentur
1384 1187 1504 1243 dies
1525 1189 1702 1261 multi,
1807 1200 2204 1271 apostolorum.
2252 1203 2309 1259 In
2341 1183 2545 1262 diebus
2580 1209 2687 1265 illis
2737 1214 3013 1268 enarravit
3052 1214 3243 1271 Petrus
3275 1231 3405 1286 quo-

205 1277 378 1332 iilium
431 1277 687 1333 fecerunt
722 1276 894 1332 Judaei
939 1287 998 1332 ut
1036 1278 1413 1335 interﬁcerent
1449 1280 1700 1348 Paulum,
1808 1290 1969 1347 modo
1998 1292 2279 1351 eduxisset
2309 1311 2433 1351 eum
2462 1298 2727 1355 Dominus
2756 1301 2825 1358 de
2853 1319 3096 1374 carcere,
3132 1276 3412 1377 πεφυρέιά.

207 1387 237 1423 c
262 1369 459 1424 statim
488 1378 771 1438 receptum
794 1377 878 1424 est
904 1384 999 1424 vas
1024 1369 1077 1424 in
1099 1370 1320 1425 coelum.
1348 1371 1700 1443 Evangelium

1807 1385 2013 1442 mirans
2057 1401 2223 1459 super
2266 1388 2511 1446 doctrina
2563 1393 2804 1450 Domini.
2854 1398 3060 1469 Evang.
3108 1402 3406 1456 secundum

208 1459 388 1515 "dum
422 1458 693 1516 Joannem
721 1476 843 1531 caP-
875 1476 964 1517 CXI
987 1502 1003 1528 ι
1045 1462 1190 1517 Di!“
1228 1462 1395 1519 JeSllS
1422 1464 1702 1536 ἀίδοῖρυιίε
1806 1477 2009 1535 Lucam
2031 1495 2153 1552 cap.
2178 1495 2374 1548 ccxul,
2398 1484 2730 1550 Qttterehant
2757 1458 3037 1560 principes
3056 1493 3405 1548 sacerdotum

206 1602 209 1615 .
244 1554 354 1622 Qui
382 1554 639 1609 crediliu
668 1555 991 1623 me.l10uill
1023 1571 1109 1610 me
1136 1556 1333 1625 cred“.
1367 1557 1465 1613 sed
1492 1558 1547 1614 ill
1573 1574 1698 1616 eum
1804 1577 1859 1624 et
1905 1570 2099 1626 scriba:
2148 1573 2369 1629 mittere
2410 1575 2463 1630 in
2513 1575 2699 1633 Jesum
2746 1554 2962 1649 manus,
3014 1598 3175 1651 usque
3227 1584 3406 1640 mirati

206 1662 280 1703 ne
308 1646 489 1715 misit,
513 1663 670 1718 usque
694 1647 837 1702 sicut
857 1647 995 1701 dixit
1017 1647 1151 1702 milli
1174 1648 1362 1716 Pater,
1386 1650 1463 1705 sic
1483 1650 1697 1723 loquor.
1805 1671 1935 1718 sunt
1959 1664 2013 1719 in
2039 1666 2321 1736 responsis
2348 1668 2489 1738 ejus,

206 1744 317 1797 πίει
378 1757 434 1797 ιν
487 1751 611 1812 Ροδῑ
658 1742 880 1797 “labiis
930 1742 1177 1798 Pasch“?-
1227 1743 1416 1800 Ῑιθεῑίο
1454 1745 1699 1815 cpi-“imm
1729 1754 1778 1815 B
1875 1774 1908 1811 v
1953 1756 2063 1813 kal.
2115 1758 2260 1815 Maii.
2305 1760 2365 1816 In
2397 1764 2561 1820 natali
2606 1765 2663 1823 S.
2698 1765 2941 1825 Richarii
2987 1771 3319 1827 confessoris
3352 1772 3405 1829 in

206 1837 224 1893 i
262 1836 433 1892 Pauli
478 1836 713 1907 apostoli
747 1835 817 1891 ad
864 1835 1143 1892 Hebraeos.
1197 1836 1437 1931 Fratres,
1481 1839 1700 1898 obedite
1804 1846 2057 1903 Centulo.
2088 1848 2273 1905 Lectio
2304 1850 2428 1907 libri
2458 1853 2775 1924 Sapientiae.
2802 1859 2925 1925 Fili,
2952 1875 2979 1913 a
3007 1860 3291 1931 juventute
3316 1872 3403 1919 tua

205 1930 403 2001 pOSiliS
432 1928 651 1995 veSll'iS.
695 1945 855 1998 usque
900 1943 995 1999 ρετ
1038 1928 1223 1985 δοευηι
1259 1928 1535 1986 (Πιτίειυιη
1558 1974 1573 1999 9
1611 1933 1698 1990 cui
1803 1940 1996 2012 excipe
2031 1941 2331 1997 doctrinam
2359 1984 2376 2011 ,
2418 1962 2579 2018 usque
2617 1958 2674 2003 et
2718 1963 2977 2005 coronam
3008 1928 3405 2023 gratulationis

205 2025 254 2077 ia
284 2034 377 2079 est
410 2023 467 2079 in
504 2022 707 2079 saecula
740 2021 1472 2094 smculorum.‘Evangclium
1501 2039 1699 2081 secun-
1802 2047 2142 2104 superpones
2181 2035 2302 2089 tibi.
2338 2036 2540 2108 Evang.
2572 2038 2919 2114 (secundum)
2946 2021 3103 2100 Joan.
3151 2062 3269 2117 cap.
3308 2064 3403 2113 ιιι,

237 2115 517 2171 Joannem
544 2130 665 2186 εει).
699 2114 896 2187 (αλιι),
930 2114 1245 2184 liesplClens
1273 2115 1436 2171 10508
1461 2115 1703 2188 diSCipu-
1800 2126 1987 2181 Altera
2014 2125 2101 2181 die
2136 2127 2291 2182 turba
2322 2144 2441 2199 qua;
2472 2131 2649 2187 stabat
2682 2142 3052 2204 trans,mare,
3082 2114 3241 2209 usque
3277 2155 3402 2197 cre-

206 2211 295 2267 uis
335 2210 502 2277 dixit,
532 2210 694 2267 Pater
723 2219 932 2279 sancte,
966 2225 1123 2268 serva
1150 2226 1269 2280 eos,
1301 2229 1464 2286 usque
1507 2213 1604 2270 sed
1640 2222 1699 2271 ut
1801 2217 1943 2274 datis
1971 2217 2027 2273 in
2053 2233 2179 2275 eum
2212 2236 2375 2290 quem
2404 2222 2553 2278 misit
2582 2224 2696 2281 ille.

206 2317 269 2358 es
297 2317 399 2357 eos
429 2318 499 2358 ex
526 2304 695 2359 malo.
1871 2309 2027 2365 Feria
2062 2326 2121 2365 ιιι
2162 2310 2521 2370 hebdomada:
2554 2316 2745 2386 prima:
2775 2328 2902 2390 post
2926 2320 3107 2376 octah.
3158 2322 3402 2380 Paschte.

205 2396 316 2450 aria
345 2412 379 2451 v
405 2405 532 2467 post
555 2396 781 2453 octabas
810 2397 1054 2455 Paschre.
1086 2397 1272 2454 Lectio
1291 2397 1527 2455 Actuum
1565 2413 1697 2470 apo—
1799 2401 1985 2459 Lectio
2011 2403 2245 2459 Actuum
2274 2406 2668 2475 apostolorum.
2706 2409 2765 2465 In
2796 2412 2994 2469 diebus
3038 2414 3146 2469 illis
3184 2416 3401 2485 quidam

206 2503 368 2543 trum.
426 2488 485 2544 In
535 2489 725 2546 diebus
766 2489 878 2545 illis
935 2489 1063 2545 dum
1117 2490 1256 2545 intra
1300 2503 1362 2546 se
1411 2489 1695 2547 hmsitaret
1797 2494 1881 2550 vir
1909 2495 2140 2549 illusu'is
2173 2495 2405 2553 infirmis
2436 2500 2687 2569 pedibus,
2720 2519 2883 2576 usque
2916 2508 3113 2562 morati
3144 2517 3270 2563 sunt
3302 2524 3401 2564 au-

213 2596 301 2647 us,
344 2581 605 2652 quidnam
646 2591 731 2637 est
771 2581 931 2648 visio,
974 2598 1133 2649 usque
1160 2581 1251 2653 qui
1303 2581 1455 2639 timet
1484 2596 1607 2639 eum
1638 2591 1694 2639 et
1798 2595 1905 2645 tem
1968 2596 2185 2659 tempus
2239 2604 2348 2644 non
2396 2591 2667 2648 modicum
2714 2610 2840 2650 cum
2908 2598 3194 2668 discipulis
3264 2601 3398 2656 suis.

205 2685 341 2729 iatur
369 2675 635 2745 justitiam
666 2683 926 2746 acceptus
966 2682 1050 2729 est
1079 2674 1178 2729 illi.
1210 2673 1566 2746 Evangelium
1599 2688 1691 2731 so-
1796 2680 2002 2751 Evang.
2047 2680 2345 2736 secundum
2369 2683 2525 2738 Joan.
2559 2698 2676 2755 cap.
2712 2701 2925 2754 cxxxll,
2957 2687 3098 2743 Dixit
3131 2689 3289 2745 Jesus
3314 2690 3403 2746 di-
3501 2712 3505 2719 ν

206 2766 321 2823 lum
364 2767 563 2823 Lucam
610 2782 730 2838 cap.
777 2783 959 2834 cxcvl,
1014 2767 1159 2822 Dixit
1199 2766 1360 2823 Iesus
1406 2765 1691 2838 discipulis
1794 2773 2014 2847 scipulis
2037 2774 2172 2842 suis,
2196 2774 2310 2845 Ego
2336 2788 2456 2831 sum
2482 2776 2607 2832 vitis
2627 2792 2781 2848 vera,
2810 2794 2970 2852 usque
2994 2780 3252 2851 gaudium
3278 2798 3400 2839 vcs-

220 2861 543 2931 parabolam
568 2862 730 2930 hanc,
759 2860 935 2917 Homo
955 2860 1173 2932 quidam
1196 2869 1314 2916 erat
1334 2859 1511 2926 dives,
1535 2869 1589 2915 et
1608 2859 1693 2916 in-
1794 2875 1935 2924 trum
1969 2867 2279 2938 impleatur.

206 2964 355 3011 )atnr
385 2971 621 3027 purpura
650 2965 707 3012 et
744 2955 941 3027 bysso,
975 2970 1135 3027 usque
1176 2968 1355 3024 neque
1396 2952 1443 3010 si
1472 2953 1592 3026 quis
1622 2970 1687 3011 ex
1866 2958 2023 3017 Fetia
2066 2976 2119 3017 tv
2160 2960 2525 3019 hebdomadas
2555 2979 2679 3035 quae
2711 2977 2896 3038 supra.
2929 2965 3121 3027 Leotio
3154 2968 3402 3040 epistolae

206 3046 317 3101 tuis
350 3047 721 3102 resurrexerit
749 3046 996 3102 credent.
1792 3052 1854 3108 Β.
1910 3051 2058 3110 Petri
2106 3055 2367 3125 apostoli.
2397 3055 2761 3125 Charissimi,
2811 3058 3047 3115 scientes
3088 3060 3234 3131 quod
3289 3076 3398 3118 non

205 3158 214 3195 ι
246 3140 367 3196 idus
392 3140 617 3210 Aprilis.
654 3140 712 3195 In
755 3140 925 3195 natali
954 3139 1014 3195 S.
1056 3138 1256 3195 Leonis
1285 3154 1463 3212 papte.
1502 3139 1689 3200 Lectio
1716 3139 1762 3206 C
1794 3144 2234 3217 corruptibilibus
2260 3158 2487 3219 argento
2511 3150 2600 3206 vel
2622 3164 2753 3207 auro
2773 3150 3043 3223 redempti
3063 3152 3216 3219 estis,
3240 3170 3398 3225 usque

206 3240 549 3310 Sapientiae.
575 3239 719 3295 Ecce
744 3237 1001 3295 sacerdos
1025 3252 1276 3309 magnus,
1300 3254 1460 3308 usque
1480 3237 1535 3294 in
1555 3238 1690 3295 odo-
1792 3236 2027 3296 verbum
2056 3248 2238 3295 autem
2288 3240 2503 3296 Domini
2534 3252 2718 3299 manet
2762 3244 2815 3299 in
2857 3252 3143 3300 internum.
3192 3243 3396 3317 Evang.

242 3333 548 3389 suavitatis.
585 3332 940 3403 Evangelium
980 3331 1280 3389 secundum
1324 3331 1515 3389 Matth.
1565 3348 1685 3407 cap.
1790 3330 2088 3387 secundum
2133 3330 2265 3387 Luc.
2311 3347 2431 3402 cap.
2475 3346 2766 3401 cccxxxvr,
2800 3333 2918 3392 Una
2958 3345 3138 3391 autem
3185 3336 3399 3394 sabbati

205 3443 373 3495 (Villi,
407 3427 550 3481 Dixit
574 3426 730 3483 Jesus
754 3425 1033 3498 discipulis
1059 3426 1172 3481 suis
1191 3426 1686 3497 parabolamhanc,
1790 3422 1951 3479 Valde
1975 3422 2222 3479 diluculo
2245 3466 2260 3492 ,
2302 3440 2464 3495 usque
2490 3434 2547 3481 et
2591 3424 2726 3481 abiit
2765 3440 2953 3483 secum
2996 3427 3204 3485 mirans
3252 3429 3395 3501 quod

205 3534 269 3574 no
316 3518 533 3589 quidam
561 3535 791 3592 peregre
818 3520 1190 3592 proﬁciscens,
1234 3537 1396 3592 usque
1440 3520 1584 3577 intra
1632 3522 1689 3580 in
1791 3515 1993 3571 laetum
2028 3514 2224 3571 lueral-
3372 3582 3375 3585 ι

205 3612 345 3667 dium
379 3611 581 3668 domini
618 3613 715 3668 tui.
1864 3607 1989 3663 Fer.
2040 3622 2074 3663 v
2120 3607 2477 3666 hebdomade:
2524 3625 2646 3682 quae
2693 3626 2879 3684 supra.
2927 3612 3118 3670 Lectio
3158 3614 3393 3672 Actuum

205 3722 290 3763 rm
337 3706 445 3761 kal.
496 3706 641 3762 Maii.
692 3705 751 3762 In
790 3706 959 3764 natali
1007 3716 1324 3765 sanctorum
1354 3707 1591 3767 Tiburni
1632 3717 1692 3767 et
1792 3698 2186 3771 apostolorum.
2213 3699 2270 3756 In
2300 3700 2492 3758 diebus
2516 3702 2625 3760 illis
2648 3703 2869 3777 quidam
2896 3704 3296 3765 descendentes
3325 3707 3395 3766 de

205 3802 363 3859 :riani
391 3809 445 3857 et
475 3800 714 3857 Maximi.
742 3801 931 3858 Lectio
962 3802 1093 3859 libri
1132 3802 1449 3875 Sapientiae.
1482 3801 1690 3876 Lingua
1793 3789 2004 3861 ιῖυάωει
2040 3807 2199 3864 usque
2235 3792 2289 3848 in
2321 3794 2611 3868 synizesis
2640 3796 2731 3851 ubi
2769 3812 2870 3871 per
2899 3812 3062 3856 omne
3110 3799 3393 3857 sabbatum

214 3896 419 3952 ρηιῖιηη
470 3905 631 3951 omni
658 3895 968 3964 scientiam,
1012 3912 1175 3968 usque
1198 3895 1296 3967 qui
1333 3895 1577 3968 sequimi-
1605 3896 1694 3966 ju.
1795 3885 2017 3957 legitur.
2049 3884 2288 3958 Require
2316 3888 2669 3958 Evangelium
2698 3890 2842 3962 quod
2873 3891 2971 3948 fuit
3000 3894 3054 3948 in
3088 3893 3392 3952 Dominica.

208 4007 292 4046 am
335 3989 578 4061 diligitur
622 4004 653 4045 a
688 3990 940 4045 Domino.
988 3989 1345 4062 Evangelium
1392 3988 1691 4046 secundum
1866 3980 2023 4037 Feria
2052 3996 2105 4055 vi
2148 3980 2508 4040 hebdomadas
2539 4000 2659 4055 quat
2689 4000 2875 4055 supra.
2924 3986 3113 4043 Lectio
3155 3986 3391 4044 Actuum

205 4082 401 4138 thrcum
440 4096 558 4153 cap.
602 4097 755 4150 xxiv,
799 4097 960 4155 usque
995 4095 1205 4138 merces
1242 4089 1423 4138 vestra
1472 4081 1692 4153 copiosa
1794 4074 2189 4147 apostolorum,
2220 4074 2277 4131 In
2306 4075 2499 4132 diebus
2534 4077 2637 4133 illis
2678 4078 2883 4149 placuit
2922 4078 3184 4148 apostolis
3219 4090 3272 4134 et
3309 4094 3398 4136 se-

205 4177 255 4231 in
290 4174 460 4232 cmlis.
1794 4168 2065 4237 nioribus,
2097 4185 2257 4241 usque
2287 4169 2439 4241 loqui
2480 4169 2704 4226 verbum
2751 4170 2847 4229 Dei
2888 4171 2944 4227 in
2983 4169 3134 4226 Asia.
3180 4170 3391 4243 Evang.

208 4268 322 4325 eria
372 4284 421 4324 vt
472 4276 593 4340 post
638 4268 862 4327 octabas
917 4267 1162 4325 Paschre.
1222 4266 1410 4325 Lectio
1455 4265 1689 4324 Actuum
1793 4260 2091 4319 secundum
2125 4260 2315 4317 Matth.
2349 4277 2467 4333 cap.
2511 4279 2696 4330 Lxxm,
2744 4262 3108 4319 Accesserant
3142 4260 3366 4333 discipm

205 4363 477 4419 stolorum.
528 4361 585 4419 ln
635 4363 828 4421 diebus
876 4362 986 4419 illis
1036 4361 1325 4418 audierunt
1368 4360 1599 4431 apostoli
1637 4368 1693 4417 et
1793 4354 1863 4412 ad
1887 4354 2098 4426 Iesum,
2130 4354 2390 4421 Joannes,
2424 4372 2583 4428 usque
2612 4364 2667 4413 et
2691 4356 2853 4411 ambo
2880 4362 3300 4413 conservantur.

205 4470 287 4512 res
316 4455 404 4527 qui
425 4465 577 4513 erant
608 4455 666 4511 in
686 4455 896 4523 Judtea,
926 4471 1087 4527 usque
1110 4454 1371 4525 gentibus
1403 4454 1544 4511 Deus
1575 4467 1691 4525 ραι-
1718 4526 1741 4527 7
1869 4446 2110 4505 sabbato
2137 4446 2495 4503 hebdomade:
2526 4461 2649 4518 qua:
2679 4462 2862 4517 supra.

212 4526 373 4605 ntiam
418 4559 469 4605 et
514 4550 678 4606 vitam
740 4548 908 4605 dedit.
973 4526 1321 4619 Evangelium
1381 4547 1683 4605 secundum
1712 4526 1766 4589 D
1865 4554 1925 4595 ιιι
1953 4537 2068 4596 kal.
2108 4537 2252 4595 Maii.
2292 4537 2481 4595 Natale
2511 4548 2715 4594 sancta:
2755 4537 3060 4595 Theodorte
3084 4536 3311 4610 virginis
3338 4549 3397 4597 et

209 4644 284 4699 th.
312 4658 425 4715 cap.
455 4659 665 4709 (κοίην,
696 4643 960 4699 Exierunt
984 4642 1241 4700 mulieres
1263 4642 1372 4699 εἱιο
1394 4642 1465 4700 de
1492 4658 1684 4701 ηιοηιι-
1792 4631 1966 4691 sancti
1987 4632 2203 4689 Vitalis.
2232 4632 2419 4689 ιεειίο
2450 4631 2579 4687 libri
2611 4631 2923 4701 Sapientiae.
2966 4632 3181 4689 Honora
3217 4632 3392 4689 Deum

206 4747 309 4801 alo,
338 4754 492 4809 usque
522 4738 575 4791 in
602 4736 925 4793 hodiernum
954 4735 1118 4792 diem.
1791 4741 1860 4787 ex
1887 4735 1997 4783 tota
2022 4726 2200 4782 anima
2224 4732 2335 4793 tua,
2362 4740 2521 4798 usque
2542 4739 2650 4778 non
2673 4724 2816 4778 enim
2845 4730 3145 4793 potuerunt
3165 4722 3393 4795 diligere

205 4830 403 4885 iabbato
431 4830 760 4900 postoctab.
791 4828 1037 4885 Pascha.
1066 4828 1257 4885 Lectio
1282 4829 1515 4887 Actuum
1546 4845 1683 4904 apo—
1793 4838 1804 4878 l

1797 4821 1898 4878 nisi
1939 4834 2060 4892 quae
2086 4818 2220 4889 ipsis
2255 4815 2495 4887 placent.
2525 4814 2875 4883 Evangelium
2918 4813 3215 4869 secundum
3259 4815 3396 4871 Mal-

205 4923 384 4977 lorum.
424 4920 476 4977 ιη
504 4922 699 4978 diebus
738 4921 847 4978 illis
877 4921 955 4978 illi
998 4921 1089 4993 qui
1129 4922 1361 4993 dispersi
1404 4923 1619 4981 fuerant
1652 4940 1682 4980 a
1794 4911 1992 4968 threum
2034 4924 2156 4981 eap-
2184 4923 2305 4974 cn.
2341 4906 2489 4961 Dixit
2516 4905 2677 4962 Jesus
2708 4905 2993 4976 discipulis
3020 4907 3157 4975 δαῖε.
3203 4908 3394 4965 Simile

206 5014 461 5081 ιιιιςιιίοιιο,
508 5031 669 5085 usque
715 5030 812 5085 per
855 5029 1050 5071 manus
1097 5013 1360 5070 Barnabas
1405 5026 1459 5071 et
1508 5018 1681 5073 Pauli.
1793 5017 1878 5064 est
1930 5019 2157 5077 regnum
2198 5001 2463 5059 caelorum
2523 5000 2778 5057 thesauro
2824 5000 3166 5073 abscondito,
3228 5020 3391 5078 usque

206 5108 442 5179 mgelium
465 5109 762 5164 secundum
792 5107 928 5164 Luc.
952 5122 1074 5179 cap.
1107 5122 1305 5176 cxxxv,
1338 5106 1470 5163 Cum
1499 5108 1687 5180 loque-
1792 5115 1932 5160 nova
1961 5108 2016 5154 et
2040 5107 2249 5153 velora-

205 5218 255 5256 ur
274 5201 439 5269 Jesus,
462 5203 669 5272 rogavit
690 5201 841 5258 illum
862 5200 1079 5272 quidam
1112 5200 1413 5271 pharismus
1435 5208 1493 5256 ut
1518 5215 1684 5272 pran-
1866 5194 2144 5252 Dominica
2174 5208 2215 5249 ιι
2247 5198 2374 5263 post
2394 5190 2617 5248 oclabas
2637 5189 2882 5249 Paschae.
2916 5193 3103 5251 Lectio
3142 5194 3393 5266 epistolae

206 5302 263 5349 'et
283 5292 412 5363 apud
434 5307 519 5361 se,
552 5309 710 5365 usque
743 5308 842 5349 vos
862 5301 1043 5349 autem
1070 5292 1349 5350 tedillcatis
1378 5307 1566 5350 eorum
1596 5307 1692 5351 seo‘
1794 5287 1941 5347 beati
1981 5287 2128 5342 Petri
2159 5282 2417 5357 apostoli.
2464 5282 2807 5350 Charissimi.
2841 5286 3070 5343 obsecro
3118 5299 3389 5358 tamquam

212 5401 316 5440 cra.
1796 5385 2035 5441 advenas
2063 5390 2119 5438 et
2144 5377 2485 5451 peregrinos,
2514 5394 2675 5449 usque
2703 5379 2818 5436 hinc
2849 5391 2933 5436 est
2963 5382 3105 5436 enim
3136 5382 3307 5450 gratia
3338 5384 3391 5437 in

205 5478 446 5535 Dominica
476 5480 648 5551 prima
670 5488 798 5553 post
826 5480 1049 5538 octabas
1076 5481 1321 5539 pascha}.
1353 5479 1544 5538 Lectio
1571 5482 1685 5554 epi-
1792 5475 2013 5533 Christo
2039 5474 2166 5531 Jesu
2202 5469 2434 5527 Domino
2465 5478 2674 5526 nostro.
2712 5470 3063 5541 Evangelium
3088 5472 3389 5528 secundum

209 5571 268 5627 la:
292 5573 419 5628 beati
449 5572 591 5629 Petri
622 5574 878 5644 apostoli.
908 5573 1251 5641 Charissimi,
1284 5572 1535 5630 Christus
1562 5589 1686 5644 pas.
1791 5574 2058 5629 Joannem
2103 5565 2274 5642 (cap)
2324 5580 2538 5631 CXLVI",
2574 5564 2721 5622 Dixit
2754 5566 2917 5623 Jcsus
2946 5565 3226 5639 discipulis
3254 5569 3390 5636 θυῖε,

205 5672 307 5720 iest
324 5680 413 5737 pro
437 5665 610 5734 nobis,
642 5682 800 5739 usque
825 5668 1127 5725 animarum
1150 5676 1480 5724 vestrarum.
1506 5667 1685 5723 Evan-
1792 5662 2064 5720 Modicum
2112 5669 2168 5718 et
2217 5674 2326 5716 non
2378 5657 2632 5715 videbitis
2662 5675 2777 5733 me,
2812 5676 2973 5733 usque
3011 5660 3269 5734 gaudium
3298 5677 3391 5719 ve-

205 5757 315 5814 lium
341 5758 623 5817 secundum
650 5758 914 5818 Joannem
943 5775 1065 5832 cap.
1098 5776 1320 5831 Lxxxtx,
1357 5759 1505 5817 Dixit
1526 5760 1683 5817 Jesus
1792 5768 1967 5818 stram
2002 5771 2165 5817 nemo
2188 5753 2351 5812 tolle!
2384 5766 2411 5808 τι
2441 5753 2617 5812 vrbis.
