  <div class='ocr_page' id='page_1' title='image "/cluster/home/n/w/nwhite01/storage/ocr_20150623/30/uva.x000826572/261.png"; bbox 0 0 4048 6326; ppageno 0'>
   <div class='ocr_carea' id='block_1_1' title="bbox 457 250 561 310">
    <p class='ocr_par' dir='ltr' id='par_1_1' title="bbox 457 250 561 310">
     <span class='ocr_line' id='line_1_1' title="bbox 457 250 561 310; baseline -0.058 0"><span class='ocrx_word' id='word_1_1' title='bbox 457 250 561 310; x_wconf 76' lang='lat'><strong>507</strong></span> 
     </span>
    </p>
   </div>
   <div class='ocr_carea' id='block_1_2' title="bbox 1500 241 2721 303">
    <p class='ocr_par' dir='ltr' id='par_1_2' title="bbox 1500 241 2721 303">
     <span class='ocr_line' id='line_1_2' title="bbox 1500 241 2721 303; baseline -0.006 0"><span class='ocrx_word' id='word_1_2' title='bbox 1500 246 1557 303; x_wconf 89' lang='lat' dir='ltr'><strong>S.</strong></span> <span class='ocrx_word' id='word_1_3' title='bbox 1602 242 1987 302; x_wconf 76' lang='lat' dir='ltr'><strong>lllEllONYMl</strong></span> <span class='ocrx_word' id='word_1_4' title='bbox 2024 241 2309 303; x_wconf 79' lang='lat' dir='ltr'><strong>UPERUM</strong></span> <span class='ocrx_word' id='word_1_5' title='bbox 2351 241 2721 300; x_wconf 66' lang='lat' dir='ltr'><strong>MANTISSA.</strong></span> 
     </span>
    </p>
   </div>
   <div class='ocr_carea' id='block_1_3' title="bbox 3667 245 3768 305">
    <p class='ocr_par' dir='ltr' id='par_1_3' title="bbox 3667 245 3768 305">
     <span class='ocr_line' id='line_1_3' title="bbox 3667 245 3768 305; baseline 0.01 -2"><span class='ocrx_word' id='word_1_6' title='bbox 3667 245 3768 305; x_wconf 76' lang='grc'><strong>508</strong></span> 
     </span>
    </p>
   </div>
   <div class='ocr_carea' id='block_1_4' title="bbox 526 357 3767 436">
    <p class='ocr_par' dir='ltr' id='par_1_4' title="bbox 526 357 3767 436">
     <span class='ocr_line' id='line_1_4' title="bbox 526 357 3767 436; baseline -0.001 -17"><span class='ocrx_word' id='word_1_7' title='bbox 526 364 597 420; x_wconf 84' lang='lat' dir='ltr'><strong>In</strong></span> <span class='ocrx_word' id='word_1_8' title='bbox 622 364 815 436; x_wconf 80' lang='lat' dir='ltr'><strong>pascha</strong></span> <span class='ocrx_word' id='word_1_9' title='bbox 839 366 1117 421; x_wconf 82' lang='lat' dir='ltr'><strong>aImotina.</strong></span> <span class='ocrx_word' id='word_1_10' title='bbox 1152 360 1504 431; x_wconf 85' lang='lat' dir='ltr'><strong>Evangelium</strong></span> <span class='ocrx_word' id='word_1_11' title='bbox 1551 358 1849 415; x_wconf 88' lang='lat' dir='ltr'><strong>secundum</strong></span> <span class='ocrx_word' id='word_1_12' title='bbox 1889 357 2056 413; x_wconf 86' lang='lat' dir='ltr'><strong>Joan-</strong></span> <span class='ocrx_word' id='word_1_13' title='bbox 2086 358 2136 418; x_wconf 84' lang='lat' dir='ltr'><strong>A</strong></span> <span class='ocrx_word' id='word_1_14' title='bbox 2165 357 2523 429; x_wconf 87' lang='lat' dir='ltr'><strong>Evangelium</strong></span> <span class='ocrx_word' id='word_1_15' title='bbox 2556 358 2852 415; x_wconf 88' lang='lat' dir='ltr'><strong>secundum</strong></span> <span class='ocrx_word' id='word_1_16' title='bbox 2884 357 3194 415; x_wconf 73' lang='lat' dir='ltr'><strong>Mattbmum</strong></span> <span class='ocrx_word' id='word_1_17' title='bbox 3218 373 3338 431; x_wconf 96' lang='lat' dir='ltr'><strong>cap.</strong></span> <span class='ocrx_word' id='word_1_18' title='bbox 3371 376 3591 417; x_wconf 75' lang='lat' dir='ltr'><strong>Luxvt.</strong></span> <span class='ocrx_word' id='word_1_19' title='bbox 3627 362 3767 419; x_wconf 78' lang='lat' dir='ltr'><strong>Dixit</strong></span> 
     </span>
    </p>
   </div>
   <div class='ocr_carea' id='block_1_5' title="bbox 455 451 2056 531">
    <p class='ocr_par' dir='ltr' id='par_1_5' title="bbox 455 451 2056 531">
     <span class='ocr_line' id='line_1_5' title="bbox 455 451 2056 531; baseline -0.007 -13"><span class='ocrx_word' id='word_1_20' title='bbox 455 475 582 518; x_wconf 89' lang='lat' dir='ltr'><strong>nem</strong></span> <span class='ocrx_word' id='word_1_21' title='bbox 613 474 733 531; x_wconf 86' lang='lat' dir='ltr'><strong>cap.</strong></span> <span class='ocrx_word' id='word_1_22' title='bbox 780 475 928 525; x_wconf 75' lang='lat' dir='ltr'><strong>xxtv,</strong></span> <span class='ocrx_word' id='word_1_23' title='bbox 988 457 1117 512; x_wconf 83' lang='lat' dir='ltr'><strong>Erat</strong></span> <span class='ocrx_word' id='word_1_24' title='bbox 1163 456 1327 510; x_wconf 85' lang='lat' dir='ltr'><strong>homo</strong></span> <span class='ocrx_word' id='word_1_25' title='bbox 1374 469 1442 509; x_wconf 76' lang='lat' dir='ltr'><strong>ex</strong></span> <span class='ocrx_word' id='word_1_26' title='bbox 1496 451 1774 523; x_wconf 72' lang='lat' dir='ltr'><strong>pharisaais</strong></span> <span class='ocrx_word' id='word_1_27' title='bbox 1815 451 2056 518; x_wconf 90' lang='lat' dir='ltr'><strong>nomine,</strong></span> 
     </span>
    </p>
   </div>
   <div class='ocr_carea' id='block_1_6' title="bbox 469 548 1483 623">
    <p class='ocr_par' dir='ltr' id='par_1_6' title="bbox 469 548 1483 623">
     <span class='ocr_line' id='line_1_6' title="bbox 469 548 1483 623; baseline -0.011 -15"><span class='ocrx_word' id='word_1_28' title='bbox 469 570 631 623; x_wconf 86' lang='lat' dir='ltr'><strong>usque</strong></span> <span class='ocrx_word' id='word_1_29' title='bbox 651 550 744 607; x_wconf 90' lang='lat' dir='ltr'><strong>sed</strong></span> <span class='ocrx_word' id='word_1_30' title='bbox 775 550 975 604; x_wconf 88' lang='lat' dir='ltr'><strong>habeat</strong></span> <span class='ocrx_word' id='word_1_31' title='bbox 1001 548 1167 601; x_wconf 87' lang='lat' dir='ltr'><strong>vitam</strong></span> <span class='ocrx_word' id='word_1_32' title='bbox 1200 555 1483 599; x_wconf 52' lang='lat' dir='ltr'><strong>a&#39;ternam.</strong></span> 
     </span>
    </p>
   </div>
   <div class='ocr_carea' id='block_1_7' title="bbox 531 632 2057 703">
    <p class='ocr_par' dir='ltr' id='par_1_7' title="bbox 531 632 2057 703">
     <span class='ocr_line' id='line_1_7' title="bbox 531 632 2057 703; baseline -0.009 -3"><span class='ocrx_word' id='word_1_33' title='bbox 531 644 652 700; x_wconf 82' lang='lat' dir='ltr'><strong>Kal.</strong></span> <span class='ocrx_word' id='word_1_34' title='bbox 686 640 829 696; x_wconf 85' lang='lat' dir='ltr'><strong>Maii.</strong></span> <span class='ocrx_word' id='word_1_35' title='bbox 862 638 1048 693; x_wconf 88' lang='lat' dir='ltr'><strong>Natale</strong></span> <span class='ocrx_word' id='word_1_36' title='bbox 1100 644 1414 692; x_wconf 82' lang='lat' dir='ltr'><strong>Sanctorum</strong></span> <span class='ocrx_word' id='word_1_37' title='bbox 1466 635 1701 703; x_wconf 83' lang='lat' dir='ltr'><strong>Philippi</strong></span> <span class='ocrx_word' id='word_1_38' title='bbox 1749 642 1802 689; x_wconf 88' lang='lat' dir='ltr'><strong>et</strong></span> <span class='ocrx_word' id='word_1_39' title='bbox 1843 632 2057 690; x_wconf 87' lang='lat' dir='ltr'><strong>Jacobi.</strong></span> 
     </span>
    </p>
   </div>
   <div class='ocr_carea' id='block_1_8' title="bbox 459 726 2058 796">
    <p class='ocr_par' dir='ltr' id='par_1_8' title="bbox 459 726 2058 796">
     <span class='ocr_line' id='line_1_8' title="bbox 459 726 2058 796; baseline -0.006 -4"><span class='ocrx_word' id='word_1_40' title='bbox 459 732 738 792; x_wconf 82' lang='lat' dir='ltr'><strong>Ambianis</strong></span> <span class='ocrx_word' id='word_1_41' title='bbox 787 729 939 786; x_wconf 85' lang='lat' dir='ltr'><strong>Accii</strong></span> <span class='ocrx_word' id='word_1_42' title='bbox 987 739 1039 784; x_wconf 90' lang='lat' dir='ltr'><strong>et</strong></span> <span class='ocrx_word' id='word_1_43' title='bbox 1092 729 1321 785; x_wconf 87' lang='lat' dir='ltr'><strong>Aecioli.</strong></span> <span class='ocrx_word' id='word_1_44' title='bbox 1356 727 1543 783; x_wconf 87' lang='lat' dir='ltr'><strong>Lectio</strong></span> <span class='ocrx_word' id='word_1_45' title='bbox 1586 727 1711 781; x_wconf 83' lang='lat' dir='ltr'><strong>libri</strong></span> <span class='ocrx_word' id='word_1_46' title='bbox 1742 726 2058 796; x_wconf 85' lang='lat' dir='ltr'><strong>Sapientiae.</strong></span> 
     </span>
    </p>
   </div>
   <div class='ocr_carea' id='block_1_9' title="bbox 462 819 2034 893">
    <p class='ocr_par' dir='ltr' id='par_1_9' title="bbox 462 819 2034 893">
     <span class='ocr_line' id='line_1_9' title="bbox 462 819 2034 893; baseline -0.006 -11"><span class='ocrx_word' id='word_1_47' title='bbox 462 827 695 883; x_wconf 84' lang='lat' dir='ltr'><strong>Stabunt</strong></span> <span class='ocrx_word' id='word_1_48' title='bbox 718 821 851 893; x_wconf 88' lang='lat' dir='ltr'><strong>justi</strong></span> <span class='ocrx_word' id='word_1_49' title='bbox 881 823 932 876; x_wconf 93' lang='lat' dir='ltr'><strong>in</strong></span> <span class='ocrx_word' id='word_1_50' title='bbox 976 837 1167 892; x_wconf 83' lang='lat' dir='ltr'><strong>magna</strong></span> <span class='ocrx_word' id='word_1_51' title='bbox 1201 819 1529 885; x_wconf 79' lang='lat' dir='ltr'><strong>conSIantia,</strong></span> <span class='ocrx_word' id='word_1_52' title='bbox 1569 835 1732 890; x_wconf 81' lang='lat' dir='ltr'><strong>usque</strong></span> <span class='ocrx_word' id='word_1_53' title='bbox 1765 819 1907 874; x_wconf 91' lang='lat' dir='ltr'><strong>inter</strong></span> <span class='ocrx_word' id='word_1_54' title='bbox 1938 835 2034 874; x_wconf 73' lang='lat' dir='ltr'><strong>san</strong></span> 
     </span>
    </p>
   </div>
   <div class='ocr_carea' id='block_1_10' title="bbox 466 910 2060 985">
    <p class='ocr_par' dir='ltr' id='par_1_10' title="bbox 466 910 2060 985">
     <span class='ocr_line' id='line_1_10' title="bbox 466 910 2060 985; baseline -0.005 -11"><span class='ocrx_word' id='word_1_55' title='bbox 466 930 585 975; x_wconf 90' lang='lat' dir='ltr'><strong>etos</strong></span> <span class='ocrx_word' id='word_1_56' title='bbox 613 931 734 971; x_wconf 83' lang='lat' dir='ltr'><strong>sors</strong></span> <span class='ocrx_word' id='word_1_57' title='bbox 775 915 993 971; x_wconf 91' lang='lat' dir='ltr'><strong>illorum</strong></span> <span class='ocrx_word' id='word_1_58' title='bbox 1027 924 1130 970; x_wconf 89' lang='lat' dir='ltr'><strong>est.</strong></span> <span class='ocrx_word' id='word_1_59' title='bbox 1173 913 1528 985; x_wconf 84' lang='lat' dir='ltr'><strong>Evangelium</strong></span> <span class='ocrx_word' id='word_1_60' title='bbox 1564 910 1861 967; x_wconf 83' lang='lat' dir='ltr'><strong>secundum</strong></span> <span class='ocrx_word' id='word_1_61' title='bbox 1894 911 2060 967; x_wconf 86' lang='lat' dir='ltr'><strong>Joan-</strong></span> 
     </span>
    </p>
   </div>
   <div class='ocr_carea' id='block_1_11' title="bbox 462 1003 2064 1079">
    <p class='ocr_par' dir='ltr' id='par_1_11' title="bbox 462 1003 2064 1079">
     <span class='ocr_line' id='line_1_11' title="bbox 462 1003 2064 1079; baseline -0.004 -14"><span class='ocrx_word' id='word_1_62' title='bbox 462 1026 585 1065; x_wconf 87' lang='lat' dir='ltr'><strong>nem</strong></span> <span class='ocrx_word' id='word_1_63' title='bbox 610 1024 734 1079; x_wconf 86' lang='lat' dir='ltr'><strong>cap.</strong></span> <span class='ocrx_word' id='word_1_64' title='bbox 760 1023 969 1074; x_wconf 80' lang='lat' dir='ltr'><strong>cxxvtt,</strong></span> <span class='ocrx_word' id='word_1_65' title='bbox 1000 1007 1141 1062; x_wconf 80' lang='lat' dir='ltr'><strong>Dixit</strong></span> <span class='ocrx_word' id='word_1_66' title='bbox 1162 1006 1317 1061; x_wconf 76' lang='lat' dir='ltr'><strong>Jesus</strong></span> <span class='ocrx_word' id='word_1_67' title='bbox 1340 1004 1626 1075; x_wconf 78' lang='lat' dir='ltr'><strong>discipulis</strong></span> <span class='ocrx_word' id='word_1_68' title='bbox 1649 1004 1785 1069; x_wconf 86' lang='lat' dir='ltr'><strong>suis,</strong></span> <span class='ocrx_word' id='word_1_69' title='bbox 1811 1003 1928 1059; x_wconf 75' lang='lat' dir='ltr'><strong>Non</strong></span> <span class='ocrx_word' id='word_1_70' title='bbox 1951 1015 2064 1059; x_wconf 83' lang='lat' dir='ltr'><strong>tur-</strong></span> 
     </span>
    </p>
   </div>
   <div class='ocr_carea' id='block_1_12' title="bbox 454 1100 2048 1173">
    <p class='ocr_par' dir='ltr' id='par_1_12' title="bbox 454 1100 2048 1173">
     <span class='ocr_line' id='line_1_12' title="bbox 454 1100 2048 1173; baseline -0.004 -13"><span class='ocrx_word' id='word_1_71' title='bbox 454 1103 614 1160; x_wconf 89' lang='lat' dir='ltr'><strong>betur</strong></span> <span class='ocrx_word' id='word_1_72' title='bbox 643 1117 737 1157; x_wconf 90' lang='lat' dir='ltr'><strong>cor</strong></span> <span class='ocrx_word' id='word_1_73' title='bbox 766 1111 1034 1168; x_wconf 84' lang='lat' dir='ltr'><strong>vestrum,</strong></span> <span class='ocrx_word' id='word_1_74' title='bbox 1071 1100 1292 1156; x_wconf 89' lang='lat' dir='ltr'><strong>creditis</strong></span> <span class='ocrx_word' id='word_1_75' title='bbox 1324 1101 1375 1155; x_wconf 91' lang='lat' dir='ltr'><strong>in</strong></span> <span class='ocrx_word' id='word_1_76' title='bbox 1410 1100 1600 1169; x_wconf 90' lang='lat' dir='ltr'><strong>Deum,</strong></span> <span class='ocrx_word' id='word_1_77' title='bbox 1650 1117 1811 1173; x_wconf 84' lang='lat' dir='ltr'><strong>usque</strong></span> <span class='ocrx_word' id='word_1_78' title='bbox 1860 1101 1913 1154; x_wconf 92' lang='lat' dir='ltr'><strong>in</strong></span> <span class='ocrx_word' id='word_1_79' title='bbox 1964 1115 2048 1154; x_wconf 89' lang='lat' dir='ltr'><strong>no-</strong></span> 
     </span>
    </p>
   </div>
   <div class='ocr_carea' id='block_1_13' title="bbox 463 1193 1152 1251">
    <p class='ocr_par' dir='ltr' id='par_1_13' title="bbox 463 1193 1152 1251">
     <span class='ocr_line' id='line_1_13' title="bbox 463 1193 1152 1251; baseline -0.003 0"><span class='ocrx_word' id='word_1_80' title='bbox 463 1197 611 1251; x_wconf 85' lang='lat' dir='ltr'><strong>mine</strong></span> <span class='ocrx_word' id='word_1_81' title='bbox 641 1209 764 1250; x_wconf 89' lang='lat' dir='ltr'><strong>meo</strong></span> <span class='ocrx_word' id='word_1_82' title='bbox 786 1193 906 1249; x_wconf 70' lang='lat' dir='ltr'><strong>hmc</strong></span> <span class='ocrx_word' id='word_1_83' title='bbox 934 1194 1152 1249; x_wconf 79' lang='lat' dir='ltr'><strong>faciam.</strong></span> 
     </span>
    </p>
   </div>
   <div class='ocr_carea' id='block_1_14' title="bbox 533 1287 2060 1360">
    <p class='ocr_par' dir='ltr' id='par_1_14' title="bbox 533 1287 2060 1360">
     <span class='ocr_line' id='line_1_14' title="bbox 533 1287 2060 1360; baseline -0.001 -15"><span class='ocrx_word' id='word_1_84' title='bbox 533 1289 719 1345; x_wconf 89' lang='lat' dir='ltr'><strong>Lectio</strong></span> <span class='ocrx_word' id='word_1_85' title='bbox 746 1289 868 1344; x_wconf 85' lang='lat' dir='ltr'><strong>libri</strong></span> <span class='ocrx_word' id='word_1_86' title='bbox 893 1289 1209 1360; x_wconf 69' lang='lat' dir='ltr'><strong>Sapientim.</strong></span> <span class='ocrx_word' id='word_1_87' title='bbox 1242 1287 1358 1347; x_wconf 74' lang='lat' dir='ltr'><strong>Viri</strong></span> <span class='ocrx_word' id='word_1_88' title='bbox 1382 1290 1514 1360; x_wconf 85' lang='lat' dir='ltr'><strong>justi</strong></span> <span class='ocrx_word' id='word_1_89' title='bbox 1541 1290 1649 1346; x_wconf 89' lang='lat' dir='ltr'><strong>sint</strong></span> <span class='ocrx_word' id='word_1_90' title='bbox 1676 1289 1769 1345; x_wconf 84' lang='lat' dir='ltr'><strong>tibi</strong></span> <span class='ocrx_word' id='word_1_91' title='bbox 1797 1291 2060 1358; x_wconf 69' lang='lat' dir='ltr'><strong>conviva&#39;,</strong></span> 
     </span>
    </p>
   </div>
   <div class='ocr_carea' id='block_1_15' title="bbox 463 1381 2063 1453">
    <p class='ocr_par' dir='ltr' id='par_1_15' title="bbox 463 1381 2063 1453">
     <span class='ocr_line' id='line_1_15' title="bbox 463 1381 2063 1453; baseline 0.002 -17"><span class='ocrx_word' id='word_1_92' title='bbox 463 1398 625 1453; x_wconf 77' lang='lat' dir='ltr'><strong>usque</strong></span> <span class='ocrx_word' id='word_1_93' title='bbox 646 1381 1036 1435; x_wconf 89' lang='lat' dir='ltr'><strong>honoratorum</strong></span> <span class='ocrx_word' id='word_1_94' title='bbox 1071 1390 1125 1437; x_wconf 90' lang='lat' dir='ltr'><strong>et</strong></span> <span class='ocrx_word' id='word_1_95' title='bbox 1158 1397 1482 1451; x_wconf 82' lang='lat' dir='ltr'><strong>pauperum.</strong></span> <span class='ocrx_word' id='word_1_96' title='bbox 1520 1383 1727 1452; x_wconf 85' lang='lat' dir='ltr'><strong>Evang.</strong></span> <span class='ocrx_word' id='word_1_97' title='bbox 1761 1384 2063 1439; x_wconf 90' lang='lat' dir='ltr'><strong>secundum</strong></span> 
     </span>
    </p>
   </div>
   <div class='ocr_carea' id='block_1_16' title="bbox 465 1475 2062 1547">
    <p class='ocr_par' dir='ltr' id='par_1_16' title="bbox 465 1475 2062 1547">
     <span class='ocr_line' id='line_1_16' title="bbox 465 1475 2062 1547; baseline 0.002 -16"><span class='ocrx_word' id='word_1_98' title='bbox 465 1475 667 1531; x_wconf 81' lang='lat' dir='ltr'><strong>Lucam</strong></span> <span class='ocrx_word' id='word_1_99' title='bbox 698 1492 818 1547; x_wconf 88' lang='lat' dir='ltr'><strong>cap.</strong></span> <span class='ocrx_word' id='word_1_100' title='bbox 848 1491 1073 1542; x_wconf 79' lang='lat' dir='ltr'><strong>CXLVIII,</strong></span> <span class='ocrx_word' id='word_1_101' title='bbox 1110 1476 1253 1531; x_wconf 81' lang='lat' dir='ltr'><strong>Dixit</strong></span> <span class='ocrx_word' id='word_1_102' title='bbox 1283 1476 1442 1531; x_wconf 80' lang='lat' dir='ltr'><strong>Jesus</strong></span> <span class='ocrx_word' id='word_1_103' title='bbox 1471 1476 1750 1547; x_wconf 83' lang='lat' dir='ltr'><strong>discipulis</strong></span> <span class='ocrx_word' id='word_1_104' title='bbox 1772 1478 1906 1542; x_wconf 89' lang='lat' dir='ltr'><strong>suis,</strong></span> <span class='ocrx_word' id='word_1_105' title='bbox 1930 1476 2062 1533; x_wconf 90' lang='lat' dir='ltr'><strong>Cum</strong></span> 
     </span>
    </p>
   </div>
   <div class='ocr_carea' id='block_1_17' title="bbox 465 1568 2066 1641">
    <p class='ocr_par' dir='ltr' id='par_1_17' title="bbox 465 1568 2066 1641">
     <span class='ocr_line' id='line_1_17' title="bbox 465 1568 2066 1641; baseline 0.005 -20"><span class='ocrx_word' id='word_1_106' title='bbox 465 1568 748 1623; x_wconf 85' lang='lat' dir='ltr'><strong>audieritis</strong></span> <span class='ocrx_word' id='word_1_107' title='bbox 782 1568 991 1639; x_wconf 81' lang='lat' dir='ltr'><strong>praelia,</strong></span> <span class='ocrx_word' id='word_1_108' title='bbox 1024 1584 1187 1641; x_wconf 81' lang='lat' dir='ltr'><strong>usque</strong></span> <span class='ocrx_word' id='word_1_109' title='bbox 1234 1570 1286 1623; x_wconf 90' lang='lat' dir='ltr'><strong>in</strong></span> <span class='ocrx_word' id='word_1_110' title='bbox 1333 1570 1594 1640; x_wconf 82' lang='lat' dir='ltr'><strong>patientia</strong></span> <span class='ocrx_word' id='word_1_111' title='bbox 1628 1574 1807 1626; x_wconf 83' lang='lat' dir='ltr'><strong>vestra</strong></span> <span class='ocrx_word' id='word_1_112' title='bbox 1856 1570 2066 1629; x_wconf 89' lang='lat' dir='ltr'><strong>animas</strong></span> 
     </span>
    </p>
   </div>
   <div class='ocr_carea' id='block_1_18' title="bbox 461 1668 699 1715">
    <p class='ocr_par' dir='ltr' id='par_1_18' title="bbox 461 1668 699 1715">
     <span class='ocr_line' id='line_1_18' title="bbox 461 1668 699 1715; baseline -0.004 0"><span class='ocrx_word' id='word_1_113' title='bbox 461 1668 699 1715; x_wconf 69' lang='grc' dir='ltr'><strong>νθειτθε.</strong></span> 
     </span>
    </p>
   </div>
   <div class='ocr_carea' id='block_1_19' title="bbox 2161 450 3768 529">
    <p class='ocr_par' dir='ltr' id='par_1_19' title="bbox 2161 450 3768 529">
     <span class='ocr_line' id='line_1_19' title="bbox 2161 450 3768 529; baseline 0.004 -22"><span class='ocrx_word' id='word_1_114' title='bbox 2161 450 2319 507; x_wconf 90' lang='lat' dir='ltr'><strong>Jesus</strong></span> <span class='ocrx_word' id='word_1_115' title='bbox 2346 450 2628 529; x_wconf 85' lang='lat' dir='ltr'><strong>discipulis</strong></span> <span class='ocrx_word' id='word_1_116' title='bbox 2663 452 2799 518; x_wconf 87' lang='lat' dir='ltr'><strong>suis,</strong></span> <span class='ocrx_word' id='word_1_117' title='bbox 2836 452 2977 509; x_wconf 86' lang='lat' dir='ltr'><strong>Ecce</strong></span> <span class='ocrx_word' id='word_1_118' title='bbox 3009 468 3108 524; x_wconf 91' lang='lat' dir='ltr'><strong>ego</strong></span> <span class='ocrx_word' id='word_1_119' title='bbox 3139 452 3295 509; x_wconf 91' lang='lat' dir='ltr'><strong>mitto</strong></span> <span class='ocrx_word' id='word_1_120' title='bbox 3342 469 3460 521; x_wconf 87' lang='lat' dir='ltr'><strong>vos,</strong></span> <span class='ocrx_word' id='word_1_121' title='bbox 3493 471 3656 528; x_wconf 76' lang='lat' dir='ltr'><strong>usque</strong></span> <span class='ocrx_word' id='word_1_122' title='bbox 3684 455 3768 515; x_wconf 85' lang='lat' dir='ltr'><strong>hic</strong></span> 
     </span>
    </p>
   </div>
   <div class='ocr_carea' id='block_1_20' title="bbox 2164 543 2503 599">
    <p class='ocr_par' dir='ltr' id='par_1_20' title="bbox 2164 543 2503 599">
     <span class='ocr_line' id='line_1_20' title="bbox 2164 543 2503 599; baseline -0.003 0"><span class='ocrx_word' id='word_1_123' title='bbox 2164 545 2349 599; x_wconf 88' lang='lat' dir='ltr'><strong>salvus</strong></span> <span class='ocrx_word' id='word_1_124' title='bbox 2379 543 2503 599; x_wconf 88' lang='lat' dir='ltr'><strong>erit.</strong></span> 
     </span>
    </p>
   </div>
   <div class='ocr_carea' id='block_1_21' title="bbox 2235 634 3767 717">
    <p class='ocr_par' dir='ltr' id='par_1_21' title="bbox 2235 634 3767 717">
     <span class='ocr_line' id='line_1_21' title="bbox 2235 634 3767 717; baseline 0.005 -28"><span class='ocrx_word' id='word_1_125' title='bbox 2235 634 2395 690; x_wconf 87' lang='lat' dir='ltr'><strong>Feria</strong></span> <span class='ocrx_word' id='word_1_126' title='bbox 2426 653 2476 691; x_wconf 93' lang='lat' dir='ltr'><strong>Iv</strong></span> <span class='ocrx_word' id='word_1_127' title='bbox 2506 635 2858 699; x_wconf 74' lang='lat' dir='ltr'><strong>hebdomada:</strong></span> <span class='ocrx_word' id='word_1_128' title='bbox 2886 652 3008 709; x_wconf 77' lang='lat' dir='ltr'><strong>qua:</strong></span> <span class='ocrx_word' id='word_1_129' title='bbox 3054 652 3236 709; x_wconf 88' lang='lat' dir='ltr'><strong>supra.</strong></span> <span class='ocrx_word' id='word_1_130' title='bbox 3292 637 3481 698; x_wconf 87' lang='lat' dir='ltr'><strong>Lectio</strong></span> <span class='ocrx_word' id='word_1_131' title='bbox 3509 638 3767 717; x_wconf 62' lang='lat' dir='ltr'><strong>Epistolas</strong></span> 
     </span>
    </p>
   </div>
   <div class='ocr_carea' id='block_1_22' title="bbox 2163 725 3765 801">
    <p class='ocr_par' dir='ltr' id='par_1_22' title="bbox 2163 725 3765 801">
     <span class='ocr_line' id='line_1_22' title="bbox 2163 725 3765 801; baseline 0.006 -18"><span class='ocrx_word' id='word_1_132' title='bbox 2163 725 2309 784; x_wconf 88' lang='lat' dir='ltr'><strong>beati</strong></span> <span class='ocrx_word' id='word_1_133' title='bbox 2358 728 2507 793; x_wconf 81' lang='lat' dir='ltr'><strong>Pauli</strong></span> <span class='ocrx_word' id='word_1_134' title='bbox 2557 729 2789 798; x_wconf 60' lang='grc' dir='ltr'><strong>θροηθιὶ</strong></span> <span class='ocrx_word' id='word_1_135' title='bbox 2837 730 2901 784; x_wconf 88' lang='lat' dir='ltr'><strong>ad</strong></span> <span class='ocrx_word' id='word_1_136' title='bbox 2948 730 3485 789; x_wconf 83' lang='lat' dir='ltr'><strong>Thessalonicenses.</strong></span> <span class='ocrx_word' id='word_1_137' title='bbox 3523 734 3765 801; x_wconf 85' lang='lat' dir='ltr'><strong>Fratres.</strong></span> 
     </span>
    </p>
   </div>
   <div class='ocr_carea' id='block_1_23' title="bbox 2170 820 3767 896">
    <p class='ocr_par' dir='ltr' id='par_1_23' title="bbox 2170 820 3767 896">
     <span class='ocr_line' id='line_1_23' title="bbox 2170 820 3767 896; baseline 0.007 -25"><span class='ocrx_word' id='word_1_138' title='bbox 2170 835 2359 874; x_wconf 87' lang='lat' dir='ltr'><strong>omnes</strong></span> <span class='ocrx_word' id='word_1_139' title='bbox 2386 820 2531 874; x_wconf 93' lang='lat' dir='ltr'><strong>enim</strong></span> <span class='ocrx_word' id='word_1_140' title='bbox 2559 834 2655 873; x_wconf 89' lang='lat' dir='ltr'><strong>vos</strong></span> <span class='ocrx_word' id='word_1_141' title='bbox 2692 821 2783 875; x_wconf 85' lang='lat' dir='ltr'><strong>lilii</strong></span> <span class='ocrx_word' id='word_1_142' title='bbox 2816 820 2952 877; x_wconf 89' lang='lat' dir='ltr'><strong>lucis</strong></span> <span class='ocrx_word' id='word_1_143' title='bbox 2982 829 3038 877; x_wconf 86' lang='lat' dir='ltr'><strong>et</strong></span> <span class='ocrx_word' id='word_1_144' title='bbox 3070 823 3161 877; x_wconf 81' lang='lat' dir='ltr'><strong>lilii</strong></span> <span class='ocrx_word' id='word_1_145' title='bbox 3190 822 3302 879; x_wconf 89' lang='lat' dir='ltr'><strong>diei</strong></span> <span class='ocrx_word' id='word_1_146' title='bbox 3334 824 3489 891; x_wconf 82' lang='lat' dir='ltr'><strong>estis,</strong></span> <span class='ocrx_word' id='word_1_147' title='bbox 3522 842 3687 896; x_wconf 82' lang='lat' dir='ltr'><strong>usque</strong></span> <span class='ocrx_word' id='word_1_148' title='bbox 3716 835 3767 882; x_wconf 90' lang='lat' dir='ltr'><strong>et</strong></span> 
     </span>
    </p>
   </div>
   <div class='ocr_carea' id='block_1_24' title="bbox 2171 911 3764 975">
    <p class='ocr_par' dir='ltr' id='par_1_24' title="bbox 2171 911 3764 975">
     <span class='ocr_line' id='line_1_24' title="bbox 2171 911 3764 975; baseline 0.008 -12"><span class='ocrx_word' id='word_1_149' title='bbox 2171 911 2435 966; x_wconf 81' lang='lat' dir='ltr'><strong>aediﬁcale</strong></span> <span class='ocrx_word' id='word_1_150' title='bbox 2473 912 2791 967; x_wconf 80' lang='lat' dir='ltr'><strong>alterutrum</strong></span> <span class='ocrx_word' id='word_1_151' title='bbox 2820 913 2870 967; x_wconf 95' lang='lat' dir='ltr'><strong>in</strong></span> <span class='ocrx_word' id='word_1_152' title='bbox 2899 911 3115 970; x_wconf 61' lang='lat' dir='ltr'><strong>Christo</strong></span> <span class='ocrx_word' id='word_1_153' title='bbox 3142 913 3273 970; x_wconf 87' lang='lat' dir='ltr'><strong>Jesu</strong></span> <span class='ocrx_word' id='word_1_154' title='bbox 3299 914 3529 971; x_wconf 89' lang='lat' dir='ltr'><strong>Domino</strong></span> <span class='ocrx_word' id='word_1_155' title='bbox 3558 927 3764 975; x_wconf 91' lang='lat' dir='ltr'><strong>nostro.</strong></span> 
     </span>
    </p>
   </div>
   <div class='ocr_carea' id='block_1_25' title="bbox 2168 1001 3770 1082">
    <p class='ocr_par' dir='ltr' id='par_1_25' title="bbox 2168 1001 3770 1082">
     <span class='ocr_line' id='line_1_25' title="bbox 2168 1001 3770 1082; baseline 0.007 -26"><span class='ocrx_word' id='word_1_156' title='bbox 2168 1001 2517 1072; x_wconf 72' lang='lat' dir='ltr'><strong>Evangelinm</strong></span> <span class='ocrx_word' id='word_1_157' title='bbox 2552 1004 2846 1060; x_wconf 90' lang='lat' dir='ltr'><strong>secundum</strong></span> <span class='ocrx_word' id='word_1_158' title='bbox 2883 1005 3117 1061; x_wconf 84' lang='lat' dir='ltr'><strong>Marcum</strong></span> <span class='ocrx_word' id='word_1_159' title='bbox 3148 1022 3197 1061; x_wconf 90' lang='lat' dir='ltr'><strong>c.</strong></span> <span class='ocrx_word' id='word_1_160' title='bbox 3233 1022 3499 1079; x_wconf 79' lang='lat' dir='ltr'><strong>ccxxxut,</strong></span> <span class='ocrx_word' id='word_1_161' title='bbox 3534 1009 3770 1082; x_wconf 85' lang='lat' dir='ltr'><strong>Surgens</strong></span> 
     </span>
    </p>
   </div>
   <div class='ocr_carea' id='block_1_26' title="bbox 2163 1096 3772 1174">
    <p class='ocr_par' dir='ltr' id='par_1_26' title="bbox 2163 1096 3772 1174">
     <span class='ocr_line' id='line_1_26' title="bbox 2163 1096 3772 1174; baseline 0.007 -23"><span class='ocrx_word' id='word_1_162' title='bbox 2163 1107 2344 1151; x_wconf 89' lang='lat' dir='ltr'><strong>autem</strong></span> <span class='ocrx_word' id='word_1_163' title='bbox 2377 1096 2541 1155; x_wconf 90' lang='lat' dir='ltr'><strong>Jesus</strong></span> <span class='ocrx_word' id='word_1_164' title='bbox 2572 1115 2733 1157; x_wconf 90' lang='lat' dir='ltr'><strong>mane</strong></span> <span class='ocrx_word' id='word_1_165' title='bbox 2782 1101 2955 1165; x_wconf 88' lang='lat' dir='ltr'><strong>prima</strong></span> <span class='ocrx_word' id='word_1_166' title='bbox 3000 1101 3233 1167; x_wconf 86' lang='lat' dir='ltr'><strong>sabbati,</strong></span> <span class='ocrx_word' id='word_1_167' title='bbox 3283 1118 3445 1174; x_wconf 79' lang='lat' dir='ltr'><strong>usque</strong></span> <span class='ocrx_word' id='word_1_168' title='bbox 3489 1105 3772 1162; x_wconf 86' lang='lat' dir='ltr'><strong>nuntiave-</strong></span> 
     </span>
    </p>
   </div>
   <div class='ocr_carea' id='block_1_27' title="bbox 2166 1194 2549 1248">
    <p class='ocr_par' dir='ltr' id='par_1_27' title="bbox 2166 1194 2549 1248">
     <span class='ocr_line' id='line_1_27' title="bbox 2166 1194 2549 1248; baseline 0.003 -2"><span class='ocrx_word' id='word_1_169' title='bbox 2166 1196 2286 1246; x_wconf 82' lang='lat' dir='ltr'><strong>runt</strong></span> <span class='ocrx_word' id='word_1_170' title='bbox 2316 1194 2549 1248; x_wconf 65' lang='lat' dir='ltr'><strong>eteteris.</strong></span> 
     </span>
    </p>
   </div>
   <div class='ocr_carea' id='block_1_28' title="bbox 2238 1283 3769 1357">
    <p class='ocr_par' dir='ltr' id='par_1_28' title="bbox 2238 1283 3769 1357">
     <span class='ocr_line' id='line_1_28' title="bbox 2238 1283 3769 1357; baseline 0.004 -19"><span class='ocrx_word' id='word_1_171' title='bbox 2238 1283 2393 1339; x_wconf 79' lang='lat' dir='ltr'><strong>Feria</strong></span> <span class='ocrx_word' id='word_1_172' title='bbox 2428 1300 2459 1338; x_wconf 90' lang='lat' dir='ltr'><strong>v</strong></span> <span class='ocrx_word' id='word_1_173' title='bbox 2499 1284 2853 1341; x_wconf 71' lang='lat' dir='ltr'><strong>hebdomadm</strong></span> <span class='ocrx_word' id='word_1_174' title='bbox 2901 1301 3020 1357; x_wconf 83' lang='lat' dir='ltr'><strong>quae</strong></span> <span class='ocrx_word' id='word_1_175' title='bbox 3068 1299 3253 1356; x_wconf 89' lang='lat' dir='ltr'><strong>supra.</strong></span> <span class='ocrx_word' id='word_1_176' title='bbox 3304 1285 3493 1341; x_wconf 92' lang='lat' dir='ltr'><strong>Lectio</strong></span> <span class='ocrx_word' id='word_1_177' title='bbox 3541 1286 3769 1344; x_wconf 81' lang='lat' dir='ltr'><strong>Actuum</strong></span> 
     </span>
    </p>
   </div>
   <div class='ocr_carea' id='block_1_29' title="bbox 2166 1375 3770 1443">
    <p class='ocr_par' dir='ltr' id='par_1_29' title="bbox 2166 1375 3770 1443">
     <span class='ocr_line' id='line_1_29' title="bbox 2166 1375 3770 1443; baseline 0.004 -14"><span class='ocrx_word' id='word_1_178' title='bbox 2166 1375 2555 1443; x_wconf 66' lang='lat' dir='ltr'><strong>apouoloruni.</strong></span> <span class='ocrx_word' id='word_1_179' title='bbox 2591 1375 2647 1431; x_wconf 87' lang='lat' dir='ltr'><strong>In</strong></span> <span class='ocrx_word' id='word_1_180' title='bbox 2677 1378 2869 1434; x_wconf 90' lang='lat' dir='ltr'><strong>diebus</strong></span> <span class='ocrx_word' id='word_1_181' title='bbox 2910 1378 3019 1434; x_wconf 80' lang='lat' dir='ltr'><strong>illis</strong></span> <span class='ocrx_word' id='word_1_182' title='bbox 3072 1378 3210 1433; x_wconf 82' lang='lat' dir='ltr'><strong>facta</strong></span> <span class='ocrx_word' id='word_1_183' title='bbox 3261 1386 3343 1435; x_wconf 90' lang='lat' dir='ltr'><strong>est</strong></span> <span class='ocrx_word' id='word_1_184' title='bbox 3394 1379 3629 1434; x_wconf 85' lang='lat' dir='ltr'><strong>turbatio</strong></span> <span class='ocrx_word' id='word_1_185' title='bbox 3666 1396 3770 1436; x_wconf 91' lang='lat' dir='ltr'><strong>non</strong></span> 
     </span>
    </p>
   </div>
   <div class='ocr_carea' id='block_1_30' title="bbox 2168 1470 3775 1542">
    <p class='ocr_par' dir='ltr' id='par_1_30' title="bbox 2168 1470 3775 1542">
     <span class='ocr_line' id='line_1_30' title="bbox 2168 1470 3775 1542; baseline 0.003 -19"><span class='ocrx_word' id='word_1_186' title='bbox 2168 1470 2389 1523; x_wconf 81' lang='lat' dir='ltr'><strong>minima</strong></span> <span class='ocrx_word' id='word_1_187' title='bbox 2419 1470 2486 1523; x_wconf 80' lang='lat' dir='ltr'><strong>de</strong></span> <span class='ocrx_word' id='word_1_188' title='bbox 2519 1470 2629 1535; x_wconf 88' lang='lat' dir='ltr'><strong>via,</strong></span> <span class='ocrx_word' id='word_1_189' title='bbox 2661 1487 2818 1542; x_wconf 82' lang='lat' dir='ltr'><strong>usque</strong></span> <span class='ocrx_word' id='word_1_190' title='bbox 2848 1486 2969 1525; x_wconf 84' lang='lat' dir='ltr'><strong>cum</strong></span> <span class='ocrx_word' id='word_1_191' title='bbox 3001 1472 3119 1525; x_wconf 67' lang='lat' dir='ltr'><strong>htec</strong></span> <span class='ocrx_word' id='word_1_192' title='bbox 3156 1470 3409 1540; x_wconf 80' lang='lat' dir='ltr'><strong>dixisset,</strong></span> <span class='ocrx_word' id='word_1_193' title='bbox 3435 1471 3645 1528; x_wconf 86' lang='lat' dir='ltr'><strong>dimisit</strong></span> <span class='ocrx_word' id='word_1_194' title='bbox 3672 1473 3775 1528; x_wconf 85' lang='lat' dir='ltr'><strong>Ec-</strong></span> 
     </span>
    </p>
   </div>
   <div class='ocr_carea' id='block_1_31' title="bbox 2167 1562 3386 1633">
    <p class='ocr_par' dir='ltr' id='par_1_31' title="bbox 2167 1562 3386 1633">
     <span class='ocr_line' id='line_1_31' title="bbox 2167 1562 3386 1633; baseline 0.001 -17"><span class='ocrx_word' id='word_1_195' title='bbox 2167 1562 2411 1618; x_wconf 88' lang='lat' dir='ltr'><strong>c&#39;esiam.</strong></span> <span class='ocrx_word' id='word_1_196' title='bbox 2448 1563 2803 1633; x_wconf 85' lang='lat' dir='ltr'><strong>Evangeliutn</strong></span> <span class='ocrx_word' id='word_1_197' title='bbox 2833 1564 2975 1632; x_wconf 88' lang='lat' dir='ltr'><strong>quod</strong></span> <span class='ocrx_word' id='word_1_198' title='bbox 3001 1564 3051 1619; x_wconf 89' lang='lat' dir='ltr'><strong>in</strong></span> <span class='ocrx_word' id='word_1_199' title='bbox 3083 1564 3386 1619; x_wconf 90' lang='lat' dir='ltr'><strong>Dominica.</strong></span> 
     </span>
    </p>
   </div>
   <div class='ocr_carea' id='block_1_32' title="bbox 2246 1654 3776 1730">
    <p class='ocr_par' dir='ltr' id='par_1_32' title="bbox 2246 1654 3776 1730">
     <span class='ocr_line' id='line_1_32' title="bbox 2246 1654 3776 1730; baseline 0.005 -23"><span class='ocrx_word' id='word_1_200' title='bbox 2246 1654 2428 1710; x_wconf 56' lang='lat' dir='ltr'><strong>Romae</strong></span> <span class='ocrx_word' id='word_1_201' title='bbox 2462 1656 2641 1711; x_wconf 86' lang='lat' dir='ltr'><strong>natale</strong></span> <span class='ocrx_word' id='word_1_202' title='bbox 2669 1657 2844 1711; x_wconf 83' lang='lat' dir='ltr'><strong>san‘eIi</strong></span> <span class='ocrx_word' id='word_1_203' title='bbox 2873 1655 3155 1712; x_wconf 85' lang='lat' dir='ltr'><strong>Gordiani.</strong></span> <span class='ocrx_word' id='word_1_204' title='bbox 3185 1656 3370 1712; x_wconf 86' lang='lat' dir='ltr'><strong>Lectio</strong></span> <span class='ocrx_word' id='word_1_205' title='bbox 3399 1656 3520 1713; x_wconf 88' lang='lat' dir='ltr'><strong>libri</strong></span> <span class='ocrx_word' id='word_1_206' title='bbox 3545 1657 3776 1730; x_wconf 84' lang='lat' dir='ltr'><strong>Sapien-</strong></span> 
     </span>
    </p>
   </div>
   <div class='ocr_carea' id='block_1_33' title="bbox 541 1744 3775 1825">
    <p class='ocr_par' dir='ltr' id='par_1_33' title="bbox 541 1744 3775 1825">
     <span class='ocr_line' id='line_1_33' title="bbox 541 1744 3775 1825; baseline 0 -20"><span class='ocrx_word' id='word_1_207' title='bbox 541 1749 701 1806; x_wconf 87' lang='lat' dir='ltr'><strong>Feria</strong></span> <span class='ocrx_word' id='word_1_208' title='bbox 754 1766 790 1807; x_wconf 91' lang='lat' dir='ltr'><strong>II</strong></span> <span class='ocrx_word' id='word_1_209' title='bbox 839 1750 1194 1809; x_wconf 64' lang='lat' dir='ltr'><strong>hebdomadas</strong></span> <span class='ocrx_word' id='word_1_210' title='bbox 1238 1769 1358 1825; x_wconf 65' lang='lat' dir='ltr'><strong>quin</strong></span> <span class='ocrx_word' id='word_1_211' title='bbox 1398 1769 1582 1825; x_wconf 87' lang='lat' dir='ltr'><strong>supra.</strong></span> <span class='ocrx_word' id='word_1_212' title='bbox 1618 1754 1803 1812; x_wconf 85' lang='lat' dir='ltr'><strong>Lectio</strong></span> <span class='ocrx_word' id='word_1_213' title='bbox 1829 1757 2059 1814; x_wconf 72' lang='lat' dir='ltr'><strong>Actuum</strong></span> <span class='ocrx_word' id='word_1_214' title='bbox 2096 1744 2142 1804; x_wconf 85' lang='grc' dir='ltr'>Β</span> <span class='ocrx_word' id='word_1_215' title='bbox 2171 1747 2278 1801; x_wconf 60' lang='lat' dir='ltr'><strong>tiae.</strong></span> <span class='ocrx_word' id='word_1_216' title='bbox 2315 1745 2488 1803; x_wconf 89' lang='lat' dir='ltr'><strong>Omne</strong></span> <span class='ocrx_word' id='word_1_217' title='bbox 2518 1756 2919 1803; x_wconf 79' lang='lat' dir='ltr'><strong>sacramentum</strong></span> <span class='ocrx_word' id='word_1_218' title='bbox 2948 1747 3151 1804; x_wconf 74' lang='lat' dir='ltr'><strong>erroris</strong></span> <span class='ocrx_word' id='word_1_219' title='bbox 3182 1749 3299 1804; x_wconf 89' lang='lat' dir='ltr'><strong>odit</strong></span> <span class='ocrx_word' id='word_1_220' title='bbox 3329 1750 3496 1815; x_wconf 87' lang='lat' dir='ltr'><strong>Deus,</strong></span> <span class='ocrx_word' id='word_1_221' title='bbox 3525 1767 3687 1823; x_wconf 79' lang='lat' dir='ltr'><strong>usque</strong></span> <span class='ocrx_word' id='word_1_222' title='bbox 3724 1751 3775 1806; x_wconf 91' lang='lat' dir='ltr'><strong>in</strong></span> 
     </span>
    </p>
   </div>
   <div class='ocr_carea' id='block_1_34' title="bbox 467 1842 2063 1922">
    <p class='ocr_par' dir='ltr' id='par_1_34' title="bbox 467 1842 2063 1922">
     <span class='ocr_line' id='line_1_34' title="bbox 467 1842 2063 1922; baseline 0.007 -26"><span class='ocrx_word' id='word_1_223' title='bbox 467 1843 868 1914; x_wconf 82' lang='lat' dir='ltr'><strong>apostolorum.</strong></span> <span class='ocrx_word' id='word_1_224' title='bbox 918 1842 974 1900; x_wconf 82' lang='lat' dir='ltr'><strong>in</strong></span> <span class='ocrx_word' id='word_1_225' title='bbox 1005 1845 1196 1901; x_wconf 90' lang='lat' dir='ltr'><strong>diebus</strong></span> <span class='ocrx_word' id='word_1_226' title='bbox 1232 1846 1338 1901; x_wconf 90' lang='lat' dir='ltr'><strong>illis</strong></span> <span class='ocrx_word' id='word_1_227' title='bbox 1380 1862 1501 1902; x_wconf 90' lang='lat' dir='ltr'><strong>cum</strong></span> <span class='ocrx_word' id='word_1_228' title='bbox 1535 1850 1809 1905; x_wconf 84' lang='lat' dir='ltr'><strong>venissent</strong></span> <span class='ocrx_word' id='word_1_229' title='bbox 1832 1852 2063 1922; x_wconf 85' lang='lat' dir='ltr'><strong>apostoli</strong></span> 
     </span>
    </p>
   </div>
   <div class='ocr_carea' id='block_1_35' title="bbox 465 1937 2064 2010">
    <p class='ocr_par' dir='ltr' id='par_1_35' title="bbox 465 1937 2064 2010">
     <span class='ocr_line' id='line_1_35' title="bbox 465 1937 2064 2010; baseline 0.004 -18"><span class='ocrx_word' id='word_1_230' title='bbox 465 1938 522 1992; x_wconf 89' lang='lat' dir='ltr'><strong>in</strong></span> <span class='ocrx_word' id='word_1_231' title='bbox 560 1937 809 2010; x_wconf 80' lang='lat' dir='ltr'><strong>Mysiam,</strong></span> <span class='ocrx_word' id='word_1_232' title='bbox 841 1953 997 2008; x_wconf 84' lang='lat' dir='ltr'><strong>usque</strong></span> <span class='ocrx_word' id='word_1_233' title='bbox 1022 1939 1205 1994; x_wconf 87' lang='lat' dir='ltr'><strong>salvus</strong></span> <span class='ocrx_word' id='word_1_234' title='bbox 1229 1940 1335 1994; x_wconf 86' lang='lat' dir='ltr'><strong>eris</strong></span> <span class='ocrx_word' id='word_1_235' title='bbox 1362 1946 1417 1993; x_wconf 89' lang='lat' dir='ltr'><strong>tu</strong></span> <span class='ocrx_word' id='word_1_236' title='bbox 1449 1951 1502 1995; x_wconf 87' lang='lat' dir='ltr'><strong>et</strong></span> <span class='ocrx_word' id='word_1_237' title='bbox 1532 1940 1724 1995; x_wconf 90' lang='lat' dir='ltr'><strong>domus</strong></span> <span class='ocrx_word' id='word_1_238' title='bbox 1747 1950 1859 1997; x_wconf 90' lang='lat' dir='ltr'><strong>tua.</strong></span> <span class='ocrx_word' id='word_1_239' title='bbox 1887 1941 2064 2009; x_wconf 83' lang='lat' dir='ltr'><strong>Evan-</strong></span> 
     </span>
    </p>
   </div>
   <div class='ocr_carea' id='block_1_36' title="bbox 464 2029 1669 2104">
    <p class='ocr_par' dir='ltr' id='par_1_36' title="bbox 464 2029 1669 2104">
     <span class='ocr_line' id='line_1_36' title="bbox 464 2029 1669 2104; baseline 0.003 -19"><span class='ocrx_word' id='word_1_240' title='bbox 464 2030 670 2101; x_wconf 78' lang='lat' dir='ltr'><strong>gelium</strong></span> <span class='ocrx_word' id='word_1_241' title='bbox 702 2030 848 2101; x_wconf 88' lang='lat' dir='ltr'><strong>quod</strong></span> <span class='ocrx_word' id='word_1_242' title='bbox 879 2029 979 2085; x_wconf 82' lang='lat' dir='ltr'><strong>fuit</strong></span> <span class='ocrx_word' id='word_1_243' title='bbox 1012 2032 1063 2085; x_wconf 92' lang='lat' dir='ltr'><strong>in</strong></span> <span class='ocrx_word' id='word_1_244' title='bbox 1096 2031 1371 2087; x_wconf 85' lang='lat' dir='ltr'><strong>Dominica</strong></span> <span class='ocrx_word' id='word_1_245' title='bbox 1403 2034 1669 2104; x_wconf 85' lang='lat' dir='ltr'><strong>proxima.</strong></span> 
     </span>
    </p>
   </div>
   <div class='ocr_carea' id='block_1_37' title="bbox 541 2120 2068 2198">
    <p class='ocr_par' dir='ltr' id='par_1_37' title="bbox 541 2120 2068 2198">
     <span class='ocr_line' id='line_1_37' title="bbox 541 2120 2068 2198; baseline 0.005 -23"><span class='ocrx_word' id='word_1_246' title='bbox 541 2138 592 2175; x_wconf 83' lang='lat' dir='ltr'><strong>v.</strong></span> <span class='ocrx_word' id='word_1_247' title='bbox 631 2137 759 2178; x_wconf 91' lang='lat' dir='ltr'><strong>non.</strong></span> <span class='ocrx_word' id='word_1_248' title='bbox 788 2121 935 2177; x_wconf 81' lang='lat' dir='ltr'><strong>Maii.</strong></span> <span class='ocrx_word' id='word_1_249' title='bbox 971 2120 1215 2179; x_wconf 90' lang='lat' dir='ltr'><strong>Iuventio</strong></span> <span class='ocrx_word' id='word_1_250' title='bbox 1258 2135 1458 2180; x_wconf 73' lang='lat' dir='ltr'><strong>sancta:</strong></span> <span class='ocrx_word' id='word_1_251' title='bbox 1486 2126 1687 2181; x_wconf 89' lang='lat' dir='ltr'><strong>crucis.</strong></span> <span class='ocrx_word' id='word_1_252' title='bbox 1723 2125 1909 2183; x_wconf 89' lang='lat' dir='ltr'><strong>Lectio</strong></span> <span class='ocrx_word' id='word_1_253' title='bbox 1940 2127 2068 2198; x_wconf 86' lang='lat' dir='ltr'><strong>Epi-</strong></span> 
     </span>
    </p>
   </div>
   <div class='ocr_carea' id='block_1_38' title="bbox 464 2212 2068 2286">
    <p class='ocr_par' dir='ltr' id='par_1_38' title="bbox 464 2212 2068 2286">
     <span class='ocr_line' id='line_1_38' title="bbox 464 2212 2068 2286; baseline 0.004 -19"><span class='ocrx_word' id='word_1_254' title='bbox 464 2212 618 2268; x_wconf 58' lang='lat' dir='ltr'><strong>stolas</strong></span> <span class='ocrx_word' id='word_1_255' title='bbox 660 2213 805 2269; x_wconf 86' lang='lat' dir='ltr'><strong>beati</strong></span> <span class='ocrx_word' id='word_1_256' title='bbox 847 2212 999 2269; x_wconf 88' lang='lat' dir='ltr'><strong>Pauli</strong></span> <span class='ocrx_word' id='word_1_257' title='bbox 1032 2215 1269 2284; x_wconf 86' lang='lat' dir='ltr'><strong>apostoli</strong></span> <span class='ocrx_word' id='word_1_258' title='bbox 1301 2215 1366 2270; x_wconf 89' lang='lat' dir='ltr'><strong>ad</strong></span> <span class='ocrx_word' id='word_1_259' title='bbox 1396 2216 1633 2271; x_wconf 88' lang='lat' dir='ltr'><strong>Galatas.</strong></span> <span class='ocrx_word' id='word_1_260' title='bbox 1669 2216 1907 2286; x_wconf 69' lang='lat' dir='ltr'><strong>Fratres,</strong></span> <span class='ocrx_word' id='word_1_261' title='bbox 1937 2235 2068 2274; x_wconf 91' lang='lat' dir='ltr'><strong>con-</strong></span> 
     </span>
    </p>
   </div>
   <div class='ocr_carea' id='block_1_39' title="bbox 465 2304 2064 2379">
    <p class='ocr_par' dir='ltr' id='par_1_39' title="bbox 465 2304 2064 2379">
     <span class='ocr_line' id='line_1_39' title="bbox 465 2304 2064 2379; baseline 0.003 -20"><span class='ocrx_word' id='word_1_262' title='bbox 465 2304 573 2359; x_wconf 83' lang='lat' dir='ltr'><strong>ﬁdo</strong></span> <span class='ocrx_word' id='word_1_263' title='bbox 604 2304 672 2360; x_wconf 90' lang='lat' dir='ltr'><strong>de</strong></span> <span class='ocrx_word' id='word_1_264' title='bbox 705 2305 861 2360; x_wconf 90' lang='lat' dir='ltr'><strong>vobis</strong></span> <span class='ocrx_word' id='word_1_265' title='bbox 910 2305 963 2359; x_wconf 93' lang='lat' dir='ltr'><strong>in</strong></span> <span class='ocrx_word' id='word_1_266' title='bbox 1020 2306 1248 2361; x_wconf 90' lang='lat' dir='ltr'><strong>Domino</strong></span> <span class='ocrx_word' id='word_1_267' title='bbox 1280 2306 1423 2377; x_wconf 88' lang='lat' dir='ltr'><strong>quod</strong></span> <span class='ocrx_word' id='word_1_268' title='bbox 1474 2306 1605 2361; x_wconf 90' lang='lat' dir='ltr'><strong>nihil</strong></span> <span class='ocrx_word' id='word_1_269' title='bbox 1631 2308 1778 2363; x_wconf 88' lang='lat' dir='ltr'><strong>aliud</strong></span> <span class='ocrx_word' id='word_1_270' title='bbox 1822 2310 2064 2379; x_wconf 85' lang='lat' dir='ltr'><strong>sapietis,</strong></span> 
     </span>
    </p>
   </div>
   <div class='ocr_carea' id='block_1_40' title="bbox 464 2398 2063 2473">
    <p class='ocr_par' dir='ltr' id='par_1_40' title="bbox 464 2398 2063 2473">
     <span class='ocr_line' id='line_1_40' title="bbox 464 2398 2063 2473; baseline 0.003 -21"><span class='ocrx_word' id='word_1_271' title='bbox 464 2415 624 2469; x_wconf 78' lang='lat' dir='ltr'><strong>usque</strong></span> <span class='ocrx_word' id='word_1_272' title='bbox 674 2398 804 2453; x_wconf 87' lang='lat' dir='ltr'><strong>mihi</strong></span> <span class='ocrx_word' id='word_1_273' title='bbox 858 2400 1094 2455; x_wconf 90' lang='lat' dir='ltr'><strong>mundus</strong></span> <span class='ocrx_word' id='word_1_274' title='bbox 1143 2400 1432 2456; x_wconf 74' lang='lat' dir='ltr'><strong>cruciﬁxus</strong></span> <span class='ocrx_word' id='word_1_275' title='bbox 1474 2411 1578 2468; x_wconf 89' lang='lat' dir='ltr'><strong>est,</strong></span> <span class='ocrx_word' id='word_1_276' title='bbox 1625 2412 1678 2455; x_wconf 91' lang='lat' dir='ltr'><strong>et</strong></span> <span class='ocrx_word' id='word_1_277' title='bbox 1710 2416 1810 2473; x_wconf 85' lang='lat' dir='ltr'><strong>ego</strong></span> <span class='ocrx_word' id='word_1_278' title='bbox 1842 2402 2063 2457; x_wconf 88' lang='lat' dir='ltr'><strong>mundo.</strong></span> 
     </span>
    </p>
   </div>
   <div class='ocr_carea' id='block_1_41' title="bbox 471 2494 1857 2566">
    <p class='ocr_par' dir='ltr' id='par_1_41' title="bbox 471 2494 1857 2566">
     <span class='ocr_line' id='line_1_41' title="bbox 471 2494 1857 2566; baseline 0.001 -18"><span class='ocrx_word' id='word_1_279' title='bbox 471 2494 822 2564; x_wconf 86' lang='lat' dir='ltr'><strong>Evangelium</strong></span> <span class='ocrx_word' id='word_1_280' title='bbox 853 2494 996 2566; x_wconf 87' lang='lat' dir='ltr'><strong>quod</strong></span> <span class='ocrx_word' id='word_1_281' title='bbox 1027 2495 1223 2564; x_wconf 80' lang='lat' dir='ltr'><strong>legitur</strong></span> <span class='ocrx_word' id='word_1_282' title='bbox 1260 2497 1310 2549; x_wconf 91' lang='lat' dir='ltr'><strong>in</strong></span> <span class='ocrx_word' id='word_1_283' title='bbox 1347 2495 1550 2550; x_wconf 84' lang='lat' dir='ltr'><strong>Pascha</strong></span> <span class='ocrx_word' id='word_1_284' title='bbox 1578 2498 1857 2550; x_wconf 87' lang='lat' dir='ltr'><strong>annotina.</strong></span> 
     </span>
    </p>
   </div>
   <div class='ocr_carea' id='block_1_42' title="bbox 543 2588 2068 2661">
    <p class='ocr_par' dir='ltr' id='par_1_42' title="bbox 543 2588 2068 2661">
     <span class='ocr_line' id='line_1_42' title="bbox 543 2588 2068 2661; baseline 0.003 -19"><span class='ocrx_word' id='word_1_285' title='bbox 543 2588 699 2645; x_wconf 84' lang='lat' dir='ltr'><strong>Fcria</strong></span> <span class='ocrx_word' id='word_1_286' title='bbox 746 2604 798 2644; x_wconf 86' lang='lat' dir='ltr'><strong>Iv</strong></span> <span class='ocrx_word' id='word_1_287' title='bbox 842 2589 1198 2646; x_wconf 73' lang='lat' dir='ltr'><strong>hebdomadte</strong></span> <span class='ocrx_word' id='word_1_288' title='bbox 1236 2606 1355 2661; x_wconf 66' lang='lat' dir='ltr'><strong>qua:</strong></span> <span class='ocrx_word' id='word_1_289' title='bbox 1399 2606 1586 2658; x_wconf 83' lang='lat' dir='ltr'><strong>supra.</strong></span> <span class='ocrx_word' id='word_1_290' title='bbox 1622 2590 1806 2646; x_wconf 91' lang='lat' dir='ltr'><strong>Lectio</strong></span> <span class='ocrx_word' id='word_1_291' title='bbox 1842 2593 2068 2647; x_wconf 79' lang='lat' dir='ltr'><strong>Acutum</strong></span> 
     </span>
    </p>
   </div>
   <div class='ocr_carea' id='block_1_43' title="bbox 470 2682 2071 2754">
    <p class='ocr_par' dir='ltr' id='par_1_43' title="bbox 470 2682 2071 2754">
     <span class='ocr_line' id='line_1_43' title="bbox 470 2682 2071 2754; baseline 0.004 -21"><span class='ocrx_word' id='word_1_292' title='bbox 470 2683 866 2749; x_wconf 79' lang='lat' dir='ltr'><strong>apostolorum.</strong></span> <span class='ocrx_word' id='word_1_293' title='bbox 898 2682 952 2736; x_wconf 92' lang='lat' dir='ltr'><strong>ln</strong></span> <span class='ocrx_word' id='word_1_294' title='bbox 980 2683 1174 2738; x_wconf 90' lang='lat' dir='ltr'><strong>diebus</strong></span> <span class='ocrx_word' id='word_1_295' title='bbox 1205 2682 1313 2738; x_wconf 90' lang='lat' dir='ltr'><strong>illis</strong></span> <span class='ocrx_word' id='word_1_296' title='bbox 1343 2684 1506 2738; x_wconf 91' lang='lat' dir='ltr'><strong>locuti</strong></span> <span class='ocrx_word' id='word_1_297' title='bbox 1550 2692 1675 2738; x_wconf 86' lang='lat' dir='ltr'><strong>sunt</strong></span> <span class='ocrx_word' id='word_1_298' title='bbox 1716 2686 1945 2754; x_wconf 89' lang='lat' dir='ltr'><strong>apostoli</strong></span> <span class='ocrx_word' id='word_1_299' title='bbox 1976 2702 2071 2739; x_wconf 87' lang='lat' dir='ltr'><strong>cu-</strong></span> 
     </span>
    </p>
   </div>
   <div class='ocr_carea' id='block_1_44' title="bbox 472 2774 2070 2849">
    <p class='ocr_par' dir='ltr' id='par_1_44' title="bbox 472 2774 2070 2849">
     <span class='ocr_line' id='line_1_44' title="bbox 472 2774 2070 2849; baseline 0.003 -21"><span class='ocrx_word' id='word_1_300' title='bbox 472 2774 613 2828; x_wconf 83' lang='lat' dir='ltr'><strong>stodi</strong></span> <span class='ocrx_word' id='word_1_301' title='bbox 663 2775 907 2829; x_wconf 91' lang='lat' dir='ltr'><strong>carceris</strong></span> <span class='ocrx_word' id='word_1_302' title='bbox 957 2776 1183 2830; x_wconf 91' lang='lat' dir='ltr'><strong>verbum</strong></span> <span class='ocrx_word' id='word_1_303' title='bbox 1244 2776 1456 2832; x_wconf 85' lang='lat' dir='ltr'><strong>Domini</strong></span> <span class='ocrx_word' id='word_1_304' title='bbox 1511 2792 1630 2831; x_wconf 92' lang='lat' dir='ltr'><strong>cum</strong></span> <span class='ocrx_word' id='word_1_305' title='bbox 1686 2779 1938 2832; x_wconf 89' lang='lat' dir='ltr'><strong>omnibus</strong></span> <span class='ocrx_word' id='word_1_306' title='bbox 1981 2779 2070 2849; x_wconf 86' lang='lat' dir='ltr'><strong>qui</strong></span> 
     </span>
    </p>
   </div>
   <div class='ocr_carea' id='block_1_45' title="bbox 476 2867 2072 2942">
    <p class='ocr_par' dir='ltr' id='par_1_45' title="bbox 476 2867 2072 2942">
     <span class='ocr_line' id='line_1_45' title="bbox 476 2867 2072 2942; baseline 0.002 -20"><span class='ocrx_word' id='word_1_307' title='bbox 476 2876 637 2922; x_wconf 88' lang='lat' dir='ltr'><strong>erant</strong></span> <span class='ocrx_word' id='word_1_308' title='bbox 663 2868 713 2921; x_wconf 92' lang='lat' dir='ltr'><strong>in</strong></span> <span class='ocrx_word' id='word_1_309' title='bbox 743 2867 904 2921; x_wconf 87' lang='lat' dir='ltr'><strong>domo</strong></span> <span class='ocrx_word' id='word_1_310' title='bbox 931 2868 1073 2936; x_wconf 82' lang='lat' dir='ltr'><strong>ejus,</strong></span> <span class='ocrx_word' id='word_1_311' title='bbox 1097 2886 1257 2938; x_wconf 81' lang='lat' dir='ltr'><strong>usque</strong></span> <span class='ocrx_word' id='word_1_312' title='bbox 1288 2870 1546 2925; x_wconf 90' lang='lat' dir='ltr'><strong>mulieres</strong></span> <span class='ocrx_word' id='word_1_313' title='bbox 1574 2870 1779 2927; x_wconf 88' lang='lat' dir='ltr'><strong>nobiles</strong></span> <span class='ocrx_word' id='word_1_314' title='bbox 1804 2886 1907 2925; x_wconf 93' lang='lat' dir='ltr'><strong>non</strong></span> <span class='ocrx_word' id='word_1_315' title='bbox 1939 2887 2072 2942; x_wconf 87' lang='lat' dir='ltr'><strong>pau-</strong></span> 
     </span>
    </p>
   </div>
   <div class='ocr_carea' id='block_1_46' title="bbox 482 2960 1566 3032">
    <p class='ocr_par' dir='ltr' id='par_1_46' title="bbox 482 2960 1566 3032">
     <span class='ocr_line' id='line_1_46' title="bbox 482 2960 1566 3032; baseline 0.005 -18"><span class='ocrx_word' id='word_1_316' title='bbox 482 2976 585 3016; x_wconf 68' lang='lat' dir='ltr'><strong>cae.</strong></span> <span class='ocrx_word' id='word_1_317' title='bbox 620 2960 971 3030; x_wconf 87' lang='lat' dir='ltr'><strong>Evangelium</strong></span> <span class='ocrx_word' id='word_1_318' title='bbox 1002 2963 1145 3032; x_wconf 90' lang='lat' dir='ltr'><strong>quod</strong></span> <span class='ocrx_word' id='word_1_319' title='bbox 1179 2964 1229 3017; x_wconf 92' lang='lat' dir='ltr'><strong>in</strong></span> <span class='ocrx_word' id='word_1_320' title='bbox 1263 2963 1566 3019; x_wconf 89' lang='lat' dir='ltr'><strong>Dominica.</strong></span> 
     </span>
    </p>
   </div>
   <div class='ocr_carea' id='block_1_47' title="bbox 549 3052 2070 3127">
    <p class='ocr_par' dir='ltr' id='par_1_47' title="bbox 549 3052 2070 3127">
     <span class='ocr_line' id='line_1_47' title="bbox 549 3052 2070 3127; baseline 0.003 -20"><span class='ocrx_word' id='word_1_321' title='bbox 549 3052 707 3109; x_wconf 83' lang='lat' dir='ltr'><strong>Feria</strong></span> <span class='ocrx_word' id='word_1_322' title='bbox 738 3068 767 3105; x_wconf 91' lang='lat' dir='ltr'><strong>v</strong></span> <span class='ocrx_word' id='word_1_323' title='bbox 798 3052 1151 3110; x_wconf 55' lang='lat' dir='ltr'><strong>hebdomadas</strong></span> <span class='ocrx_word' id='word_1_324' title='bbox 1198 3071 1317 3127; x_wconf 69' lang='lat' dir='ltr'><strong>quae</strong></span> <span class='ocrx_word' id='word_1_325' title='bbox 1367 3071 1553 3127; x_wconf 78' lang='lat' dir='ltr'><strong>supra.</strong></span> <span class='ocrx_word' id='word_1_326' title='bbox 1603 3055 1790 3113; x_wconf 82' lang='lat' dir='ltr'><strong>Lectio</strong></span> <span class='ocrx_word' id='word_1_327' title='bbox 1840 3058 2070 3112; x_wconf 82' lang='lat' dir='ltr'><strong>Actuum</strong></span> 
     </span>
    </p>
   </div>
   <div class='ocr_carea' id='block_1_48' title="bbox 2170 1840 3775 1913">
    <p class='ocr_par' dir='ltr' id='par_1_48' title="bbox 2170 1840 3775 1913">
     <span class='ocr_line' id='line_1_48' title="bbox 2170 1840 3775 1913; baseline 0.004 -22"><span class='ocrx_word' id='word_1_328' title='bbox 2170 1840 2396 1894; x_wconf 86' lang='lat' dir='ltr'><strong>veritate</strong></span> <span class='ocrx_word' id='word_1_329' title='bbox 2419 1840 2609 1893; x_wconf 91' lang='lat' dir='ltr'><strong>nuntio</strong></span> <span class='ocrx_word' id='word_1_330' title='bbox 2637 1840 2920 1894; x_wconf 87' lang='lat' dir='ltr'><strong>scientiam</strong></span> <span class='ocrx_word' id='word_1_331' title='bbox 2950 1840 3070 1912; x_wconf 88' lang='lat' dir='ltr'><strong>ejus</strong></span> <span class='ocrx_word' id='word_1_332' title='bbox 3100 1842 3152 1896; x_wconf 93' lang='lat' dir='ltr'><strong>in</strong></span> <span class='ocrx_word' id='word_1_333' title='bbox 3172 1840 3397 1912; x_wconf 89' lang='lat' dir='ltr'><strong>judicio.</strong></span> <span class='ocrx_word' id='word_1_334' title='bbox 3427 1840 3775 1913; x_wconf 83' lang='lat' dir='ltr'><strong>Evangelium</strong></span> 
     </span>
    </p>
   </div>
   <div class='ocr_carea' id='block_1_49' title="bbox 2175 1930 3776 2006">
    <p class='ocr_par' dir='ltr' id='par_1_49' title="bbox 2175 1930 3776 2006">
     <span class='ocr_line' id='line_1_49' title="bbox 2175 1930 3776 2006; baseline 0.005 -23"><span class='ocrx_word' id='word_1_335' title='bbox 2175 1930 2477 1985; x_wconf 87' lang='lat' dir='ltr'><strong>secundum</strong></span> <span class='ocrx_word' id='word_1_336' title='bbox 2503 1930 2811 1986; x_wconf 68' lang='lat' dir='ltr'><strong>Matthzcum</strong></span> <span class='ocrx_word' id='word_1_337' title='bbox 2842 1947 2961 2005; x_wconf 89' lang='lat' dir='ltr'><strong>cap.</strong></span> <span class='ocrx_word' id='word_1_338' title='bbox 2995 1948 3116 2001; x_wconf 80' lang='lat' dir='ltr'><strong>xcv,</strong></span> <span class='ocrx_word' id='word_1_339' title='bbox 3145 1933 3291 1989; x_wconf 76' lang='lat' dir='ltr'><strong>Dixit</strong></span> <span class='ocrx_word' id='word_1_340' title='bbox 3315 1934 3475 1989; x_wconf 86' lang='lat' dir='ltr'><strong>Jesus</strong></span> <span class='ocrx_word' id='word_1_341' title='bbox 3499 1934 3776 2006; x_wconf 82' lang='lat' dir='ltr'><strong>discipulis</strong></span> 
     </span>
    </p>
   </div>
   <div class='ocr_carea' id='block_1_50' title="bbox 2173 2021 3779 2098">
    <p class='ocr_par' dir='ltr' id='par_1_50' title="bbox 2173 2021 3779 2098">
     <span class='ocr_line' id='line_1_50' title="bbox 2173 2021 3779 2098; baseline 0.003 -21"><span class='ocrx_word' id='word_1_342' title='bbox 2173 2022 2311 2089; x_wconf 88' lang='lat' dir='ltr'><strong>suis,</strong></span> <span class='ocrx_word' id='word_1_343' title='bbox 2345 2021 2522 2078; x_wconf 80' lang='lat' dir='ltr'><strong>Nolite</strong></span> <span class='ocrx_word' id='word_1_344' title='bbox 2550 2023 2817 2080; x_wconf 87' lang='lat' dir='ltr'><strong>arbitrare</strong></span> <span class='ocrx_word' id='word_1_345' title='bbox 2844 2026 2966 2095; x_wconf 86' lang='lat' dir='ltr'><strong>quia</strong></span> <span class='ocrx_word' id='word_1_346' title='bbox 2991 2026 3111 2082; x_wconf 87' lang='lat' dir='ltr'><strong>veni</strong></span> <span class='ocrx_word' id='word_1_347' title='bbox 3141 2041 3330 2098; x_wconf 91' lang='lat' dir='ltr'><strong>pacem</strong></span> <span class='ocrx_word' id='word_1_348' title='bbox 3356 2027 3596 2094; x_wconf 90' lang='lat' dir='ltr'><strong>mittere,</strong></span> <span class='ocrx_word' id='word_1_349' title='bbox 3626 2045 3779 2097; x_wconf 78' lang='lat' dir='ltr'><strong>usque</strong></span> 
     </span>
    </p>
   </div>
   <div class='ocr_carea' id='block_1_51' title="bbox 2171 2116 3058 2187">
    <p class='ocr_par' dir='ltr' id='par_1_51' title="bbox 2171 2116 3058 2187">
     <span class='ocr_line' id='line_1_51' title="bbox 2171 2116 3058 2187; baseline 0.005 -17"><span class='ocrx_word' id='word_1_350' title='bbox 2171 2122 2279 2171; x_wconf 85' lang='lat' dir='ltr'><strong>‘non</strong></span> <span class='ocrx_word' id='word_1_351' title='bbox 2314 2116 2505 2187; x_wconf 84' lang='lat' dir='ltr'><strong>perdet</strong></span> <span class='ocrx_word' id='word_1_352' title='bbox 2539 2117 2846 2172; x_wconf 73' lang='lat' dir='ltr'><strong>mercedem</strong></span> <span class='ocrx_word' id='word_1_353' title='bbox 2881 2132 3058 2174; x_wconf 73' lang='lat' dir='ltr'><strong>Sllftlll.</strong></span> 
     </span>
    </p>
   </div>
   <div class='ocr_carea' id='block_1_52' title="bbox 2170 2210 3773 2283">
    <p class='ocr_par' dir='ltr' id='par_1_52' title="bbox 2170 2210 3773 2283">
     <span class='ocr_line' id='line_1_52' title="bbox 2170 2210 3773 2283; baseline 0.003 -19"><span class='ocrx_word' id='word_1_354' title='bbox 2170 2214 2177 2223; x_wconf 84' lang='lat'><strong>&#39;</strong></span> <span class='ocrx_word' id='word_1_355' title='bbox 2242 2210 2483 2265; x_wconf 86' lang='lat' dir='ltr'><strong>Sabbato</strong></span> <span class='ocrx_word' id='word_1_356' title='bbox 2529 2210 2882 2267; x_wconf 66' lang='lat' dir='ltr'><strong>hebdomadas</strong></span> <span class='ocrx_word' id='word_1_357' title='bbox 2914 2226 3033 2283; x_wconf 61' lang='lat' dir='ltr'><strong>quas</strong></span> <span class='ocrx_word' id='word_1_358' title='bbox 3084 2228 3270 2281; x_wconf 88' lang='lat' dir='ltr'><strong>supra.</strong></span> <span class='ocrx_word' id='word_1_359' title='bbox 3318 2213 3509 2269; x_wconf 88' lang='lat' dir='ltr'><strong>Lectio</strong></span> <span class='ocrx_word' id='word_1_360' title='bbox 3543 2214 3773 2269; x_wconf 78' lang='lat' dir='ltr'><strong>Actuum</strong></span> 
     </span>
    </p>
   </div>
   <div class='ocr_carea' id='block_1_53' title="bbox 2170 2305 3778 2379">
    <p class='ocr_par' dir='ltr' id='par_1_53' title="bbox 2170 2305 3778 2379">
     <span class='ocr_line' id='line_1_53' title="bbox 2170 2305 3778 2379; baseline 0.002 -23"><span class='ocrx_word' id='word_1_361' title='bbox 2170 2305 2643 2376; x_wconf 74' lang='lat' dir='ltr'><strong>apostolorutn.‘,lii</strong></span> <span class='ocrx_word' id='word_1_362' title='bbox 2676 2306 2871 2363; x_wconf 91' lang='lat' dir='ltr'><strong>diebus</strong></span> <span class='ocrx_word' id='word_1_363' title='bbox 2903 2308 3030 2375; x_wconf 89' lang='lat' dir='ltr'><strong>illis,</strong></span> <span class='ocrx_word' id='word_1_364' title='bbox 3060 2318 3346 2379; x_wconf 72' lang='lat' dir='ltr'><strong>postquam</strong></span> <span class='ocrx_word' id='word_1_365' title='bbox 3374 2318 3559 2364; x_wconf 89' lang='lat' dir='ltr'><strong>autem</strong></span> <span class='ocrx_word' id='word_1_366' title='bbox 3593 2323 3778 2363; x_wconf 86' lang='lat' dir='ltr'><strong>cessa-</strong></span> 
     </span>
    </p>
   </div>
   <div class='ocr_carea' id='block_1_54' title="bbox 2172 2398 3773 2470">
    <p class='ocr_par' dir='ltr' id='par_1_54' title="bbox 2172 2398 3773 2470">
     <span class='ocr_line' id='line_1_54' title="bbox 2172 2398 3773 2470; baseline 0.001 -19"><span class='ocrx_word' id='word_1_367' title='bbox 2172 2398 2247 2451; x_wconf 87' lang='lat' dir='ltr'><strong>vit</strong></span> <span class='ocrx_word' id='word_1_368' title='bbox 2303 2398 2588 2466; x_wconf 79' lang='lat' dir='ltr'><strong>tumultus,</strong></span> <span class='ocrx_word' id='word_1_369' title='bbox 2648 2416 2808 2470; x_wconf 82' lang='lat' dir='ltr'><strong>usquc</strong></span> <span class='ocrx_word' id='word_1_370' title='bbox 2856 2399 3204 2455; x_wconf 79' lang='lat' dir='ltr'><strong>deducebant</strong></span> <span class='ocrx_word' id='word_1_371' title='bbox 3255 2415 3379 2455; x_wconf 88' lang='lat' dir='ltr'><strong>eum</strong></span> <span class='ocrx_word' id='word_1_372' title='bbox 3440 2401 3506 2455; x_wconf 90' lang='lat' dir='ltr'><strong>ad</strong></span> <span class='ocrx_word' id='word_1_373' title='bbox 3565 2416 3773 2455; x_wconf 87' lang='lat' dir='ltr'><strong>navem.</strong></span> 
     </span>
    </p>
   </div>
   <div class='ocr_carea' id='block_1_55' title="bbox 2178 2490 3774 2565">
    <p class='ocr_par' dir='ltr' id='par_1_55' title="bbox 2178 2490 3774 2565">
     <span class='ocr_line' id='line_1_55' title="bbox 2178 2490 3774 2565; baseline 0.004 -20"><span class='ocrx_word' id='word_1_374' title='bbox 2178 2490 2536 2561; x_wconf 67' lang='lat' dir='ltr'><strong>Evangelium</strong></span> <span class='ocrx_word' id='word_1_375' title='bbox 2567 2490 2863 2547; x_wconf 88' lang='lat' dir='ltr'><strong>secundum</strong></span> <span class='ocrx_word' id='word_1_376' title='bbox 2893 2492 3158 2548; x_wconf 77' lang='lat' dir='ltr'><strong>Joannem</strong></span> <span class='ocrx_word' id='word_1_377' title='bbox 3182 2508 3300 2565; x_wconf 87' lang='lat' dir='ltr'><strong>cap.</strong></span> <span class='ocrx_word' id='word_1_378' title='bbox 3337 2509 3479 2561; x_wconf 68' lang='lat' dir='ltr'><strong>xLVI,</strong></span> <span class='ocrx_word' id='word_1_379' title='bbox 3513 2494 3659 2550; x_wconf 86' lang='lat' dir='ltr'><strong>Abiit</strong></span> <span class='ocrx_word' id='word_1_380' title='bbox 3679 2494 3774 2551; x_wconf 81' lang='lat' dir='ltr'><strong>Je-</strong></span> 
     </span>
    </p>
   </div>
   <div class='ocr_carea' id='block_1_56' title="bbox 2173 2584 3776 2658">
    <p class='ocr_par' dir='ltr' id='par_1_56' title="bbox 2173 2584 3776 2658">
     <span class='ocr_line' id='line_1_56' title="bbox 2173 2584 3776 2658; baseline 0.004 -23"><span class='ocrx_word' id='word_1_381' title='bbox 2173 2596 2267 2636; x_wconf 90' lang='lat' dir='ltr'><strong>sus</strong></span> <span class='ocrx_word' id='word_1_382' title='bbox 2301 2594 2450 2638; x_wconf 91' lang='lat' dir='ltr'><strong>trans</strong></span> <span class='ocrx_word' id='word_1_383' title='bbox 2482 2599 2632 2639; x_wconf 89' lang='lat' dir='ltr'><strong>mare</strong></span> <span class='ocrx_word' id='word_1_384' title='bbox 2662 2584 2923 2655; x_wconf 64' lang='lat' dir='ltr'><strong>Galilasaa,</strong></span> <span class='ocrx_word' id='word_1_385' title='bbox 2972 2602 3130 2658; x_wconf 79' lang='lat' dir='ltr'><strong>usque</strong></span> <span class='ocrx_word' id='word_1_386' title='bbox 3174 2586 3245 2640; x_wconf 89' lang='lat' dir='ltr'><strong>ibi</strong></span> <span class='ocrx_word' id='word_1_387' title='bbox 3278 2585 3508 2641; x_wconf 84' lang='lat' dir='ltr'><strong>sedebat</strong></span> <span class='ocrx_word' id='word_1_388' title='bbox 3534 2603 3658 2642; x_wconf 90' lang='lat' dir='ltr'><strong>cum</strong></span> <span class='ocrx_word' id='word_1_389' title='bbox 3691 2586 3776 2641; x_wconf 89' lang='lat' dir='ltr'><strong>di-</strong></span> 
     </span>
    </p>
   </div>
   <div class='ocr_carea' id='block_1_57' title="bbox 2176 2675 2564 2745">
    <p class='ocr_par' dir='ltr' id='par_1_57' title="bbox 2176 2675 2564 2745">
     <span class='ocr_line' id='line_1_57' title="bbox 2176 2675 2564 2745; baseline 0.008 -17"><span class='ocrx_word' id='word_1_390' title='bbox 2176 2675 2400 2745; x_wconf 83' lang='lat' dir='ltr'><strong>scipulis</strong></span> <span class='ocrx_word' id='word_1_391' title='bbox 2432 2676 2564 2731; x_wconf 90' lang='lat' dir='ltr'><strong>suis.</strong></span> 
     </span>
    </p>
   </div>
   <div class='ocr_carea' id='block_1_58' title="bbox 2249 2768 3777 2844">
    <p class='ocr_par' dir='ltr' id='par_1_58' title="bbox 2249 2768 3777 2844">
     <span class='ocr_line' id='line_1_58' title="bbox 2249 2768 3777 2844; baseline 0.004 -22"><span class='ocrx_word' id='word_1_392' title='bbox 2249 2768 2523 2825; x_wconf 83' lang='lat' dir='ltr'><strong>Dominica</strong></span> <span class='ocrx_word' id='word_1_393' title='bbox 2557 2786 2608 2824; x_wconf 90' lang='lat' dir='ltr'><strong>Iv</strong></span> <span class='ocrx_word' id='word_1_394' title='bbox 2640 2782 2754 2841; x_wconf 89' lang='lat' dir='ltr'><strong>post</strong></span> <span class='ocrx_word' id='word_1_395' title='bbox 2781 2771 3006 2827; x_wconf 77' lang='lat' dir='ltr'><strong>octabas</strong></span> <span class='ocrx_word' id='word_1_396' title='bbox 3030 2770 3274 2827; x_wconf 67' lang='lat' dir='ltr'><strong>Paschaz.</strong></span> <span class='ocrx_word' id='word_1_397' title='bbox 3304 2774 3490 2831; x_wconf 91' lang='lat' dir='ltr'><strong>Lectio</strong></span> <span class='ocrx_word' id='word_1_398' title='bbox 3518 2773 3777 2844; x_wconf 63' lang='lat' dir='ltr'><strong>Epistolm</strong></span> 
     </span>
    </p>
   </div>
   <div class='ocr_carea' id='block_1_59' title="bbox 2177 2862 3773 2935">
    <p class='ocr_par' dir='ltr' id='par_1_59' title="bbox 2177 2862 3773 2935">
     <span class='ocr_line' id='line_1_59' title="bbox 2177 2862 3773 2935; baseline 0.003 -18"><span class='ocrx_word' id='word_1_399' title='bbox 2177 2863 2319 2917; x_wconf 87' lang='lat' dir='ltr'><strong>beati</strong></span> <span class='ocrx_word' id='word_1_400' title='bbox 2334 2862 2518 2917; x_wconf 84' lang='lat' dir='ltr'><strong>Jacobi</strong></span> <span class='ocrx_word' id='word_1_401' title='bbox 2534 2879 2561 2916; x_wconf 90' lang='lat' dir='ltr'><strong>a</strong></span> <span class='ocrx_word' id='word_1_402' title='bbox 2572 2862 3115 2932; x_wconf 88' lang='lat' dir='ltr'><strong>postoli.ClIarissiIni</strong></span> <span class='ocrx_word' id='word_1_403' title='bbox 3127 2910 3140 2932; x_wconf 93' lang='lat'><strong>,</strong></span> <span class='ocrx_word' id='word_1_404' title='bbox 3156 2876 3333 2923; x_wconf 81' lang='lat' dir='ltr'><strong>estote</strong></span> <span class='ocrx_word' id='word_1_405' title='bbox 3349 2867 3585 2922; x_wconf 80' lang='lat' dir='ltr'><strong>factores</strong></span> <span class='ocrx_word' id='word_1_406' title='bbox 3598 2867 3773 2935; x_wconf 84' lang='lat' dir='ltr'><strong>verbi,</strong></span> 
     </span>
    </p>
   </div>
   <div class='ocr_carea' id='block_1_60' title="bbox 2180 2954 3775 3030">
    <p class='ocr_par' dir='ltr' id='par_1_60' title="bbox 2180 2954 3775 3030">
     <span class='ocr_line' id='line_1_60' title="bbox 2180 2954 3775 3030; baseline 0.004 -23"><span class='ocrx_word' id='word_1_407' title='bbox 2180 2972 2336 3025; x_wconf 83' lang='lat' dir='ltr'><strong>usque</strong></span> <span class='ocrx_word' id='word_1_408' title='bbox 2372 2971 2430 3009; x_wconf 90' lang='lat' dir='ltr'><strong>se</strong></span> <span class='ocrx_word' id='word_1_409' title='bbox 2471 2954 2750 3011; x_wconf 86' lang='lat' dir='ltr'><strong>custodire</strong></span> <span class='ocrx_word' id='word_1_410' title='bbox 2795 2956 2861 3011; x_wconf 90' lang='lat' dir='ltr'><strong>ab</strong></span> <span class='ocrx_word' id='word_1_411' title='bbox 2906 2957 3008 3013; x_wconf 90' lang='lat' dir='ltr'><strong>hoc</strong></span> <span class='ocrx_word' id='word_1_412' title='bbox 3042 2960 3265 3012; x_wconf 87' lang='lat' dir='ltr'><strong>saeculo.</strong></span> <span class='ocrx_word' id='word_1_413' title='bbox 3299 2958 3660 3030; x_wconf 87' lang='lat' dir='ltr'><strong>Evangelium</strong></span> <span class='ocrx_word' id='word_1_414' title='bbox 3694 2975 3775 3014; x_wconf 51' lang='lat' dir='ltr'><strong>se.</strong></span> 
     </span>
    </p>
   </div>
   <div class='ocr_carea' id='block_1_61' title="bbox 2179 3045 3779 3121">
    <p class='ocr_par' dir='ltr' id='par_1_61' title="bbox 2179 3045 3779 3121">
     <span class='ocr_line' id='line_1_61' title="bbox 2179 3045 3779 3121; baseline 0.004 -22"><span class='ocrx_word' id='word_1_415' title='bbox 2179 3046 2413 3100; x_wconf 87' lang='lat' dir='ltr'><strong>cundum</strong></span> <span class='ocrx_word' id='word_1_416' title='bbox 2469 3045 2732 3102; x_wconf 84' lang='lat' dir='ltr'><strong>Joannem</strong></span> <span class='ocrx_word' id='word_1_417' title='bbox 2786 3063 2907 3117; x_wconf 89' lang='lat' dir='ltr'><strong>cap.</strong></span> <span class='ocrx_word' id='word_1_418' title='bbox 2963 3064 3058 3114; x_wconf 81' lang='lat' dir='ltr'><strong>CL,</strong></span> <span class='ocrx_word' id='word_1_419' title='bbox 3115 3049 3257 3104; x_wconf 76' lang='lat' dir='ltr'><strong>Dixit</strong></span> <span class='ocrx_word' id='word_1_420' title='bbox 3311 3049 3470 3105; x_wconf 87' lang='lat' dir='ltr'><strong>Jesus</strong></span> <span class='ocrx_word' id='word_1_421' title='bbox 3500 3049 3779 3121; x_wconf 92' lang='lat' dir='ltr'><strong>discipulis</strong></span> 
     </span>
    </p>
   </div>
   <div class='ocr_carea' id='block_1_62' title="bbox 472 3130 2067 3225">
    <p class='ocr_par' dir='ltr' id='par_1_62' title="bbox 472 3145 2067 3225">
     <span class='ocr_line' id='line_1_62' title="bbox 472 3145 2067 3225; baseline 0.004 -27"><span class='ocrx_word' id='word_1_422' title='bbox 472 3145 867 3216; x_wconf 86' lang='lat' dir='ltr'><strong>apostolorum.</strong></span> <span class='ocrx_word' id='word_1_423' title='bbox 887 3145 941 3201; x_wconf 89' lang='lat' dir='ltr'><strong>In</strong></span> <span class='ocrx_word' id='word_1_424' title='bbox 964 3146 1154 3202; x_wconf 90' lang='lat' dir='ltr'><strong>diebus</strong></span> <span class='ocrx_word' id='word_1_425' title='bbox 1180 3147 1285 3203; x_wconf 92' lang='lat' dir='ltr'><strong>illis</strong></span> <span class='ocrx_word' id='word_1_426' title='bbox 1304 3149 1545 3203; x_wconf 86' lang='lat' dir='ltr'><strong>zelantes</strong></span> <span class='ocrx_word' id='word_1_427' title='bbox 1564 3148 1737 3203; x_wconf 60' lang='lat' dir='ltr'><strong>Judasi</strong></span> <span class='ocrx_word' id='word_1_428' title='bbox 1769 3151 2067 3225; x_wconf 85' lang='lat' dir='ltr'><strong>apostolos,</strong></span> 
     </span>
    </p>
   </div>
   <div class='ocr_carea' id='block_1_63' title="bbox 2190 3130 3779 3225">
    <p class='ocr_par' dir='ltr' id='par_1_63' title="bbox 2190 3138 3779 3214">
     <span class='ocr_line' id='line_1_63' title="bbox 2190 3138 3779 3214; baseline 0.003 -22"><span class='ocrx_word' id='word_1_429' title='bbox 2190 3138 2314 3205; x_wconf 77' lang='lat' dir='ltr'><strong>suis,</strong></span> <span class='ocrx_word' id='word_1_430' title='bbox 2352 3140 2546 3206; x_wconf 87' lang='lat' dir='ltr'><strong>Amen,</strong></span> <span class='ocrx_word' id='word_1_431' title='bbox 2586 3156 2742 3196; x_wconf 88' lang='lat' dir='ltr'><strong>amen</strong></span> <span class='ocrx_word' id='word_1_432' title='bbox 2776 3140 2900 3196; x_wconf 90' lang='lat' dir='ltr'><strong>dico</strong></span> <span class='ocrx_word' id='word_1_433' title='bbox 2930 3141 3105 3208; x_wconf 89' lang='lat' dir='ltr'><strong>vobis,</strong></span> <span class='ocrx_word' id='word_1_434' title='bbox 3133 3141 3178 3196; x_wconf 91' lang='lat' dir='ltr'><strong>si</strong></span> <span class='ocrx_word' id='word_1_435' title='bbox 3210 3142 3341 3214; x_wconf 88' lang='lat' dir='ltr'><strong>quid</strong></span> <span class='ocrx_word' id='word_1_436' title='bbox 3383 3145 3653 3212; x_wconf 88' lang='lat' dir='ltr'><strong>petieritis</strong></span> <span class='ocrx_word' id='word_1_437' title='bbox 3683 3142 3779 3198; x_wconf 78' lang='lat' dir='ltr'><strong>Pa~</strong></span> 
     </span>
    </p>
   </div>
   <div class='ocr_carea' id='block_1_64' title="bbox 480 3239 2075 3313">
    <p class='ocr_par' dir='ltr' id='par_1_64' title="bbox 480 3239 2075 3313">
     <span class='ocr_line' id='line_1_64' title="bbox 480 3239 2075 3313; baseline 0.003 -20"><span class='ocrx_word' id='word_1_438' title='bbox 480 3250 929 3310; x_wconf 88' lang='lat' dir='ltr'><strong>assumentesque</strong></span> <span class='ocrx_word' id='word_1_439' title='bbox 957 3239 1026 3295; x_wconf 91' lang='lat' dir='ltr'><strong>de</strong></span> <span class='ocrx_word' id='word_1_440' title='bbox 1057 3241 1217 3308; x_wconf 85' lang='lat' dir='ltr'><strong>vulgo</strong></span> <span class='ocrx_word' id='word_1_441' title='bbox 1248 3241 1416 3309; x_wconf 87' lang='lat' dir='ltr'><strong>viros,</strong></span> <span class='ocrx_word' id='word_1_442' title='bbox 1453 3256 1609 3313; x_wconf 82' lang='lat' dir='ltr'><strong>usque</strong></span> <span class='ocrx_word' id='word_1_443' title='bbox 1650 3248 1739 3294; x_wconf 86' lang='lat' dir='ltr'><strong>aut</strong></span> <span class='ocrx_word' id='word_1_444' title='bbox 1771 3240 1954 3297; x_wconf 87' lang='lat' dir='ltr'><strong>dicere</strong></span> <span class='ocrx_word' id='word_1_445' title='bbox 1982 3249 2075 3297; x_wconf 87' lang='lat' dir='ltr'><strong>aut</strong></span> 
     </span>
    </p>
   </div>
   <div class='ocr_carea' id='block_1_65' title="bbox 480 3332 2071 3403">
    <p class='ocr_par' dir='ltr' id='par_1_65' title="bbox 480 3332 2071 3403">
     <span class='ocr_line' id='line_1_65' title="bbox 480 3332 2071 3403; baseline 0.001 -17"><span class='ocrx_word' id='word_1_446' title='bbox 480 3332 667 3388; x_wconf 88' lang='lat' dir='ltr'><strong>audire</strong></span> <span class='ocrx_word' id='word_1_447' title='bbox 692 3332 892 3403; x_wconf 86' lang='lat' dir='ltr'><strong>aliquid</strong></span> <span class='ocrx_word' id='word_1_448' title='bbox 919 3333 1063 3403; x_wconf 87' lang='lat' dir='ltr'><strong>novi.</strong></span> <span class='ocrx_word' id='word_1_449' title='bbox 1101 3332 1449 3402; x_wconf 82' lang='lat' dir='ltr'><strong>Evangelinm</strong></span> <span class='ocrx_word' id='word_1_450' title='bbox 1476 3333 1775 3387; x_wconf 89' lang='lat' dir='ltr'><strong>secundum</strong></span> <span class='ocrx_word' id='word_1_451' title='bbox 1806 3333 2071 3389; x_wconf 87' lang='lat' dir='ltr'><strong>Joannem</strong></span> 
     </span>
    </p>
   </div>
   <div class='ocr_carea' id='block_1_66' title="bbox 471 3425 2075 3497">
    <p class='ocr_par' dir='ltr' id='par_1_66' title="bbox 471 3425 2075 3497">
     <span class='ocr_line' id='line_1_66' title="bbox 471 3425 2075 3497; baseline 0.002 -16"><span class='ocrx_word' id='word_1_452' title='bbox 471 3442 591 3497; x_wconf 90' lang='lat' dir='ltr'><strong>cap.</strong></span> <span class='ocrx_word' id='word_1_453' title='bbox 623 3444 790 3483; x_wconf 72' lang='lat' dir='ltr'><strong>cvxv.</strong></span> <span class='ocrx_word' id='word_1_454' title='bbox 823 3428 962 3482; x_wconf 86' lang='lat' dir='ltr'><strong>Dixit</strong></span> <span class='ocrx_word' id='word_1_455' title='bbox 996 3426 1153 3483; x_wconf 88' lang='lat' dir='ltr'><strong>Jesus</strong></span> <span class='ocrx_word' id='word_1_456' title='bbox 1186 3427 1467 3496; x_wconf 77' lang='lat' dir='ltr'><strong>discipulis</strong></span> <span class='ocrx_word' id='word_1_457' title='bbox 1497 3428 1637 3491; x_wconf 89' lang='lat' dir='ltr'><strong>suis,</strong></span> <span class='ocrx_word' id='word_1_458' title='bbox 1666 3425 1865 3494; x_wconf 86' lang='lat' dir='ltr'><strong>Filioli,</strong></span> <span class='ocrx_word' id='word_1_459' title='bbox 1897 3428 2075 3484; x_wconf 90' lang='lat' dir='ltr'><strong>adhuc</strong></span> 
     </span>
    </p>
   </div>
   <div class='ocr_carea' id='block_1_67' title="bbox 476 3517 2072 3590">
    <p class='ocr_par' dir='ltr' id='par_1_67' title="bbox 476 3517 2072 3590">
     <span class='ocr_line' id='line_1_67' title="bbox 476 3517 2072 3590; baseline 0.002 -18"><span class='ocrx_word' id='word_1_460' title='bbox 476 3518 755 3573; x_wconf 91' lang='lat' dir='ltr'><strong>modicum</strong></span> <span class='ocrx_word' id='word_1_461' title='bbox 808 3519 1088 3574; x_wconf 84' lang='lat' dir='ltr'><strong>vobiscum</strong></span> <span class='ocrx_word' id='word_1_462' title='bbox 1145 3532 1306 3587; x_wconf 90' lang='lat' dir='ltr'><strong>sum,</strong></span> <span class='ocrx_word' id='word_1_463' title='bbox 1368 3534 1529 3587; x_wconf 77' lang='lat' dir='ltr'><strong>usque</strong></span> <span class='ocrx_word' id='word_1_464' title='bbox 1593 3517 1839 3590; x_wconf 86' lang='lat' dir='ltr'><strong>sequeris</strong></span> <span class='ocrx_word' id='word_1_465' title='bbox 1893 3526 2072 3575; x_wconf 88' lang='lat' dir='ltr'><strong>autem</strong></span> 
     </span>
    </p>
   </div>
   <div class='ocr_carea' id='block_1_68' title="bbox 477 3624 684 3680">
    <p class='ocr_par' dir='ltr' id='par_1_68' title="bbox 477 3624 684 3680">
     <span class='ocr_line' id='line_1_68' title="bbox 477 3624 684 3680; baseline 0 -13"><span class='ocrx_word' id='word_1_466' title='bbox 477 3624 684 3680; x_wconf 88' lang='lat' dir='ltr'><strong>postea.</strong></span> 
     </span>
    </p>
   </div>
   <div class='ocr_carea' id='block_1_69' title="bbox 548 3703 2073 3775">
    <p class='ocr_par' dir='ltr' id='par_1_69' title="bbox 548 3703 2073 3775">
     <span class='ocr_line' id='line_1_69' title="bbox 548 3703 2073 3775; baseline 0.004 -20"><span class='ocrx_word' id='word_1_467' title='bbox 548 3703 709 3756; x_wconf 81' lang='lat' dir='ltr'><strong>Feria</strong></span> <span class='ocrx_word' id='word_1_468' title='bbox 739 3718 790 3757; x_wconf 94' lang='lat' dir='ltr'><strong>vI</strong></span> <span class='ocrx_word' id='word_1_469' title='bbox 822 3703 1181 3759; x_wconf 72' lang='lat' dir='ltr'><strong>hebdomadas</strong></span> <span class='ocrx_word' id='word_1_470' title='bbox 1217 3720 1338 3774; x_wconf 62' lang='lat' dir='ltr'><strong>quae</strong></span> <span class='ocrx_word' id='word_1_471' title='bbox 1380 3721 1561 3775; x_wconf 85' lang='lat' dir='ltr'><strong>supra.</strong></span> <span class='ocrx_word' id='word_1_472' title='bbox 1617 3706 1803 3762; x_wconf 89' lang='lat' dir='ltr'><strong>Lectio</strong></span> <span class='ocrx_word' id='word_1_473' title='bbox 1844 3707 2073 3762; x_wconf 80' lang='lat' dir='ltr'><strong>Actuum</strong></span> 
     </span>
    </p>
   </div>
   <div class='ocr_carea' id='block_1_70' title="bbox 474 3793 2074 3863">
    <p class='ocr_par' dir='ltr' id='par_1_70' title="bbox 474 3793 2074 3863">
     <span class='ocr_line' id='line_1_70' title="bbox 474 3793 2074 3863; baseline 0.008 -15"><span class='ocrx_word' id='word_1_474' title='bbox 474 3793 872 3863; x_wconf 90' lang='lat' dir='ltr'><strong>apostolorum.</strong></span> <span class='ocrx_word' id='word_1_475' title='bbox 918 3796 1083 3851; x_wconf 88' lang='lat' dir='ltr'><strong>Stans</strong></span> <span class='ocrx_word' id='word_1_476' title='bbox 1128 3807 1314 3852; x_wconf 88' lang='lat' dir='ltr'><strong>autem</strong></span> <span class='ocrx_word' id='word_1_477' title='bbox 1355 3798 1551 3853; x_wconf 85' lang='lat' dir='ltr'><strong>Paulus</strong></span> <span class='ocrx_word' id='word_1_478' title='bbox 1593 3799 1645 3852; x_wconf 92' lang='lat' dir='ltr'><strong>in</strong></span> <span class='ocrx_word' id='word_1_479' title='bbox 1677 3799 1858 3855; x_wconf 88' lang='lat' dir='ltr'><strong>medio</strong></span> <span class='ocrx_word' id='word_1_480' title='bbox 1904 3803 2074 3861; x_wconf 74' lang='lat' dir='ltr'><strong>Areo~</strong></span> 
     </span>
    </p>
   </div>
   <div class='ocr_carea' id='block_1_71' title="bbox 477 3883 2077 3967">
    <p class='ocr_par' dir='ltr' id='par_1_71' title="bbox 477 3883 2077 3967">
     <span class='ocr_line' id='line_1_71' title="bbox 477 3883 2077 3967; baseline 0.008 -30"><span class='ocrx_word' id='word_1_481' title='bbox 477 3883 598 3955; x_wconf 86' lang='lat' dir='ltr'><strong>pagi</strong></span> <span class='ocrx_word' id='word_1_482' title='bbox 639 3884 732 3948; x_wconf 89' lang='lat' dir='ltr'><strong>ait,</strong></span> <span class='ocrx_word' id='word_1_483' title='bbox 786 3902 947 3957; x_wconf 82' lang='lat' dir='ltr'><strong>usque</strong></span> <span class='ocrx_word' id='word_1_484' title='bbox 977 3886 1179 3943; x_wconf 89' lang='lat' dir='ltr'><strong>docens</strong></span> <span class='ocrx_word' id='word_1_485' title='bbox 1227 3890 1280 3943; x_wconf 91' lang='lat' dir='ltr'><strong>in</strong></span> <span class='ocrx_word' id='word_1_486' title='bbox 1312 3892 1391 3945; x_wconf 91' lang='lat' dir='ltr'><strong>eis</strong></span> <span class='ocrx_word' id='word_1_487' title='bbox 1425 3890 1644 3946; x_wconf 88' lang='lat' dir='ltr'><strong>verbum</strong></span> <span class='ocrx_word' id='word_1_488' title='bbox 1682 3892 1794 3947; x_wconf 74' lang='lat' dir='ltr'><strong>Dei.</strong></span> <span class='ocrx_word' id='word_1_489' title='bbox 1832 3895 2077 3967; x_wconf 86' lang='lat' dir='ltr'><strong>Evange-</strong></span> 
     </span>
    </p>
   </div>
   <div class='ocr_carea' id='block_1_72' title="bbox 478 3976 1196 4046">
    <p class='ocr_par' dir='ltr' id='par_1_72' title="bbox 478 3976 1196 4046">
     <span class='ocr_line' id='line_1_72' title="bbox 478 3976 1196 4046; baseline 0.003 -14"><span class='ocrx_word' id='word_1_490' title='bbox 478 3978 608 4034; x_wconf 91' lang='lat' dir='ltr'><strong>lium</strong></span> <span class='ocrx_word' id='word_1_491' title='bbox 641 3976 783 4046; x_wconf 88' lang='lat' dir='ltr'><strong>quod</strong></span> <span class='ocrx_word' id='word_1_492' title='bbox 812 3980 862 4031; x_wconf 89' lang='lat' dir='ltr'><strong>in</strong></span> <span class='ocrx_word' id='word_1_493' title='bbox 896 3978 1196 4037; x_wconf 89' lang='lat' dir='ltr'><strong>Dominica.</strong></span> 
     </span>
    </p>
   </div>
   <div class='ocr_carea' id='block_1_73' title="bbox 553 4068 2073 4147">
    <p class='ocr_par' dir='ltr' id='par_1_73' title="bbox 553 4068 2073 4147">
     <span class='ocr_line' id='line_1_73' title="bbox 553 4068 2073 4147; baseline 0.006 -21"><span class='ocrx_word' id='word_1_494' title='bbox 553 4068 790 4126; x_wconf 83' lang='lat' dir='ltr'><strong>Sabbato</strong></span> <span class='ocrx_word' id='word_1_495' title='bbox 822 4069 1179 4127; x_wconf 63' lang='lat' dir='ltr'><strong>hebdomadas</strong></span> <span class='ocrx_word' id='word_1_496' title='bbox 1218 4089 1337 4146; x_wconf 81' lang='lat' dir='ltr'><strong>qme</strong></span> <span class='ocrx_word' id='word_1_497' title='bbox 1383 4090 1563 4147; x_wconf 80' lang='lat' dir='ltr'><strong>supra.</strong></span> <span class='ocrx_word' id='word_1_498' title='bbox 1610 4075 1796 4133; x_wconf 88' lang='lat' dir='ltr'><strong>Lectio</strong></span> <span class='ocrx_word' id='word_1_499' title='bbox 1843 4080 2073 4134; x_wconf 90' lang='lat' dir='ltr'><strong>Actuum</strong></span> 
     </span>
    </p>
   </div>
   <div class='ocr_carea' id='block_1_74' title="bbox 479 4163 2077 4233">
    <p class='ocr_par' dir='ltr' id='par_1_74' title="bbox 479 4163 2077 4233">
     <span class='ocr_line' id='line_1_74' title="bbox 479 4163 2077 4233; baseline 0.009 -17"><span class='ocrx_word' id='word_1_500' title='bbox 479 4163 871 4233; x_wconf 84' lang='lat' dir='ltr'><strong>apostolorum.</strong></span> <span class='ocrx_word' id='word_1_501' title='bbox 900 4165 955 4220; x_wconf 90' lang='lat' dir='ltr'><strong>ln</strong></span> <span class='ocrx_word' id='word_1_502' title='bbox 983 4166 1176 4222; x_wconf 88' lang='lat' dir='ltr'><strong>diebus</strong></span> <span class='ocrx_word' id='word_1_503' title='bbox 1202 4170 1308 4223; x_wconf 91' lang='lat' dir='ltr'><strong>illis</strong></span> <span class='ocrx_word' id='word_1_504' title='bbox 1332 4171 1741 4228; x_wconf 78' lang='lat' dir='ltr'><strong>insurrexerunt</strong></span> <span class='ocrx_word' id='word_1_505' title='bbox 1766 4191 1873 4229; x_wconf 91' lang='lat' dir='ltr'><strong>uno</strong></span> <span class='ocrx_word' id='word_1_506' title='bbox 1897 4176 2077 4231; x_wconf 88' lang='lat' dir='ltr'><strong>animo</strong></span> 
     </span>
    </p>
   </div>
   <div class='ocr_carea' id='block_1_75' title="bbox 475 4257 2073 4339">
    <p class='ocr_par' dir='ltr' id='par_1_75' title="bbox 475 4257 2073 4339">
     <span class='ocr_line' id='line_1_75' title="bbox 475 4257 2073 4339; baseline 0.006 -24"><span class='ocrx_word' id='word_1_507' title='bbox 475 4257 648 4315; x_wconf 67' lang='grc' dir='ltr'><strong>,ιυόωὶ</strong></span> <span class='ocrx_word' id='word_1_508' title='bbox 674 4260 723 4314; x_wconf 91' lang='lat' dir='ltr'><strong>in</strong></span> <span class='ocrx_word' id='word_1_509' title='bbox 755 4261 999 4327; x_wconf 83' lang='lat' dir='ltr'><strong>Paulum,</strong></span> <span class='ocrx_word' id='word_1_510' title='bbox 1026 4278 1185 4333; x_wconf 81' lang='lat' dir='ltr'><strong>usque</strong></span> <span class='ocrx_word' id='word_1_511' title='bbox 1210 4263 1397 4333; x_wconf 80' lang='lat' dir='ltr'><strong>spiritu</strong></span> <span class='ocrx_word' id='word_1_512' title='bbox 1423 4281 1649 4335; x_wconf 81' lang='lat' dir='ltr'><strong>nequam</strong></span> <span class='ocrx_word' id='word_1_513' title='bbox 1673 4266 2073 4339; x_wconf 80' lang='lat' dir='ltr'><strong>egrediebatur.</strong></span> 
     </span>
    </p>
   </div>
   <div class='ocr_carea' id='block_1_76' title="bbox 480 4351 1418 4425">
    <p class='ocr_par' dir='ltr' id='par_1_76' title="bbox 480 4351 1418 4425">
     <span class='ocr_line' id='line_1_76' title="bbox 480 4351 1418 4425; baseline 0.005 -20"><span class='ocrx_word' id='word_1_514' title='bbox 480 4351 831 4425; x_wconf 81' lang='lat' dir='ltr'><strong>Evangelium</strong></span> <span class='ocrx_word' id='word_1_515' title='bbox 865 4355 1009 4424; x_wconf 88' lang='lat' dir='ltr'><strong>quod</strong></span> <span class='ocrx_word' id='word_1_516' title='bbox 1041 4354 1093 4411; x_wconf 90' lang='lat' dir='ltr'><strong>in</strong></span> <span class='ocrx_word' id='word_1_517' title='bbox 1127 4356 1418 4412; x_wconf 88' lang='lat' dir='ltr'><strong>Dominica.</strong></span> 
     </span>
    </p>
   </div>
   <div class='ocr_carea' id='block_1_77' title="bbox 551 4444 2073 4523">
    <p class='ocr_par' dir='ltr' id='par_1_77' title="bbox 551 4444 2073 4523">
     <span class='ocr_line' id='line_1_77' title="bbox 551 4444 2073 4523; baseline 0.008 -25"><span class='ocrx_word' id='word_1_518' title='bbox 551 4444 829 4501; x_wconf 87' lang='lat' dir='ltr'><strong>Dominica</strong></span> <span class='ocrx_word' id='word_1_519' title='bbox 864 4446 969 4518; x_wconf 87' lang='lat' dir='ltr'><strong>(III)</strong></span> <span class='ocrx_word' id='word_1_520' title='bbox 1021 4458 1139 4516; x_wconf 87' lang='lat' dir='ltr'><strong>post</strong></span> <span class='ocrx_word' id='word_1_521' title='bbox 1187 4448 1408 4504; x_wconf 89' lang='lat' dir='ltr'><strong>oclahas</strong></span> <span class='ocrx_word' id='word_1_522' title='bbox 1442 4449 1682 4505; x_wconf 76' lang='lat' dir='ltr'><strong>Pasehm.</strong></span> <span class='ocrx_word' id='word_1_523' title='bbox 1731 4452 1918 4508; x_wconf 89' lang='lat' dir='ltr'><strong>Lectio</strong></span> <span class='ocrx_word' id='word_1_524' title='bbox 1950 4454 2073 4523; x_wconf 85' lang='lat' dir='ltr'><strong>Epi-</strong></span> 
     </span>
    </p>
   </div>
   <div class='ocr_carea' id='block_1_78' title="bbox 2178 3232 3635 3304">
    <p class='ocr_par' dir='ltr' id='par_1_78' title="bbox 2178 3232 3635 3304">
     <span class='ocr_line' id='line_1_78' title="bbox 2178 3232 3635 3304; baseline 0.005 -20"><span class='ocrx_word' id='word_1_525' title='bbox 2178 3239 2335 3296; x_wconf 89' lang='lat' dir='ltr'><strong>trem,</strong></span> <span class='ocrx_word' id='word_1_526' title='bbox 2368 3248 2527 3303; x_wconf 83' lang='lat' dir='ltr'><strong>usque</strong></span> <span class='ocrx_word' id='word_1_527' title='bbox 2557 3232 2611 3287; x_wconf 91' lang='lat' dir='ltr'><strong>in</strong></span> <span class='ocrx_word' id='word_1_528' title='bbox 2645 3235 2746 3289; x_wconf 86' lang='lat' dir='ltr'><strong>hoc</strong></span> <span class='ocrx_word' id='word_1_529' title='bbox 2776 3233 3052 3288; x_wconf 88' lang='lat' dir='ltr'><strong>credimus</strong></span> <span class='ocrx_word' id='word_1_530' title='bbox 3082 3235 3208 3304; x_wconf 87' lang='lat' dir='ltr'><strong>quia</strong></span> <span class='ocrx_word' id='word_1_531' title='bbox 3240 3251 3269 3291; x_wconf 88' lang='lat' dir='ltr'><strong>a</strong></span> <span class='ocrx_word' id='word_1_532' title='bbox 3293 3235 3408 3291; x_wconf 91' lang='lat' dir='ltr'><strong>Deo</strong></span> <span class='ocrx_word' id='word_1_533' title='bbox 3449 3235 3635 3292; x_wconf 74' lang='lat' dir='ltr'><strong>existi.</strong></span> 
     </span>
    </p>
   </div>
   <div class='ocr_carea' id='block_1_79' title="bbox 2249 3322 3777 3397">
    <p class='ocr_par' dir='ltr' id='par_1_79' title="bbox 2249 3322 3777 3397">
     <span class='ocr_line' id='line_1_79' title="bbox 2249 3322 3777 3397; baseline 0.006 -21"><span class='ocrx_word' id='word_1_534' title='bbox 2249 3322 2475 3378; x_wconf 86' lang='lat' dir='ltr'><strong>Letania</strong></span> <span class='ocrx_word' id='word_1_535' title='bbox 2543 3325 2770 3395; x_wconf 85' lang='lat' dir='ltr'><strong>majore.</strong></span> <span class='ocrx_word' id='word_1_536' title='bbox 2830 3326 3019 3381; x_wconf 60' lang='lat' dir='ltr'><strong>Lectio</strong></span> <span class='ocrx_word' id='word_1_537' title='bbox 3074 3322 3330 3397; x_wconf 71' lang='lat' dir='ltr'><strong>Epistolas</strong></span> <span class='ocrx_word' id='word_1_538' title='bbox 3385 3329 3530 3383; x_wconf 83' lang='lat' dir='ltr'><strong>beati</strong></span> <span class='ocrx_word' id='word_1_539' title='bbox 3589 3328 3777 3385; x_wconf 87' lang='lat' dir='ltr'><strong>Jacobi</strong></span> 
     </span>
    </p>
   </div>
   <div class='ocr_carea' id='block_1_80' title="bbox 2177 3414 3781 3493">
    <p class='ocr_par' dir='ltr' id='par_1_80' title="bbox 2177 3414 3781 3493">
     <span class='ocr_line' id='line_1_80' title="bbox 2177 3414 3781 3493; baseline 0.004 -24"><span class='ocrx_word' id='word_1_540' title='bbox 2177 3414 2429 3484; x_wconf 83' lang='lat' dir='ltr'><strong>apostoli.</strong></span> <span class='ocrx_word' id='word_1_541' title='bbox 2450 3415 3140 3474; x_wconf 80' lang='lat' dir='ltr'><strong>Conﬁteniinialterutrum</strong></span> <span class='ocrx_word' id='word_1_542' title='bbox 3163 3430 3377 3489; x_wconf 83' lang='lat' dir='ltr'><strong>peccata</strong></span> <span class='ocrx_word' id='word_1_543' title='bbox 3393 3432 3603 3487; x_wconf 86' lang='lat' dir='ltr'><strong>vestra,</strong></span> <span class='ocrx_word' id='word_1_544' title='bbox 3624 3439 3781 3493; x_wconf 75' lang='lat' dir='ltr'><strong>usque</strong></span> 
     </span>
    </p>
   </div>
   <div class='ocr_carea' id='block_1_81' title="bbox 2177 3508 3781 3586">
    <p class='ocr_par' dir='ltr' id='par_1_81' title="bbox 2177 3508 3781 3586">
     <span class='ocr_line' id='line_1_81' title="bbox 2177 3508 3781 3586; baseline 0.006 -24"><span class='ocrx_word' id='word_1_545' title='bbox 2177 3518 2230 3563; x_wconf 85' lang='lat' dir='ltr'><strong>et</strong></span> <span class='ocrx_word' id='word_1_546' title='bbox 2256 3508 2433 3578; x_wconf 88' lang='lat' dir='ltr'><strong>operit</strong></span> <span class='ocrx_word' id='word_1_547' title='bbox 2463 3509 2871 3565; x_wconf 86' lang='lat' dir='ltr'><strong>multitudinem</strong></span> <span class='ocrx_word' id='word_1_548' title='bbox 2898 3524 3271 3582; x_wconf 87' lang='lat' dir='ltr'><strong>peccatorum.</strong></span> <span class='ocrx_word' id='word_1_549' title='bbox 3307 3514 3663 3586; x_wconf 84' lang='lat' dir='ltr'><strong>Evangeliqu</strong></span> <span class='ocrx_word' id='word_1_550' title='bbox 3697 3531 3781 3571; x_wconf 82' lang='lat' dir='ltr'><strong>sc-</strong></span> 
     </span>
    </p>
   </div>
   <div class='ocr_carea' id='block_1_82' title="bbox 2174 3601 3780 3676">
    <p class='ocr_par' dir='ltr' id='par_1_82' title="bbox 2174 3601 3780 3676">
     <span class='ocr_line' id='line_1_82' title="bbox 2174 3601 3780 3676; baseline 0.004 -21"><span class='ocrx_word' id='word_1_551' title='bbox 2174 3601 2413 3655; x_wconf 86' lang='lat' dir='ltr'><strong>enndum</strong></span> <span class='ocrx_word' id='word_1_552' title='bbox 2444 3602 2645 3656; x_wconf 85' lang='lat' dir='ltr'><strong>Lucam</strong></span> <span class='ocrx_word' id='word_1_553' title='bbox 2692 3618 2813 3673; x_wconf 89' lang='lat' dir='ltr'><strong>cap.</strong></span> <span class='ocrx_word' id='word_1_554' title='bbox 2862 3619 3048 3671; x_wconf 74' lang='lat' dir='ltr'><strong>cxstv,</strong></span> <span class='ocrx_word' id='word_1_555' title='bbox 3101 3604 3249 3661; x_wconf 84' lang='lat' dir='ltr'><strong>Dixit</strong></span> <span class='ocrx_word' id='word_1_556' title='bbox 3292 3605 3453 3661; x_wconf 88' lang='lat' dir='ltr'><strong>Jesus</strong></span> <span class='ocrx_word' id='word_1_557' title='bbox 3498 3606 3780 3676; x_wconf 86' lang='lat' dir='ltr'><strong>discipulis</strong></span> 
     </span>
    </p>
   </div>
   <div class='ocr_carea' id='block_1_83' title="bbox 2177 3690 3781 3767">
    <p class='ocr_par' dir='ltr' id='par_1_83' title="bbox 2177 3690 3781 3767">
     <span class='ocr_line' id='line_1_83' title="bbox 2177 3690 3781 3767; baseline 0.004 -22"><span class='ocrx_word' id='word_1_558' title='bbox 2177 3690 2312 3755; x_wconf 78' lang='lat' dir='ltr'><strong>suis,</strong></span> <span class='ocrx_word' id='word_1_559' title='bbox 2347 3691 2478 3757; x_wconf 83' lang='lat' dir='ltr'><strong>Quis</strong></span> <span class='ocrx_word' id='word_1_560' title='bbox 2528 3703 2769 3749; x_wconf 86' lang='lat' dir='ltr'><strong>vestrum</strong></span> <span class='ocrx_word' id='word_1_561' title='bbox 2825 3692 2993 3750; x_wconf 85' lang='lat' dir='ltr'><strong>habet</strong></span> <span class='ocrx_word' id='word_1_562' title='bbox 3036 3698 3294 3763; x_wconf 88' lang='lat' dir='ltr'><strong>amicum,</strong></span> <span class='ocrx_word' id='word_1_563' title='bbox 3341 3713 3501 3767; x_wconf 82' lang='lat' dir='ltr'><strong>usque</strong></span> <span class='ocrx_word' id='word_1_564' title='bbox 3547 3695 3781 3766; x_wconf 87' lang='lat' dir='ltr'><strong>petenti-</strong></span> 
     </span>
    </p>
   </div>
   <div class='ocr_carea' id='block_1_84' title="bbox 2181 3786 2387 3840">
    <p class='ocr_par' dir='ltr' id='par_1_84' title="bbox 2181 3786 2387 3840">
     <span class='ocr_line' id='line_1_84' title="bbox 2181 3786 2387 3840; baseline 0.005 -1"><span class='ocrx_word' id='word_1_565' title='bbox 2181 3786 2281 3840; x_wconf 85' lang='lat' dir='ltr'><strong>bus</strong></span> <span class='ocrx_word' id='word_1_566' title='bbox 2307 3799 2387 3840; x_wconf 90' lang='lat' dir='ltr'><strong>se.</strong></span> 
     </span>
    </p>
   </div>
   <div class='ocr_carea' id='block_1_85' title="bbox 2250 3878 3778 3956">
    <p class='ocr_par' dir='ltr' id='par_1_85' title="bbox 2250 3878 3778 3956">
     <span class='ocr_line' id='line_1_85' title="bbox 2250 3878 3778 3956; baseline 0.004 -20"><span class='ocrx_word' id='word_1_567' title='bbox 2250 3879 2311 3936; x_wconf 84' lang='lat' dir='ltr'><strong>In</strong></span> <span class='ocrx_word' id='word_1_568' title='bbox 2346 3878 2523 3951; x_wconf 78' lang='lat' dir='ltr'><strong>vigilia</strong></span> <span class='ocrx_word' id='word_1_569' title='bbox 2557 3883 2797 3937; x_wconf 80' lang='lat' dir='ltr'><strong>Aseensa</strong></span> <span class='ocrx_word' id='word_1_570' title='bbox 2842 3882 3079 3939; x_wconf 84' lang='lat' dir='ltr'><strong>Domini.</strong></span> <span class='ocrx_word' id='word_1_571' title='bbox 3127 3885 3319 3941; x_wconf 85' lang='lat' dir='ltr'><strong>Lectio</strong></span> <span class='ocrx_word' id='word_1_572' title='bbox 3360 3888 3598 3946; x_wconf 78' lang='lat' dir='ltr'><strong>Aetuum</strong></span> <span class='ocrx_word' id='word_1_573' title='bbox 3626 3890 3778 3956; x_wconf 76' lang='lat' dir='ltr'><strong>&quot;apo-</strong></span> 
     </span>
    </p>
   </div>
   <div class='ocr_carea' id='block_1_86' title="bbox 2181 3978 3778 4044">
    <p class='ocr_par' dir='ltr' id='par_1_86' title="bbox 2181 3978 3778 4044">
     <span class='ocr_line' id='line_1_86' title="bbox 2181 3978 3778 4044; baseline 0.004 -13"><span class='ocrx_word' id='word_1_574' title='bbox 2181 3978 2473 4033; x_wconf 83' lang='lat' dir='ltr'><strong>stolorum.</strong></span> <span class='ocrx_word' id='word_1_575' title='bbox 2507 3978 2563 4032; x_wconf 90' lang='lat' dir='ltr'><strong>In</strong></span> <span class='ocrx_word' id='word_1_576' title='bbox 2611 3980 2804 4035; x_wconf 87' lang='lat' dir='ltr'><strong>diebus</strong></span> <span class='ocrx_word' id='word_1_577' title='bbox 2854 3981 2982 4044; x_wconf 88' lang='lat' dir='ltr'><strong>illis,</strong></span> <span class='ocrx_word' id='word_1_578' title='bbox 3030 3981 3396 4037; x_wconf 88' lang='lat' dir='ltr'><strong>multitudinis</strong></span> <span class='ocrx_word' id='word_1_579' title='bbox 3434 3994 3618 4038; x_wconf 88' lang='lat' dir='ltr'><strong>autem</strong></span> <span class='ocrx_word' id='word_1_580' title='bbox 3663 3998 3778 4038; x_wconf 84' lang='lat' dir='ltr'><strong>cre-</strong></span> 
     </span>
    </p>
   </div>
   <div class='ocr_carea' id='block_1_87' title="bbox 2185 4072 3779 4147">
    <p class='ocr_par' dir='ltr' id='par_1_87' title="bbox 2185 4072 3779 4147">
     <span class='ocr_line' id='line_1_87' title="bbox 2185 4072 3779 4147; baseline 0.003 -21"><span class='ocrx_word' id='word_1_581' title='bbox 2185 4072 2452 4137; x_wconf 85' lang='lat' dir='ltr'><strong>dentium,</strong></span> <span class='ocrx_word' id='word_1_582' title='bbox 2488 4089 2649 4144; x_wconf 80' lang='lat' dir='ltr'><strong>usque</strong></span> <span class='ocrx_word' id='word_1_583' title='bbox 2679 4082 2836 4143; x_wconf 88' lang='lat' dir='ltr'><strong>prout</strong></span> <span class='ocrx_word' id='word_1_584' title='bbox 2866 4074 3063 4145; x_wconf 84' lang='lat' dir='ltr'><strong>cuique</strong></span> <span class='ocrx_word' id='word_1_585' title='bbox 3093 4091 3229 4146; x_wconf 88' lang='lat' dir='ltr'><strong>opus</strong></span> <span class='ocrx_word' id='word_1_586' title='bbox 3260 4086 3397 4131; x_wconf 90' lang='lat' dir='ltr'><strong>erat.</strong></span> <span class='ocrx_word' id='word_1_587' title='bbox 3431 4077 3779 4147; x_wconf 76' lang='lat' dir='ltr'><strong>Evangelium</strong></span> 
     </span>
    </p>
   </div>
   <div class='ocr_carea' id='block_1_88' title="bbox 2181 4166 3783 4239">
    <p class='ocr_par' dir='ltr' id='par_1_88' title="bbox 2181 4166 3783 4239">
     <span class='ocr_line' id='line_1_88' title="bbox 2181 4166 3783 4239; baseline 0.003 -20"><span class='ocrx_word' id='word_1_588' title='bbox 2181 4167 2481 4221; x_wconf 88' lang='lat' dir='ltr'><strong>secundum</strong></span> <span class='ocrx_word' id='word_1_589' title='bbox 2506 4166 2768 4223; x_wconf 61' lang='lat' dir='ltr'><strong>Joanrem</strong></span> <span class='ocrx_word' id='word_1_590' title='bbox 2801 4184 2920 4239; x_wconf 85' lang='lat' dir='ltr'><strong>cap.</strong></span> <span class='ocrx_word' id='word_1_591' title='bbox 2952 4185 3091 4235; x_wconf 81' lang='lat' dir='ltr'><strong>cuv,</strong></span> <span class='ocrx_word' id='word_1_592' title='bbox 3124 4170 3439 4226; x_wconf 84' lang='lat' dir='ltr'><strong>Sublevatis</strong></span> <span class='ocrx_word' id='word_1_593' title='bbox 3466 4171 3626 4225; x_wconf 79' lang='lat' dir='ltr'><strong>Jesus</strong></span> <span class='ocrx_word' id='word_1_594' title='bbox 3652 4185 3699 4225; x_wconf 80' lang='lat' dir='ltr'><strong>o;</strong></span> <span class='ocrx_word' id='word_1_595' title='bbox 3720 4184 3783 4224; x_wconf 90' lang='lat' dir='ltr'><strong>u-</strong></span> 
     </span>
    </p>
   </div>
   <div class='ocr_carea' id='block_1_89' title="bbox 2183 4257 3357 4331">
    <p class='ocr_par' dir='ltr' id='par_1_89' title="bbox 2183 4257 3357 4331">
     <span class='ocr_line' id='line_1_89' title="bbox 2183 4257 3357 4331; baseline 0.004 -21"><span class='ocrx_word' id='word_1_596' title='bbox 2183 4257 2247 4312; x_wconf 69' lang='lat' dir='ltr'><strong>lis</strong></span> <span class='ocrx_word' id='word_1_597' title='bbox 2278 4258 2332 4313; x_wconf 86' lang='lat' dir='ltr'><strong>in</strong></span> <span class='ocrx_word' id='word_1_598' title='bbox 2366 4260 2589 4328; x_wconf 71' lang='lat' dir='ltr'><strong>cwlum,</strong></span> <span class='ocrx_word' id='word_1_599' title='bbox 2620 4277 2775 4330; x_wconf 82' lang='lat' dir='ltr'><strong>usque</strong></span> <span class='ocrx_word' id='word_1_600' title='bbox 2806 4270 2858 4316; x_wconf 89' lang='lat' dir='ltr'><strong>et</strong></span> <span class='ocrx_word' id='word_1_601' title='bbox 2884 4276 2986 4331; x_wconf 88' lang='lat' dir='ltr'><strong>ego</strong></span> <span class='ocrx_word' id='word_1_602' title='bbox 3017 4261 3084 4316; x_wconf 80' lang='lat' dir='ltr'><strong>ad</strong></span> <span class='ocrx_word' id='word_1_603' title='bbox 3119 4271 3169 4317; x_wconf 90' lang='lat' dir='ltr'><strong>te</strong></span> <span class='ocrx_word' id='word_1_604' title='bbox 3200 4262 3357 4317; x_wconf 89' lang='lat' dir='ltr'><strong>vado.</strong></span> 
     </span>
    </p>
   </div>
   <div class='ocr_carea' id='block_1_90' title="bbox 2255 4354 3775 4426">
    <p class='ocr_par' dir='ltr' id='par_1_90' title="bbox 2255 4354 3775 4426">
     <span class='ocr_line' id='line_1_90' title="bbox 2255 4354 3775 4426; baseline 0 -17"><span class='ocrx_word' id='word_1_605' title='bbox 2255 4354 2312 4409; x_wconf 93' lang='lat' dir='ltr'><strong>ln</strong></span> <span class='ocrx_word' id='word_1_606' title='bbox 2342 4355 2690 4410; x_wconf 79' lang='lat' dir='ltr'><strong>Ascensionis</strong></span> <span class='ocrx_word' id='word_1_607' title='bbox 2721 4355 2954 4409; x_wconf 88' lang='lat' dir='ltr'><strong>Domini.</strong></span> <span class='ocrx_word' id='word_1_608' title='bbox 2990 4355 3180 4411; x_wconf 86' lang='lat' dir='ltr'><strong>Lectio</strong></span> <span class='ocrx_word' id='word_1_609' title='bbox 3232 4360 3464 4412; x_wconf 78' lang='lat' dir='ltr'><strong>Aetuum</strong></span> <span class='ocrx_word' id='word_1_610' title='bbox 3496 4354 3775 4426; x_wconf 84' lang='lat' dir='ltr'><strong>apostolo-</strong></span> 
     </span>
    </p>
   </div>
   <div class='ocr_carea' id='block_1_91' title="bbox 2184 4447 3780 4521">
    <p class='ocr_par' dir='ltr' id='par_1_91' title="bbox 2184 4447 3780 4521">
     <span class='ocr_line' id='line_1_91' title="bbox 2184 4447 3780 4521; baseline 0.002 -21"><span class='ocrx_word' id='word_1_611' title='bbox 2184 4462 2325 4500; x_wconf 90' lang='lat' dir='ltr'><strong>rum.</strong></span> <span class='ocrx_word' id='word_1_612' title='bbox 2359 4447 2594 4502; x_wconf 89' lang='lat' dir='ltr'><strong>Primum</strong></span> <span class='ocrx_word' id='word_1_613' title='bbox 2621 4449 2839 4519; x_wconf 89' lang='lat' dir='ltr'><strong>quidem</strong></span> <span class='ocrx_word' id='word_1_614' title='bbox 2870 4463 3184 4505; x_wconf 89' lang='lat' dir='ltr'><strong>sermonem</strong></span> <span class='ocrx_word' id='word_1_615' title='bbox 3217 4449 3343 4519; x_wconf 79' lang='lat' dir='ltr'><strong>feci,</strong></span> <span class='ocrx_word' id='word_1_616' title='bbox 3379 4466 3539 4521; x_wconf 76' lang='lat' dir='ltr'><strong>usque</strong></span> <span class='ocrx_word' id='word_1_617' title='bbox 3563 4458 3780 4505; x_wconf 87' lang='lat' dir='ltr'><strong>euntem</strong></span> 
     </span>
    </p>
   </div>
   <div class='ocr_carea' id='block_1_92' title="bbox 472 4532 2067 4612">
    <p class='ocr_par' dir='ltr' id='par_1_92' title="bbox 472 4536 2067 4610">
     <span class='ocr_line' id='line_1_92' title="bbox 472 4536 2067 4610; baseline 0.007 -20"><span class='ocrx_word' id='word_1_618' title='bbox 472 4536 623 4590; x_wconf 79' lang='lat' dir='ltr'><strong>Stolae</strong></span> <span class='ocrx_word' id='word_1_619' title='bbox 648 4537 791 4592; x_wconf 88' lang='lat' dir='ltr'><strong>beati</strong></span> <span class='ocrx_word' id='word_1_620' title='bbox 824 4537 1016 4594; x_wconf 80' lang='lat' dir='ltr'><strong>Jacobi</strong></span> <span class='ocrx_word' id='word_1_621' title='bbox 1046 4541 1301 4610; x_wconf 85' lang='lat' dir='ltr'><strong>apostoli.</strong></span> <span class='ocrx_word' id='word_1_622' title='bbox 1326 4538 1672 4608; x_wconf 83' lang='lat' dir='ltr'><strong>Charissimi,</strong></span> <span class='ocrx_word' id='word_1_623' title='bbox 1706 4559 1867 4607; x_wconf 81' lang='lat' dir='ltr'><strong>omne</strong></span> <span class='ocrx_word' id='word_1_624' title='bbox 1890 4544 2067 4602; x_wconf 82' lang='lat' dir='ltr'><strong>datnni</strong></span> 
     </span>
    </p>
   </div>
   <div class='ocr_carea' id='block_1_93' title="bbox 2190 4532 3780 4612">
    <p class='ocr_par' dir='ltr' id='par_1_93' title="bbox 2190 4541 3780 4612">
     <span class='ocr_line' id='line_1_93' title="bbox 2190 4541 3780 4612; baseline 0.001 -19"><span class='ocrx_word' id='word_1_625' title='bbox 2190 4542 2234 4594; x_wconf 86' lang='lat' dir='ltr'><strong>in</strong></span> <span class='ocrx_word' id='word_1_626' title='bbox 2290 4541 2511 4595; x_wconf 60' lang='lat' dir='ltr'><strong>corium.</strong></span> <span class='ocrx_word' id='word_1_627' title='bbox 2578 4541 2931 4611; x_wconf 80' lang='lat' dir='ltr'><strong>Evattgclium</strong></span> <span class='ocrx_word' id='word_1_628' title='bbox 2992 4542 3293 4598; x_wconf 89' lang='lat' dir='ltr'><strong>secundum</strong></span> <span class='ocrx_word' id='word_1_629' title='bbox 3361 4541 3602 4598; x_wconf 84' lang='lat' dir='ltr'><strong>Marcum</strong></span> <span class='ocrx_word' id='word_1_630' title='bbox 3656 4556 3780 4612; x_wconf 90' lang='lat' dir='ltr'><strong>cap.</strong></span> 
     </span>
    </p>
   </div>
   <div class='ocr_carea' id='block_1_94' title="bbox 473 4629 2072 4703">
    <p class='ocr_par' dir='ltr' id='par_1_94' title="bbox 473 4629 2072 4703">
     <span class='ocr_line' id='line_1_94' title="bbox 473 4629 2072 4703; baseline 0.009 -22"><span class='ocrx_word' id='word_1_631' title='bbox 473 4629 763 4698; x_wconf 79' lang='lat' dir='ltr'><strong>Optimum,</strong></span> <span class='ocrx_word' id='word_1_632' title='bbox 798 4646 959 4703; x_wconf 84' lang='lat' dir='ltr'><strong>usque</strong></span> <span class='ocrx_word' id='word_1_633' title='bbox 984 4631 1126 4702; x_wconf 90' lang='lat' dir='ltr'><strong>quod</strong></span> <span class='ocrx_word' id='word_1_634' title='bbox 1156 4642 1335 4702; x_wconf 86' lang='lat' dir='ltr'><strong>potest</strong></span> <span class='ocrx_word' id='word_1_635' title='bbox 1366 4632 1578 4690; x_wconf 88' lang='lat' dir='ltr'><strong>salvare</strong></span> <span class='ocrx_word' id='word_1_636' title='bbox 1606 4635 1815 4692; x_wconf 87' lang='lat' dir='ltr'><strong>animas</strong></span> <span class='ocrx_word' id='word_1_637' title='bbox 1843 4646 2072 4695; x_wconf 85' lang='lat' dir='ltr'><strong>vestras.</strong></span> 
     </span>
    </p>
   </div>
   <div class='ocr_carea' id='block_1_95' title="bbox 473 4720 2073 4798">
    <p class='ocr_par' dir='ltr' id='par_1_95' title="bbox 473 4720 2073 4798">
     <span class='ocr_line' id='line_1_95' title="bbox 473 4720 2073 4798; baseline 0.009 -25"><span class='ocrx_word' id='word_1_638' title='bbox 473 4720 828 4793; x_wconf 79' lang='lat' dir='ltr'><strong>Evangelium</strong></span> <span class='ocrx_word' id='word_1_639' title='bbox 857 4724 1154 4779; x_wconf 89' lang='lat' dir='ltr'><strong>secundum</strong></span> <span class='ocrx_word' id='word_1_640' title='bbox 1204 4725 1466 4781; x_wconf 90' lang='lat' dir='ltr'><strong>Joannem</strong></span> <span class='ocrx_word' id='word_1_641' title='bbox 1507 4743 1628 4798; x_wconf 90' lang='lat' dir='ltr'><strong>cap.</strong></span> <span class='ocrx_word' id='word_1_642' title='bbox 1684 4743 1884 4797; x_wconf 77' lang='lat' dir='ltr'><strong>CXLVII,</strong></span> <span class='ocrx_word' id='word_1_643' title='bbox 1929 4731 2073 4787; x_wconf 84' lang='lat' dir='ltr'><strong>Dixit</strong></span> 
     </span>
    </p>
   </div>
   <div class='ocr_carea' id='block_1_96' title="bbox 471 4813 2068 4895">
    <p class='ocr_par' dir='ltr' id='par_1_96' title="bbox 471 4813 2068 4895">
     <span class='ocr_line' id='line_1_96' title="bbox 471 4813 2068 4895; baseline 0.007 -27"><span class='ocrx_word' id='word_1_644' title='bbox 471 4813 628 4883; x_wconf 82' lang='lat' dir='ltr'><strong>Jesus</strong></span> <span class='ocrx_word' id='word_1_645' title='bbox 671 4816 953 4888; x_wconf 91' lang='lat' dir='ltr'><strong>discipulis</strong></span> <span class='ocrx_word' id='word_1_646' title='bbox 1002 4818 1136 4886; x_wconf 89' lang='lat' dir='ltr'><strong>suis,</strong></span> <span class='ocrx_word' id='word_1_647' title='bbox 1190 4819 1338 4876; x_wconf 86' lang='lat' dir='ltr'><strong>Vado</strong></span> <span class='ocrx_word' id='word_1_648' title='bbox 1385 4820 1451 4876; x_wconf 89' lang='lat' dir='ltr'><strong>ad</strong></span> <span class='ocrx_word' id='word_1_649' title='bbox 1494 4835 1616 4877; x_wconf 90' lang='lat' dir='ltr'><strong>eum</strong></span> <span class='ocrx_word' id='word_1_650' title='bbox 1662 4822 1751 4895; x_wconf 88' lang='lat' dir='ltr'><strong>qui</strong></span> <span class='ocrx_word' id='word_1_651' title='bbox 1784 4839 1868 4879; x_wconf 88' lang='lat' dir='ltr'><strong>me</strong></span> <span class='ocrx_word' id='word_1_652' title='bbox 1901 4824 2068 4893; x_wconf 71' lang='lat' dir='ltr'><strong>misit,</strong></span> 
     </span>
    </p>
   </div>
   <div class='ocr_carea' id='block_1_97' title="bbox 476 4909 1206 4975">
    <p class='ocr_par' dir='ltr' id='par_1_97' title="bbox 476 4909 1206 4975">
     <span class='ocr_line' id='line_1_97' title="bbox 476 4909 1206 4975; baseline 0.011 -18"><span class='ocrx_word' id='word_1_653' title='bbox 476 4922 634 4975; x_wconf 80' lang='lat' dir='ltr'><strong>usque</strong></span> <span class='ocrx_word' id='word_1_654' title='bbox 661 4910 1002 4964; x_wconf 87' lang='lat' dir='ltr'><strong>annuntiabit</strong></span> <span class='ocrx_word' id='word_1_655' title='bbox 1033 4909 1206 4967; x_wconf 85' lang='lat' dir='ltr'><strong>vobis.</strong></span> 
     </span>
    </p>
   </div>
   <div class='ocr_carea' id='block_1_98' title="bbox 549 4999 2069 5077">
    <p class='ocr_par' dir='ltr' id='par_1_98' title="bbox 549 4999 2069 5077">
     <span class='ocr_line' id='line_1_98' title="bbox 549 4999 2069 5077; baseline 0.009 -26"><span class='ocrx_word' id='word_1_656' title='bbox 549 5009 586 5052; x_wconf 89' lang='lat' dir='ltr'><strong>II</strong></span> <span class='ocrx_word' id='word_1_657' title='bbox 617 5014 743 5055; x_wconf 91' lang='lat' dir='ltr'><strong>non.</strong></span> <span class='ocrx_word' id='word_1_658' title='bbox 776 4999 920 5055; x_wconf 83' lang='lat' dir='ltr'><strong>Maii.</strong></span> <span class='ocrx_word' id='word_1_659' title='bbox 946 5000 1133 5057; x_wconf 88' lang='lat' dir='ltr'><strong>Natale</strong></span> <span class='ocrx_word' id='word_1_660' title='bbox 1162 5004 1334 5058; x_wconf 86' lang='lat' dir='ltr'><strong>saneti</strong></span> <span class='ocrx_word' id='word_1_661' title='bbox 1364 5003 1601 5061; x_wconf 70' lang='grc' dir='ltr'><strong>Μαιηιωί</strong></span> <span class='ocrx_word' id='word_1_662' title='bbox 1644 5007 1898 5077; x_wconf 87' lang='lat' dir='ltr'><strong>apostoli.</strong></span> <span class='ocrx_word' id='word_1_663' title='bbox 1932 5008 2069 5065; x_wconf 86' lang='lat' dir='ltr'><strong>Lec-</strong></span> 
     </span>
    </p>
   </div>
   <div class='ocr_carea' id='block_1_99' title="bbox 475 5088 2070 5173">
    <p class='ocr_par' dir='ltr' id='par_1_99' title="bbox 475 5088 2070 5173">
     <span class='ocr_line' id='line_1_99' title="bbox 475 5088 2070 5173; baseline 0.011 -31"><span class='ocrx_word' id='word_1_664' title='bbox 475 5088 552 5143; x_wconf 91' lang='lat' dir='ltr'><strong>tio</strong></span> <span class='ocrx_word' id='word_1_665' title='bbox 572 5089 692 5145; x_wconf 90' lang='lat' dir='ltr'><strong>libri</strong></span> <span class='ocrx_word' id='word_1_666' title='bbox 720 5090 1032 5161; x_wconf 83' lang='lat' dir='ltr'><strong>Sapientiae.</strong></span> <span class='ocrx_word' id='word_1_667' title='bbox 1058 5096 1375 5153; x_wconf 89' lang='lat' dir='ltr'><strong>Benedictio</strong></span> <span class='ocrx_word' id='word_1_668' title='bbox 1394 5100 1491 5154; x_wconf 89' lang='lat' dir='ltr'><strong>Dei</strong></span> <span class='ocrx_word' id='word_1_669' title='bbox 1516 5100 1569 5155; x_wconf 92' lang='lat' dir='ltr'><strong>in</strong></span> <span class='ocrx_word' id='word_1_670' title='bbox 1595 5102 1903 5157; x_wconf 81' lang='lat' dir='ltr'><strong>mercedem</strong></span> <span class='ocrx_word' id='word_1_671' title='bbox 1937 5105 2070 5173; x_wconf 78' lang='lat' dir='ltr'><strong>justi</strong></span> 
     </span>
    </p>
   </div>
   <div class='ocr_carea' id='block_1_100' title="bbox 472 5182 2066 5266">
    <p class='ocr_par' dir='ltr' id='par_1_100' title="bbox 472 5182 2066 5266">
     <span class='ocr_line' id='line_1_100' title="bbox 472 5182 2066 5266; baseline 0.009 -29"><span class='ocrx_word' id='word_1_672' title='bbox 472 5182 715 5250; x_wconf 77' lang='lat' dir='ltr'><strong>festinat,</strong></span> <span class='ocrx_word' id='word_1_673' title='bbox 751 5202 910 5256; x_wconf 84' lang='lat' dir='ltr'><strong>usque</strong></span> <span class='ocrx_word' id='word_1_674' title='bbox 936 5187 1119 5244; x_wconf 90' lang='lat' dir='ltr'><strong>ditiori</strong></span> <span class='ocrx_word' id='word_1_675' title='bbox 1151 5199 1201 5245; x_wconf 92' lang='lat' dir='ltr'><strong>te</strong></span> <span class='ocrx_word' id='word_1_676' title='bbox 1241 5194 1423 5247; x_wconf 89' lang='lat' dir='ltr'><strong>socius</strong></span> <span class='ocrx_word' id='word_1_677' title='bbox 1471 5192 1658 5248; x_wconf 81' lang='lat' dir='ltr'><strong>fueris.</strong></span> <span class='ocrx_word' id='word_1_678' title='bbox 1713 5194 2066 5266; x_wconf 78' lang='lat' dir='ltr'><strong>Evangellnm</strong></span> 
     </span>
    </p>
   </div>
   <div class='ocr_carea' id='block_1_101' title="bbox 469 5276 2067 5355">
    <p class='ocr_par' dir='ltr' id='par_1_101' title="bbox 469 5276 2067 5355">
     <span class='ocr_line' id='line_1_101' title="bbox 469 5276 2067 5355; baseline 0.01 -25"><span class='ocrx_word' id='word_1_679' title='bbox 469 5276 772 5332; x_wconf 85' lang='lat' dir='ltr'><strong>secundum</strong></span> <span class='ocrx_word' id='word_1_680' title='bbox 805 5278 1068 5336; x_wconf 89' lang='lat' dir='ltr'><strong>Joannem</strong></span> <span class='ocrx_word' id='word_1_681' title='bbox 1102 5298 1221 5355; x_wconf 88' lang='lat' dir='ltr'><strong>cap.</strong></span> <span class='ocrx_word' id='word_1_682' title='bbox 1256 5300 1455 5352; x_wconf 74' lang='lat' dir='ltr'><strong>cvxxv,</strong></span> <span class='ocrx_word' id='word_1_683' title='bbox 1508 5287 1652 5341; x_wconf 73' lang='lat' dir='ltr'><strong>Dixit</strong></span> <span class='ocrx_word' id='word_1_684' title='bbox 1698 5286 1858 5344; x_wconf 83' lang='lat' dir='ltr'><strong>Jesus</strong></span> <span class='ocrx_word' id='word_1_685' title='bbox 1900 5288 2067 5345; x_wconf 89' lang='lat' dir='ltr'><strong>disci-</strong></span> 
     </span>
    </p>
   </div>
   <div class='ocr_carea' id='block_1_102' title="bbox 468 5370 2069 5451">
    <p class='ocr_par' dir='ltr' id='par_1_102' title="bbox 468 5370 2069 5451">
     <span class='ocr_line' id='line_1_102' title="bbox 468 5370 2069 5451; baseline 0.009 -28"><span class='ocrx_word' id='word_1_686' title='bbox 468 5370 613 5440; x_wconf 89' lang='lat' dir='ltr'><strong>pulis</strong></span> <span class='ocrx_word' id='word_1_687' title='bbox 638 5372 771 5439; x_wconf 88' lang='lat' dir='ltr'><strong>suis,</strong></span> <span class='ocrx_word' id='word_1_688' title='bbox 810 5372 919 5427; x_wconf 83' lang='lat' dir='ltr'><strong>Hoc</strong></span> <span class='ocrx_word' id='word_1_689' title='bbox 950 5384 1031 5428; x_wconf 91' lang='lat' dir='ltr'><strong>est</strong></span> <span class='ocrx_word' id='word_1_690' title='bbox 1063 5387 1393 5447; x_wconf 79' lang='lat' dir='ltr'><strong>praeceptum</strong></span> <span class='ocrx_word' id='word_1_691' title='bbox 1424 5394 1603 5433; x_wconf 89' lang='lat' dir='ltr'><strong>meum</strong></span> <span class='ocrx_word' id='word_1_692' title='bbox 1637 5390 1691 5433; x_wconf 93' lang='lat' dir='ltr'><strong>ut</strong></span> <span class='ocrx_word' id='word_1_693' title='bbox 1719 5380 1953 5451; x_wconf 84' lang='lat' dir='ltr'><strong>diligatis</strong></span> <span class='ocrx_word' id='word_1_694' title='bbox 1989 5382 2069 5437; x_wconf 70' lang='lat' dir='ltr'><strong>in~</strong></span> 
     </span>
    </p>
   </div>
   <div class='ocr_carea' id='block_1_103' title="bbox 468 5465 1655 5536">
    <p class='ocr_par' dir='ltr' id='par_1_103' title="bbox 468 5465 1655 5536">
     <span class='ocr_line' id='line_1_103' title="bbox 468 5465 1655 5536; baseline 0.008 -18"><span class='ocrx_word' id='word_1_695' title='bbox 468 5465 669 5530; x_wconf 85' lang='lat' dir='ltr'><strong>vicem,</strong></span> <span class='ocrx_word' id='word_1_696' title='bbox 703 5482 859 5536; x_wconf 77' lang='lat' dir='ltr'><strong>usque</strong></span> <span class='ocrx_word' id='word_1_697' title='bbox 888 5467 940 5521; x_wconf 92' lang='lat' dir='ltr'><strong>in</strong></span> <span class='ocrx_word' id='word_1_698' title='bbox 969 5470 1187 5525; x_wconf 91' lang='lat' dir='ltr'><strong>nomine</strong></span> <span class='ocrx_word' id='word_1_699' title='bbox 1210 5486 1331 5526; x_wconf 88' lang='lat' dir='ltr'><strong>meo</strong></span> <span class='ocrx_word' id='word_1_700' title='bbox 1359 5472 1450 5526; x_wconf 90' lang='lat' dir='ltr'><strong>det</strong></span> <span class='ocrx_word' id='word_1_701' title='bbox 1482 5471 1655 5527; x_wconf 86' lang='lat' dir='ltr'><strong>vobis.</strong></span> 
     </span>
    </p>
   </div>
   <div class='ocr_carea' id='block_1_104' title="bbox 546 5557 2069 5635">
    <p class='ocr_par' dir='ltr' id='par_1_104' title="bbox 546 5557 2069 5635">
     <span class='ocr_line' id='line_1_104' title="bbox 546 5557 2069 5635; baseline 0.006 -23"><span class='ocrx_word' id='word_1_702' title='bbox 546 5558 685 5613; x_wconf 84' lang='lat' dir='ltr'><strong>NOII.</strong></span> <span class='ocrx_word' id='word_1_703' title='bbox 720 5559 869 5616; x_wconf 84' lang='lat' dir='ltr'><strong>Maii.</strong></span> <span class='ocrx_word' id='word_1_704' title='bbox 900 5557 1090 5617; x_wconf 86' lang='lat' dir='ltr'><strong>Natale</strong></span> <span class='ocrx_word' id='word_1_705' title='bbox 1137 5575 1450 5619; x_wconf 86' lang='lat' dir='ltr'><strong>sanctorum</strong></span> <span class='ocrx_word' id='word_1_706' title='bbox 1499 5566 1817 5634; x_wconf 73' lang='lat' dir='ltr'><strong>Alexandri,</strong></span> <span class='ocrx_word' id='word_1_707' title='bbox 1856 5567 2069 5635; x_wconf 84' lang='lat' dir='ltr'><strong>Eventi,</strong></span> 
     </span>
    </p>
   </div>
   <div class='ocr_carea' id='block_1_105' title="bbox 469 5649 2073 5731">
    <p class='ocr_par' dir='ltr' id='par_1_105' title="bbox 469 5649 2073 5731">
     <span class='ocr_line' id='line_1_105' title="bbox 469 5649 2073 5731; baseline 0.009 -29"><span class='ocrx_word' id='word_1_708' title='bbox 469 5657 525 5703; x_wconf 88' lang='lat' dir='ltr'><strong>et</strong></span> <span class='ocrx_word' id='word_1_709' title='bbox 554 5649 838 5707; x_wconf 86' lang='lat' dir='ltr'><strong>Theodoli.</strong></span> <span class='ocrx_word' id='word_1_710' title='bbox 886 5652 1075 5709; x_wconf 86' lang='lat' dir='ltr'><strong>Lectio</strong></span> <span class='ocrx_word' id='word_1_711' title='bbox 1105 5654 1227 5710; x_wconf 91' lang='lat' dir='ltr'><strong>libri</strong></span> <span class='ocrx_word' id='word_1_712' title='bbox 1266 5656 1579 5725; x_wconf 69' lang='lat' dir='ltr'><strong>Sapientia).</strong></span> <span class='ocrx_word' id='word_1_713' title='bbox 1640 5657 1835 5713; x_wconf 86' lang='lat' dir='ltr'><strong>Beatus</strong></span> <span class='ocrx_word' id='word_1_714' title='bbox 1863 5660 1950 5715; x_wconf 89' lang='lat' dir='ltr'><strong>vir</strong></span> <span class='ocrx_word' id='word_1_715' title='bbox 1983 5662 2073 5731; x_wconf 91' lang='lat' dir='ltr'><strong>qui</strong></span> 
     </span>
    </p>
   </div>
   <div class='ocr_carea' id='block_1_106' title="bbox 470 5742 2072 5823">
    <p class='ocr_par' dir='ltr' id='par_1_106' title="bbox 470 5742 2072 5823">
     <span class='ocr_line' id='line_1_106' title="bbox 470 5742 2072 5823; baseline 0.011 -31"><span class='ocrx_word' id='word_1_716' title='bbox 470 5752 581 5793; x_wconf 86' lang='lat' dir='ltr'><strong>non</strong></span> <span class='ocrx_word' id='word_1_717' title='bbox 626 5750 708 5794; x_wconf 89' lang='lat' dir='ltr'><strong>est</strong></span> <span class='ocrx_word' id='word_1_718' title='bbox 743 5742 929 5811; x_wconf 87' lang='lat' dir='ltr'><strong>lapsus</strong></span> <span class='ocrx_word' id='word_1_719' title='bbox 975 5745 1167 5815; x_wconf 89' lang='lat' dir='ltr'><strong>verbo,</strong></span> <span class='ocrx_word' id='word_1_720' title='bbox 1215 5762 1375 5819; x_wconf 80' lang='lat' dir='ltr'><strong>usque</strong></span> <span class='ocrx_word' id='word_1_721' title='bbox 1426 5749 1779 5806; x_wconf 86' lang='lat' dir='ltr'><strong>honorabitur</strong></span> <span class='ocrx_word' id='word_1_722' title='bbox 1826 5754 1880 5808; x_wconf 91' lang='lat' dir='ltr'><strong>in</strong></span> <span class='ocrx_word' id='word_1_723' title='bbox 1933 5754 2072 5823; x_wconf 89' lang='lat' dir='ltr'><strong>ipso.</strong></span> 
     </span>
    </p>
   </div>
   <div class='ocr_carea' id='block_1_107' title="bbox 2180 4635 3781 4708">
    <p class='ocr_par' dir='ltr' id='par_1_107' title="bbox 2180 4635 3781 4708">
     <span class='ocr_line' id='line_1_107' title="bbox 2180 4635 3781 4708; baseline 0.001 -18"><span class='ocrx_word' id='word_1_724' title='bbox 2180 4649 2437 4699; x_wconf 78' lang='lat' dir='ltr'><strong>ccxxxIII,</strong></span> <span class='ocrx_word' id='word_1_725' title='bbox 2491 4635 2955 4691; x_wconf 78' lang='lat' dir='ltr'><strong>Recumbentibus</strong></span> <span class='ocrx_word' id='word_1_726' title='bbox 3007 4637 3257 4693; x_wconf 89' lang='lat' dir='ltr'><strong>undecim</strong></span> <span class='ocrx_word' id='word_1_727' title='bbox 3310 4635 3596 4708; x_wconf 87' lang='lat' dir='ltr'><strong>discipulis</strong></span> <span class='ocrx_word' id='word_1_728' title='bbox 3644 4635 3781 4703; x_wconf 86' lang='lat' dir='ltr'><strong>suis,</strong></span> 
     </span>
    </p>
   </div>
   <div class='ocr_carea' id='block_1_108' title="bbox 2180 4729 2952 4801">
    <p class='ocr_par' dir='ltr' id='par_1_108' title="bbox 2180 4729 2952 4801">
     <span class='ocr_line' id='line_1_108' title="bbox 2180 4729 2952 4801; baseline 0 -18"><span class='ocrx_word' id='word_1_729' title='bbox 2180 4746 2343 4800; x_wconf 79' lang='lat' dir='ltr'><strong>usque</strong></span> <span class='ocrx_word' id='word_1_730' title='bbox 2372 4729 2732 4801; x_wconf 85' lang='lat' dir='ltr'><strong>sequentibus</strong></span> <span class='ocrx_word' id='word_1_731' title='bbox 2763 4730 2952 4800; x_wconf 82' lang='lat' dir='ltr'><strong>signis.</strong></span> 
     </span>
    </p>
   </div>
   <div class='ocr_carea' id='block_1_109' title="bbox 2254 4822 3783 4892">
    <p class='ocr_par' dir='ltr' id='par_1_109' title="bbox 2254 4822 3783 4892">
     <span class='ocr_line' id='line_1_109' title="bbox 2254 4822 3783 4892; baseline 0.001 -17"><span class='ocrx_word' id='word_1_732' title='bbox 2254 4822 2531 4876; x_wconf 80' lang='lat' dir='ltr'><strong>Dominica</strong></span> <span class='ocrx_word' id='word_1_733' title='bbox 2574 4834 2694 4890; x_wconf 90' lang='lat' dir='ltr'><strong>post</strong></span> <span class='ocrx_word' id='word_1_734' title='bbox 2734 4822 2973 4878; x_wconf 81' lang='lat' dir='ltr'><strong>Aseensa</strong></span> <span class='ocrx_word' id='word_1_735' title='bbox 3020 4822 3257 4878; x_wconf 91' lang='lat' dir='ltr'><strong>Domini.</strong></span> <span class='ocrx_word' id='word_1_736' title='bbox 3309 4824 3496 4879; x_wconf 81' lang='lat' dir='ltr'><strong>Leotio</strong></span> <span class='ocrx_word' id='word_1_737' title='bbox 3528 4822 3783 4892; x_wconf 71' lang='lat' dir='ltr'><strong>epistola:</strong></span> 
     </span>
    </p>
   </div>
   <div class='ocr_carea' id='block_1_110' title="bbox 2183 4915 3782 4986">
    <p class='ocr_par' dir='ltr' id='par_1_110' title="bbox 2183 4915 3782 4986">
     <span class='ocr_line' id='line_1_110' title="bbox 2183 4915 3782 4986; baseline 0 -17"><span class='ocrx_word' id='word_1_738' title='bbox 2183 4915 2324 4970; x_wconf 88' lang='lat' dir='ltr'><strong>beati</strong></span> <span class='ocrx_word' id='word_1_739' title='bbox 2356 4915 2506 4969; x_wconf 86' lang='lat' dir='ltr'><strong>Petri</strong></span> <span class='ocrx_word' id='word_1_740' title='bbox 2548 4915 2802 4983; x_wconf 85' lang='lat' dir='ltr'><strong>apostoli.</strong></span> <span class='ocrx_word' id='word_1_741' title='bbox 2857 4915 3204 4980; x_wconf 85' lang='lat' dir='ltr'><strong>Charissimi,</strong></span> <span class='ocrx_word' id='word_1_742' title='bbox 3251 4924 3428 4972; x_wconf 88' lang='lat' dir='ltr'><strong>estote</strong></span> <span class='ocrx_word' id='word_1_743' title='bbox 3457 4916 3782 4986; x_wconf 86' lang='lat' dir='ltr'><strong>prudentes,</strong></span> 
     </span>
    </p>
   </div>
   <div class='ocr_carea' id='block_1_111' title="bbox 2179 5008 3790 5080">
    <p class='ocr_par' dir='ltr' id='par_1_111' title="bbox 2179 5008 3790 5080">
     <span class='ocr_line' id='line_1_111' title="bbox 2179 5008 3790 5080; baseline -0.001 -17"><span class='ocrx_word' id='word_1_744' title='bbox 2179 5026 2343 5080; x_wconf 82' lang='lat' dir='ltr'><strong>usque</strong></span> <span class='ocrx_word' id='word_1_745' title='bbox 2373 5008 2764 5064; x_wconf 82' lang='lat' dir='ltr'><strong>honoriﬁcetur</strong></span> <span class='ocrx_word' id='word_1_746' title='bbox 2788 5010 2930 5065; x_wconf 84' lang='lat' dir='ltr'><strong>Deus</strong></span> <span class='ocrx_word' id='word_1_747' title='bbox 2964 5026 3061 5078; x_wconf 86' lang='lat' dir='ltr'><strong>per</strong></span> <span class='ocrx_word' id='word_1_748' title='bbox 3084 5008 3270 5066; x_wconf 91' lang='lat' dir='ltr'><strong>Jesum</strong></span> <span class='ocrx_word' id='word_1_749' title='bbox 3299 5010 3580 5065; x_wconf 78' lang='lat' dir='ltr'><strong>Christum</strong></span> <span class='ocrx_word' id='word_1_750' title='bbox 3604 5008 3790 5064; x_wconf 85' lang='lat' dir='ltr'><strong>Domi-</strong></span> 
     </span>
    </p>
   </div>
   <div class='ocr_carea' id='block_1_112' title="bbox 2185 5102 3786 5172">
    <p class='ocr_par' dir='ltr' id='par_1_112' title="bbox 2185 5102 3786 5172">
     <span class='ocr_line' id='line_1_112' title="bbox 2185 5102 3786 5172; baseline -0.002 -16"><span class='ocrx_word' id='word_1_751' title='bbox 2185 5117 2338 5157; x_wconf 91' lang='lat' dir='ltr'><strong>num.</strong></span> <span class='ocrx_word' id='word_1_752' title='bbox 2394 5102 2745 5172; x_wconf 83' lang='lat' dir='ltr'><strong>Evangelium</strong></span> <span class='ocrx_word' id='word_1_753' title='bbox 2800 5102 3095 5157; x_wconf 89' lang='lat' dir='ltr'><strong>secundum</strong></span> <span class='ocrx_word' id='word_1_754' title='bbox 3145 5102 3411 5158; x_wconf 87' lang='lat' dir='ltr'><strong>Joannem</strong></span> <span class='ocrx_word' id='word_1_755' title='bbox 3460 5116 3582 5169; x_wconf 86' lang='lat' dir='ltr'><strong>cap.</strong></span> <span class='ocrx_word' id='word_1_756' title='bbox 3623 5115 3786 5165; x_wconf 69' lang='grc' dir='ltr'><strong>θην,</strong></span> 
     </span>
    </p>
   </div>
   <div class='ocr_carea' id='block_1_113' title="bbox 2180 5192 3781 5267">
    <p class='ocr_par' dir='ltr' id='par_1_113' title="bbox 2180 5192 3781 5267">
     <span class='ocr_line' id='line_1_113' title="bbox 2180 5192 3781 5267; baseline -0.003 -15"><span class='ocrx_word' id='word_1_757' title='bbox 2180 5197 2335 5253; x_wconf 86' lang='lat' dir='ltr'><strong>Dixit</strong></span> <span class='ocrx_word' id='word_1_758' title='bbox 2360 5197 2523 5253; x_wconf 90' lang='lat' dir='ltr'><strong>Jesus</strong></span> <span class='ocrx_word' id='word_1_759' title='bbox 2551 5196 2831 5267; x_wconf 82' lang='lat' dir='ltr'><strong>discipulis</strong></span> <span class='ocrx_word' id='word_1_760' title='bbox 2853 5197 2987 5264; x_wconf 82' lang='lat' dir='ltr'><strong>suis,</strong></span> <span class='ocrx_word' id='word_1_761' title='bbox 3014 5194 3150 5251; x_wconf 85' lang='lat' dir='ltr'><strong>Cum</strong></span> <span class='ocrx_word' id='word_1_762' title='bbox 3174 5208 3357 5251; x_wconf 89' lang='lat' dir='ltr'><strong>autem</strong></span> <span class='ocrx_word' id='word_1_763' title='bbox 3384 5194 3595 5249; x_wconf 88' lang='lat' dir='ltr'><strong>venerit</strong></span> <span class='ocrx_word' id='word_1_764' title='bbox 3616 5192 3781 5247; x_wconf 81' lang='lat' dir='ltr'><strong>Para-</strong></span> 
     </span>
    </p>
   </div>
   <div class='ocr_carea' id='block_1_114' title="bbox 2179 5280 3672 5361">
    <p class='ocr_par' dir='ltr' id='par_1_114' title="bbox 2179 5280 3672 5361">
     <span class='ocr_line' id='line_1_114' title="bbox 2179 5280 3672 5361; baseline -0.005 -17"><span class='ocrx_word' id='word_1_765' title='bbox 2179 5292 2379 5361; x_wconf 79' lang='lat' dir='ltr'><strong>Clytus,</strong></span> <span class='ocrx_word' id='word_1_766' title='bbox 2415 5306 2575 5360; x_wconf 82' lang='lat' dir='ltr'><strong>usque</strong></span> <span class='ocrx_word' id='word_1_767' title='bbox 2607 5288 3039 5344; x_wconf 85' lang='lat' dir='ltr'><strong>reminiscaminl</strong></span> <span class='ocrx_word' id='word_1_768' title='bbox 3065 5280 3190 5357; x_wconf 87' lang='lat' dir='ltr'><strong>quia</strong></span> <span class='ocrx_word' id='word_1_769' title='bbox 3221 5301 3321 5356; x_wconf 85' lang='lat' dir='ltr'><strong>ego</strong></span> <span class='ocrx_word' id='word_1_770' title='bbox 3348 5285 3458 5341; x_wconf 82' lang='lat' dir='ltr'><strong>disi</strong></span> <span class='ocrx_word' id='word_1_771' title='bbox 3488 5284 3672 5340; x_wconf 80' lang='lat' dir='ltr'><strong>vobis.</strong></span> 
     </span>
    </p>
   </div>
   <div class='ocr_carea' id='block_1_115' title="bbox 2256 5376 3791 5436">
    <p class='ocr_par' dir='ltr' id='par_1_115' title="bbox 2256 5376 3791 5436">
     <span class='ocr_line' id='line_1_115' title="bbox 2256 5376 3791 5436; baseline -0.003 0"><span class='ocrx_word' id='word_1_772' title='bbox 2256 5397 2309 5436; x_wconf 90' lang='lat' dir='ltr'><strong>Iv</strong></span> <span class='ocrx_word' id='word_1_773' title='bbox 2338 5380 2455 5436; x_wconf 90' lang='lat' dir='ltr'><strong>idus</strong></span> <span class='ocrx_word' id='word_1_774' title='bbox 2505 5380 2650 5435; x_wconf 84' lang='lat' dir='ltr'><strong>Maii.</strong></span> <span class='ocrx_word' id='word_1_775' title='bbox 2698 5379 2888 5435; x_wconf 72' lang='lat' dir='ltr'><strong>Romae</strong></span> <span class='ocrx_word' id='word_1_776' title='bbox 2922 5380 3121 5435; x_wconf 69' lang='lat' dir='ltr'><strong>natale:</strong></span> <span class='ocrx_word' id='word_1_777' title='bbox 3161 5388 3479 5436; x_wconf 89' lang='lat' dir='ltr'><strong>sanctorum</strong></span> <span class='ocrx_word' id='word_1_778' title='bbox 3520 5376 3686 5432; x_wconf 80' lang='lat' dir='ltr'><strong>Nerei</strong></span> <span class='ocrx_word' id='word_1_779' title='bbox 3736 5385 3791 5433; x_wconf 91' lang='lat' dir='ltr'><strong>et</strong></span> 
     </span>
    </p>
   </div>
   <div class='ocr_carea' id='block_1_116' title="bbox 2183 5472 3789 5546">
    <p class='ocr_par' dir='ltr' id='par_1_116' title="bbox 2183 5472 3789 5546">
     <span class='ocr_line' id='line_1_116' title="bbox 2183 5472 3789 5546; baseline -0.002 -15"><span class='ocrx_word' id='word_1_780' title='bbox 2183 5474 2420 5540; x_wconf 89' lang='lat' dir='ltr'><strong>Achilei,</strong></span> <span class='ocrx_word' id='word_1_781' title='bbox 2446 5474 2718 5529; x_wconf 88' lang='lat' dir='ltr'><strong>Pancratii</strong></span> <span class='ocrx_word' id='word_1_782' title='bbox 2749 5474 3028 5546; x_wconf 88' lang='lat' dir='ltr'><strong>martyris,</strong></span> <span class='ocrx_word' id='word_1_783' title='bbox 3054 5482 3111 5529; x_wconf 89' lang='lat' dir='ltr'><strong>et</strong></span> <span class='ocrx_word' id='word_1_784' title='bbox 3137 5473 3347 5529; x_wconf 88' lang='lat' dir='ltr'><strong>Soteris</strong></span> <span class='ocrx_word' id='word_1_785' title='bbox 3374 5472 3630 5543; x_wconf 82' lang='lat' dir='ltr'><strong>virginis,</strong></span> <span class='ocrx_word' id='word_1_786' title='bbox 3665 5487 3789 5527; x_wconf 87' lang='lat' dir='ltr'><strong>cum</strong></span> 
     </span>
    </p>
   </div>
   <div class='ocr_carea' id='block_1_117' title="bbox 2181 5564 3791 5637">
    <p class='ocr_par' dir='ltr' id='par_1_117' title="bbox 2181 5564 3791 5637">
     <span class='ocr_line' id='line_1_117' title="bbox 2181 5564 3791 5637; baseline -0.002 -14"><span class='ocrx_word' id='word_1_787' title='bbox 2181 5569 2302 5624; x_wconf 86' lang='lat' dir='ltr'><strong>aliis</strong></span> <span class='ocrx_word' id='word_1_788' title='bbox 2331 5584 2478 5624; x_wconf 85' lang='lat' dir='ltr'><strong>DCIII.</strong></span> <span class='ocrx_word' id='word_1_789' title='bbox 2531 5568 2719 5623; x_wconf 90' lang='lat' dir='ltr'><strong>Lectio</strong></span> <span class='ocrx_word' id='word_1_790' title='bbox 2762 5567 2885 5625; x_wconf 89' lang='lat' dir='ltr'><strong>libri</strong></span> <span class='ocrx_word' id='word_1_791' title='bbox 2935 5567 3254 5637; x_wconf 70' lang='lat' dir='ltr'><strong>Sapientiae.</strong></span> <span class='ocrx_word' id='word_1_792' title='bbox 3305 5564 3502 5619; x_wconf 83' lang='lat' dir='ltr'><strong>Anima</strong></span> <span class='ocrx_word' id='word_1_793' title='bbox 3549 5564 3791 5620; x_wconf 86' lang='lat' dir='ltr'><strong>hominis</strong></span> 
     </span>
    </p>
   </div>
   <div class='ocr_carea' id='block_1_118' title="bbox 2186 5663 3789 5732">
    <p class='ocr_par' dir='ltr' id='par_1_118' title="bbox 2186 5663 3789 5732">
     <span class='ocr_line' id='line_1_118' title="bbox 2186 5663 3789 5732; baseline 0 -15"><span class='ocrx_word' id='word_1_794' title='bbox 2186 5663 2383 5730; x_wconf 88' lang='lat' dir='ltr'><strong>vitalis,</strong></span> <span class='ocrx_word' id='word_1_795' title='bbox 2415 5680 2576 5732; x_wconf 82' lang='lat' dir='ltr'><strong>usque</strong></span> <span class='ocrx_word' id='word_1_796' title='bbox 2617 5663 2991 5720; x_wconf 90' lang='lat' dir='ltr'><strong>misericordia</strong></span> <span class='ocrx_word' id='word_1_797' title='bbox 3024 5673 3203 5718; x_wconf 91' lang='lat' dir='ltr'><strong>autem</strong></span> <span class='ocrx_word' id='word_1_798' title='bbox 3247 5663 3341 5717; x_wconf 90' lang='lat' dir='ltr'><strong>Dei</strong></span> <span class='ocrx_word' id='word_1_799' title='bbox 3386 5663 3535 5716; x_wconf 86' lang='lat' dir='ltr'><strong>circa</strong></span> <span class='ocrx_word' id='word_1_800' title='bbox 3568 5678 3789 5717; x_wconf 88' lang='lat' dir='ltr'><strong>omnem</strong></span> 
     </span>
    </p>
   </div>
   <div class='ocr_carea' id='block_1_119' title="bbox 2181 5754 3793 5827">
    <p class='ocr_par' dir='ltr' id='par_1_119' title="bbox 2181 5754 3793 5827">
     <span class='ocr_line' id='line_1_119' title="bbox 2181 5754 3793 5827; baseline 0.001 -15"><span class='ocrx_word' id='word_1_801' title='bbox 2181 5769 2423 5812; x_wconf 85' lang='lat' dir='ltr'><strong>carnem.</strong></span> <span class='ocrx_word' id='word_1_802' title='bbox 2498 5754 2849 5827; x_wconf 84' lang='lat' dir='ltr'><strong>Evangelinm</strong></span> <span class='ocrx_word' id='word_1_803' title='bbox 2925 5754 3215 5811; x_wconf 86' lang='lat' dir='ltr'><strong>secundum</strong></span> <span class='ocrx_word' id='word_1_804' title='bbox 3282 5754 3598 5810; x_wconf 78' lang='lat' dir='ltr'><strong>Mattlueum</strong></span> <span class='ocrx_word' id='word_1_805' title='bbox 3672 5772 3793 5826; x_wconf 79' lang='lat' dir='ltr'><strong>cap.</strong></span> 
     </span>
    </p>
   </div>
  </div>
