4050 6198
278 202 352 259 509

1531 202 1733 260 LIBER
1772 203 2069 267 LOMlTlS.

3375 216 3480 277 5.0

272 333 459 388 cmxtx,
484 321 827 379 Accesserunt
857 321 923 378 ad
950 322 1133 379 Jesum
1166 320 1451 395 phariszci,
1495 336 1652 392 usque
1681 320 1775 376 sed
1808 325 1846 383 Α
1880 334 2109 387 uxxtx,
2132 320 2269 376 Dixit
2290 322 2451 380 Jesus
2481 325 2759 395 discipulis
2780 329 2915 394 suis,
2938 330 3137 397 Amen,
3168 346 3327 385 amen
3357 332 3479 387 dico

271 412 416 484 quibus
434 412 585 468 datum
612 423 718 470 est.

333 519 373 558 ιιι
396 504 484 559 idus
520 505 662 561 Maii.
720 505 959 576 'l‘rijccto
1006 505 1273 577 depositio
1322 504 1494 562 sancti
1545 504 1777 561 Servatii

266 595 445 664 episcopi
467 604 508 648 ct
529 596 884 651 confessoris.
937 596 1120 653 Lectio
1158 598 1278 654 libri
1312 599 1630 669 Sapientite.
1674 598 1776 665 Qui

264 684 610 742 misericordiam
656 686 845 755 habet,
887 690 1051 759 docet
1100 702 1154 747 et
1197 693 1399 761 erudit,
1451 709 1611 764 usque
1639 694 1775 749 etin

262 780 329 833 illa
357 780 503 835 timere
527 781 716 836 Deum.
754 782 1107 854 Evangelium
1157 785 1455 841 secundum
1507 786 1773 842 Joannem

258 889 348 942 cap.
371 888 580 939 cxxxvut,
610 873 753 930 Dixit
774 874 936 932 Jesus
954 877 1236 948 discipulis
1259 881 1394 945 suis,
1424 878 1550 934 Haec
1574 881 1774 935 mando

258 967 394 1033 vobis,
420 985 550 1040 usque
581 970 670 1040 qui
702 969 935 1026 oderunt
969 987 1055 1027 tne
1082 972 1270 1044 gratis.

307 1075 338 1115 ιι
370 1061 462 1117 idus
502 1061 642 1117 Maii.
695 1063 884 1119 Natale
930 1064 1102 1119 sancti
1152 1063 1365 1134 Cyriaci
1418 1064 1671 1134 martyris
1717 1071 1771 1119 et

250 1168 387 1225 cccrv,
413 1157 623 1224 quicum
656 1171 724 1211 eo
752 1161 895 1228 passi
924 1166 1047 1211 sunt
1088 1156 1394 1212 Mediolani.
1423 1157 1611 1211 Lectio
1647 1157 1767 1212 libri

246 1246 501 1318 Sapienlite.
529 1249 581 1302 In
616 1248 760 1302 omni
804 1247 1070 1316 sapientia
1102 1248 1390 1318 diSpositio
1420 1247 1577 1317 legis,
1612 1265 1769 1315 usque

242 1341 436 1410 prudens
456 1341 743 1412 placabitnr
767 1341 1053 1410 magnatis.
1081 1341 1433 1413 Evangelium
1462 1342 1763 1397 secundum

239 1436 451 1490 Joannem
477 1450 584 1507 cap.
615 1450 889 1499 cxxxvtu,
941 1435 1086 1488 Dixit
1118 1433 1276 1489 Jesus
1318 1435 1595 1505 discipulis
1624 1436 1762 1503 suis,

238 1525 340 1580 lbec
365 1526 525 1579 mando
554 1525 730 1593 vobis,
769 1543 928 1595 usque
951 1524 1184 1581 oderunt
1210 1541 1296 1582 me
1322 1528 1509 1596 gratis.

293 1617 421 1673 Feria
458 1635 481 1671 ν
520 1617 873 1673 bebdomada:
922 1634 1040 1689 qua:
1083 1634 1267 1688 supra.
1310 1619 1495 1673 Leetio
1525 1616 1760 1675 Actuum

1881 418 2057 483 vobis,
2080 417 2182 486 Qui
2212 435 2322 474 non
2346 420 2509 476 intrat
2538 436 2633 491 per
2661 421 2883 491 OStium,
2910 440 3067 496 usque
3108 424 3475 481 abundantius

1882 508 2135 564 habeant.

1952 601 2107 657 Fcria
2160 618 2229 657 tv.
2275 602 2358 659 Ad
2408 613 2652 661 sanctam
2706 604 2953 662 Mariam.
3001 605 3191 663 Lectio
3242 610 3469 665 Actuum

1880 694 2270 765 apostolorum.
2304 696 2362 751 1n
2391 695 2582 753 diebus
2610 696 2717 752 illis
2751 710 2900 753 Stans
2928 697 3126 754 Petrus
3152 714 3272 755 cum
3306 700 3477 755 unde-

1879 787 2007 854 cim,
2050 804 2210 858 usque
2250 790 2579 863 quicumque
2629 792 2965 847 invocaverit
3011 808 3211 849 nomen
3263 792 3472 850 Domini

1878 881 2060 934 salvus
2087 883 2212 936 erit.
2234 881 2588 953 Evangelium
2614 884 2908 939 secundum
2937 883 3203 941 Joannem
3234 901 3353 956 cap.
3385 902 3471 941 ιιι.

1878 970 2021 1027 Dixit
2048 975 2208 1030 Jesus
2255 974 2534 1044 discipulis
2573 976 2706 1044 suis,
2756 976 2926 1033 Nemo
2977 986 3160 1049 potest
3190 978 3378 1034 venire
3408 976 3474 1034 ad

1874 1083 1982 1129 me,
2014 1084 2172 1135 usque
2198 1084 2295 1137 pro
2319 1068 2503 1124 mundi
2531 1070 2661 1124 vita.

1947 1159 2097 1212 Furia
2120 1174 2169 1211 ν.
2195 1159 2275 1213 Ad
2295 1162 2593 1228 apostolos.
2612 1161 2802 1218 Leotio
2821 1165 3053 1222 Actuum
3074 1165 3471 1237 apostolorum.

1870 1248 1924 1303 lu
1958 1249 2151 1304 diebus
2181 1250 2287 1305 illis
2314 1250 2601 1323 Philippus
2626 1254 2968 1311 descendens
2996 1257 3047 1311 in
3082 1257 3354 1313 civitatem
3378 1257 3476 1312 Sa.

1872 1340 2077 1408 nimim,
2110 1358 2269 1414 usque
2296 1342 2553 1411 gaudium
2602 1344 2653 1399 iu
2686 1346 2775 1400 illa
2825 1349 3067 1403 civitate.
3117 1349 3472 1420 Evangeliunt

1868 1434 2165 1487 secundum
2222 1432 2417 1489 Lucam
2449 1449 2570 1505 eap.
2621 1452 2825 1492 LxxxVI
2856 1482 2869 1506 ,
2924 1436 3252 1493 Convocatis
3316 1439 3474 1496 Jesus

1867 1524 2158 1579 duodecim
2187 1525 2471 1597 discipulis
2507 1528 2646 1595 suis,
2677 1544 2835 1601 usque
2859 1540 3117 1585 curantes
3149 1532 3369 1602 ubique.

1942 1616 2097 1672 Feria
2130 1634 2202 1672 vt.
2238 1618 2425 1675 Leotio
2463 1625 2692 1675 Actuum
2740 1622 3138 1691 apostolorum.
3188 1622 3245 1677 ln
3277 1623 3469 1679 diebus

232 1710 564 1779 apostolorum.
585 1709 641 1763 ln
657 1709 851 1765 diebus
872 1708 981 1764 illis
1004 1724 1127 1764 cum
1152 1712 1553 1765 moraremur-in
1572 1710 1765 1765 diebus
1797 1705 1841 1765 B
1873 1708 1979 1763 illis
2023 1710 2273 1779 aperiens
2302 1698 2497 1766 Petrus
2526 1726 2587 1765 os
2619 1726 2775 1766 suum
2806 1713 2964 1780 dixit,
3001 1713 3113 1769 Viri
3144 1713 3465 1782 lsrahelitae,

231 1801 422 1871 aliquot,
452 1817 593 1873 usque
613 1801 882 1855 allocutus
909 1810 993 1857 est
1023 1799 1251 1857 Hebrma
1283 1801 1477 1869 lingua.
1518 1802 1767 1873 Evange-

224 1892 336 1946 lium
365 1894 631 1948 secundum
660 1892 925 1949 Joannem
958 1908 1078 1963 cap.
1112 1908 1239 1959 xxv,
1270 1893 1413 1948 Abiit
1443 1892 1601 1949 Jesus
1640 1910 1763 1949 cum

216 1986 459 2056 discipulis
484 1986 614 2053 suis,
648 2003 809 2059 usque
833 1986 1086 2058 gaudium
1119 2001 1299 2042 meum
1339 1986 1617 2057 impletum
1657 1994 1761 2042 est.

278 2077 414 2133 Feria
442 2094 487 2132 vr
516 2079 870 2135 hebdomadse
910 2095 1030 2148 quite
1076 2094 1262 2150 supra.
1312 2078 1499 2136 Lectio
1530 2080 1761 2134 Actuum

214 2171 556 2241 apostolorum.
597 2171 654 2225 In
686 2170 877 2227 diebus
907 2172 1012 2225 illis
1045 2171 1260 2226 locutus
1290 2180 1375 2227 est
1399 2171 1600 2226 Paulus
1627 2187 1760 2242 apo-

205 2263 358 2316 stolus
384 2261 575 2325 dicens,
622 2261 731 2317 Viri
783 2263 977 2318 fratres
1022 2270 1077 2318 et
1114 2273 1320 2332 patres,
1370 2262 1573 2330 audite,
1604 2279 1762 2333 usque

204 2355 401 2411 Paulum
444 2355 625 2411 statuit
669 2357 814 2412 inter
858 2357 1001 2410 illos.
1055 2357 1406 2428 Evangelium
1459 2358 1757 2413 secundum

197 2446 433 2502 Joannem
479 2462 593 2517 cap.
646 2462 868 2513 cxxxtv,
902 2447 1049 2502 Dixit
1086 2447 1245 2503 Jesus
1278 2449 1572 2520 discipulis
1622 2450 1754 2518 suis,

195 2537 244 2592 Si
273 2540 556 2595 manseritis
593 2539 645 2594 in
678 2555 786 2607 me,
817 2555 976 2610 usque
998 2540 1252 2611 gaudium
1286 2552 1525 2597 vestrum
1560 2541 1755 2611 impleo

192 2642 289 2687 turn
310 2643 405 2688 est.

251 2724 468 2779 Sabbato
518 2725 868 2781 ltedemadm
910 2741 1032 2795 qua:
1075 2740 1261 2797 supra.
1306 2726 1492 2782 Lectio
1523 2726 1754 2783 Actuum

178 2818 546 2882 apostolorum.
576 2817 630 2872 ln
661 2818 850 2873 diebus
879 2818 1012 2882 illis,
1038 2816 1331 2874 lntendens
1360 2830 1540 2875 autem
1572 2819 1752 2875 conci-

173 2909 295 2962 lium
327 2906 536 2973 Paulus,
570 2927 731 2981 usque
772 2919 831 2964 ut
861 2911 1042 2965 dicant
1085 2911 1226 2980 apud
1276 2922 1349 2966 te.
1401 2909 1750 2983 Evangelinm

164 2999 454 3054 secundum
478 3000 736 3055 Joannem
764 3017 883 3073 cap.
914 3018 1056 3067 vat,
1082 3002 1230 3056 Abiit
1254 3000 1413 3057 Jesus
1431 3014 1578 3058 trans
1602 3018 1751 3058 mare

1867 1802 2053 1855 audite
2099 1804 2268 1857 verba
2316 1804 2454 1870 hsce,
2502 1820 2660 1875 usque
2704 1806 2945 1876 replebis
2994 1822 3082 1863 nte
3124 1807 3469 1876 iucunditate

1868 1908 1989 1946 cum
2025 1892 2160 1947 faeie
2204 1903 2314 1947 tua.
2346 1893 2702 1965 Evangelium
2747 1898 3044 1953 secundum
3094 1899 3292 1955 Lucam
3338 1916 3460 1969 cap.

1866 2002 2051 2052 xxxvi,
2086 1985 2307 2041 Factum
2337 1995 2420 2041 est
2448 1988 2501 2042 in
2545 2005 2648 2043 una
2677 1988 2915 2054 dictum,
2960 2009 3122 2063 usque
3161 1995 3289 2063 quia
3320 1995 3460 2051 vidi-

1866 2098 1986 2135 tnus
2018 2082 2281 2137 mirabilia
2312 2081 2497 2138 hodie.

1935 2176 2190 2232 Sabhato.
2223 2177 2304 2233 Ad
2332 2187 2577 2233 sanctum
2609 2178 2967 2250 Stephanum.
3010 2178 3198 2235 Lectio
3229 2179 3460 2238 Actuum

1862 2269 2251 2340 apostolorum.
2303 2268 2361 2323 In
2402 2269 2593 2325 diebus
2639 2271 2741 2325 illis
2769 2272 3019 2326 convenit
3051 2272 3301 2326 universa
3329 2273 3464 2327 civi-

1863 2367 1973 2415 tate
2000 2403 2014 2427 ,
2071 2376 2233 2429 usque
2279 2361 2629 2430 replebantnr
2674 2363 2872 2434 gaudio
2914 2373 2971 2419 et
3012 2363 3216 2433 Spiritu
3246 2373 3453 2419 sancto.

1863 2452 2215 2524 Evangelium
2262 2456 2555 2508 secundum
2607 2455 2810 2511 Lucam
2860 2472 2979 2527 cap.
3031 2468 3189 2523 xxvt,
3219 2458 3457 2528 Surgcns

1857 2545 2017 2600 Jesus
2059 2545 2127 2599 de
2175 2562 2451 2619 synagoga
2477 2589 2491 2613 ,
2534 2564 2693 2619 usque
2717 2557 2933 2620 oportet
2963 2565 3050 2605 me
3076 2550 3457 2620 evangelizare

1860 2655 2081 2709 regnum
2109 2639 2223 2694 Dei.

1931 2731 2211 2787 [)ominica
2239 2730 2417 2786 octab.
2452 2731 2831 2791 Pentecosten.
2878 2734 3061 2791 Lectio
3092 2734 3215 2791 libri
3246 2735 3455 2806 Apoca-

1859 2820 2027 2893 lypsis
2070 2821 2298 2877 Joannis
2340 2824 2593 2893 apostoli.
2654 2826 2708 2878 ln
2742 2825 2934 2881 diebus
2978 2825 3088 2881 illis
3117 2824 3227 2880 vidi
3254 2826 3451 2881 ostium

1856 2922 2101 2984 apertum
2152 2916 2205 2971 in
2250 2917 2448 2973 coelum
2476 2958 2491 2984 ,
2542 2935 2700 2985 usque
2740 2919 3051 2974 adorabunt
3092 2920 3363 2975 viventem
3399 2920 3453 2975 in

1856 3008 2053 3062 sateula
2086 3010 2434 3064 sa'culorum.
2466 3011 2659 3066 Amen.
2688 3011 2942 3081 Evangel.
2965 3014 3261 3068 secundum
3288 3012 3448 3068 Joan.

180 3095 429 3163 Galilztee,
462 3113 620 3167 usque
643 3105 696 3150 et
727 3097 796 3151 ibi
830 3097 1056 3152 sedebat
1087 3112 1214 3151 cum
1246 3097 1531 3167 discipulis
1558 3097 1689 3153 suis.
1774 3086 1819 3146 C
1855 3115 1903 3153 e.
1933 3115 2085 3165 xxtv,
2116 3101 2240 3155 Erat
2274 3102 2435 3156 homo
2462 3118 2526 3157 ex
2556 3103 2841 3174 pharisa-is
2868 3104 3253 3172 Nichodemus,
3290 3121 3449 3175 usque

226 3188 282 3241 lu
314 3188 494 3258 vigilia
543 3188 922 3243 Pentecostcn.
975 3189 1162 3244 Lectio
1211 3188 1334 3245 libri
1363 3188 1659 3244 Geneseos.
1690 3190 1745 3244 In

147 3280 345 3336 diebus
391 3281 502 3335 illis
542 3281 768 3335 tentavit
803 3280 945 3336 Deus
974 3281 1269 3337 Abraham.
1307 3283 1553 3337 Secunda
1584 3283 1746 3337 lectio

140 3373 270 3428 libri
320 3373 756 3429 Denteronomii.
794 3375 848 3428 lu
882 3375 1070 3429 diebus
1111 3376 1221 3429 illis
1250 3378 1467 3445 scripsit
1506 3376 1739 3447 Moyses.

131 3467 330 3521 Tertia
363 3467 529 3522 lectio
559 3469 681 3522 libri
728 3468 905 3523 Esaia:
950 3469 1250 3539 prephette.
1301 3469 1356 3524 in
1400 3469 1591 3524 diebus
1640 3471 1745 3524 illis

124 3562 630 3631 apprehendentur
657 3574 864 3632 septem
896 3565 1164 3620 mulieres.
1203 3562 1402 3631 Quarta
1433 3564 1592 3620 lectio
1619 3563 1744 3619 llie~

120 3656 320 3710 remiaa
356 3652 666 3725 prophetm.
697 3655 859 3722 Audi,
883 3655 1071 3720 Israel,
1101 3654 1350 3711 mandata
1378 3657 1521 3711 vitm.

192 3747 280 3803 Ad
328 3748 560 3803 Missam
618 3748 671 3802 in
720 3749 911 3804 eodem
964 3750 1209 3805 sabbato.
1267 3749 1453 3806 Lectio
1508 3752 1739 3805 Actuum

118 3841 537 3909 apostolorum.
573 3840 629 3895 In
659 3839 850 3896 diebus
874 3841 979 3895 illis
1007 3858 1129 3897 cum
1160 3843 1350 3911 Apollo
1376 3852 1519 3898 esset
1544 3842 1735 3895 Coriu-

118 3932 213 3996 .hi,
246 3949 420 4004 usque
447 3935 689 3988 suadens
713 3932 780 3988 de
804 3950 969 4005 regno
1000 3934 1119 3989 Dei.
1155 3935 1513 4007 Evangelium
1545 3951 1742 3990 secun-

117 4025 237 4079 lum
292 4025 578 4081 Joannem
630 4042 750 4095 cap.
796 4042 1019 4091 cxxvnt,
1072 4027 1220 4083 Dixit
1265 4027 1425 4084 Jesus
1455 4029 1739 4098 discipulis

128 4119 243 4187 uis,
280 4118 344 4176 Si
397 4118 636 4190 diligitis
683 4135 793 4185 me,
842 4136 1002 4191 usque
1044 4129 1099 4175 et
1146 4118 1508 4174 manifestabo
1555 4121 1603 4175 ei
1651 4135 1736 4175 me

117 4226 306 4278 psum.

158 4304 485 4359 Dominica
539 4305 921 4361 Pentecosten.
968 4304 1157 4361 Lectio
1191 4307 1421 4360 Actuum
1455 4306 1733 4376 apostolo-

118 4411 230 4452 am.
294 4397 360 4451 In
401 4397 612 4451 diebus
642 4398 746 4452 illis
790 4413 912 4453 cum
960 4398 1369 4468 complerentur
1394 4397 1510 4453 dies
1536 4397 1734 4453 Pente-

1848 3194 1942 3247 sed
1972 3193 2168 3250 haheat
2197 3196 2359 3251 vitam
2393 3207 2677 3253 aeternam.

1922 3301 2010 3341 xlv
2056 3286 2163 3342 kal.
2212 3291 2335 3345 Jun.
2401 3290 2593 3346 Natale
2624 3302 2825 3347 sancta:
2857 3291 3224 3346 Pudentinnm.
3261 3290 3449 3345 Lectio

1848 3379 1966 3434 libri
1994 3380 2301 3451 Sapientia}.
2332 3384 2647 3438 Confitebor
2678 3385 2803 3447 tibi,
2850 3385 3072 3439 Domine
3104 3384 3216 3439 Rex
3238 3428 3252 3450 ,
3286 3399 3445 3454 usque

1846 3474 2015 3528 libera
2042 3490 2132 3529 eos
2157 3474 2224 3529 de
2251 3491 2411 3528 manu
2434 3476 2731 3531 odientium
2754 3519 2767 3542 ,
2799 3475 3027 3530 Domine
3062 3476 3201 3530 Deus
3234 3484 3440 3529 noster.

1846 3564 2105 3634 Evangel.
2138 3564 2432 3618 secundum
2468 3566 2655 3621 Matth.
2692 3582 2809 3636 cap.
2851 3583 2976 3623 ch.
3008 3566 3154 3622 Dixit
3179 3566 3337 3622 Jesus
3365 3565 3445 3620 di-

1845 3658 2067 3725 scipulis
2112 3657 2222 3713 suis
2268 3659 2580 3729 parabolatn
2634 3659 2809 3729 hanc,
2863 3660 3052 3717 Simile
3092 3668 3173 3715 est
3216 3675 3440 3732 regnum

1844 3750 2105 3805 caelorum
2158 3749 2416 3807 thesauro
2467 3752 2804 3823 abscondito,
2858 3770 3019 3825 usque
3067 3769 3203 3809 nova
3244 3762 3299 3809 et
3350 3768 3444 3809 ve-

1845 3852 1982 3898 tera.

1918 3950 2009 3988 xm
2044 3934 2150 3988 kal.
2181 3934 2306 3990 Jun.
2340 3935 2529 3991 Roma:
2561 3938 2736 3992 natale
2763 3947 3074 3993 sanctorum
3106 3939 3353 3995 Gervasii
3381 3946 3437 3994 et

1844 4027 2093 4084 i’rutasii.
2127 4026 2311 4082 Lectio
2344 4029 2465 4082 libri
2499 4028 2813 4100 Sapientirc.
2866 4030 3140 4101 Spectatio
3162 4032 3433 4101 justorum

1840 4119 2050 4187 Letitia,
2082 4138 2239 4193 usque
2261 4122 2585 4177 exaltabitur
2610 4123 2822 4179 civitas.
2852 4123 3105 4193 Evangel.
3137 4123 3433 4178 secundum

1841 4213 2029 4268 Matth.
2082 4230 2203 4285 cap.
2243 4229 2497 4270 CLXXXIX.
2531 4217 2896 4271 Accesserunt
2933 4216 2999 4270 ad
3031 4215 3216 4270 Jesum
3246 4215 3439 4269 Phari-

1840 4309 1933 4364 sa-i
1960 4355 1973 4378 ,
2024 4326 2184 4381 usque
2226 4326 2332 4366 non
2376 4325 2570 4367 omnes
2616 4313 2838 4383 capiunt
2868 4310 3091 4367 verbum
3138 4309 3301 4375 istud,
3335 4307 3431 4364 sed

1840 4401 2035 4471 quibus
2066 4402 2248 4457 datum
2282 4412 2389 4458 est.

120 4499 300 4554 istes,
346 4505 534 4560 usque
564 4490 827 4559 magualia
866 4490 978 4543 llei.
1025 4467 1379 4561 Evangelium
1427 4489 1725 4545 secundum
1764 4467 1810 4527 ί)
1858 4467 1872 4471 ’
1911 4494 2071 4551 Feria
2130 4511 2181 4550 ιν
2228 4495 2587 4552 hebdomadas
2637 4495 2828 4567 prima
2882 4504 3003 4565 post
3047 4495 3431 4549 Pentecosten.

118 4596 366 4636 omnem
406 4596 545 4652 cap.
590 4597 755 4644 cxxx,
806 4581 950 4636 Dixit
978 4579 1135 4636 Jesus
1164 4582 1445 4651 discipulis
1493 4583 1627 4647 suis,
1670 4580 1725 4636 Si

117 4676 186 4727 iis
222 4674 440 4744 diligit
475 4690 602 4739 me,
654 4691 813 4745 usque
856 4676 1000 4729 sicut
1039 4675 1351 4730 mandatum
1399 4674 1550 4730 dedit
1594 4674 1726 4728 mihi

129 4779 256 4831 ter,
295 4768 396 4821 sic
437 4767 616 4823 iacio.

117 4861 308 4916 Feria
348 4878 421 4917 ιι.
468 4862 557 4917 Ad
588 4863 820 4931 vincula,
847 4861 1205 4919 hebdomade:
1236 4876 1360 4934 quae
1408 4875 1591 4932 supra.
1627 4861 1730 4918 Le-

117 4968 150 5007 o
187 4953 489 5010 Actuum
530 4956 927 5025 apostolorum.
970 4955 1027 5009 In
1075 4956 1266 5009 diebus
1317 4955 1424 5010 illis
1472 4958 1724 5027 aperiens

118 5058 251 5102 rrus
291 5062 372 5102 os
405 5063 590 5103 suum
617 5048 771 5116 dixit,
804 5064 963 5120 usque
984 5048 1043 5111 in
1066 5049 1284 5103 nomine
1305 5046 1519 5103 Domini
1554 5050 1723 5104 nostri

118 5157 157 5193 ιι
198 5139 499 5195 Christi.
538 5141 891 5213 Evangelium
943 5140 1242 5205 secundum
1290 5138 1555 5196 Joannem
1597 5154 1720 5210 cap.

117 5250 179 5300 ν,
228 5232 419 5289 Dixit
484 5234 657 5291 Jesus
702 5236 984 5303 discipulis
1036 5235 1185 5302 suis,
1229 5234 1319 5290 Sic
1346 5235 1491 5289 enim
1534 5234 1725 5289 dilexit

117 5340 167 5376 γε
207 5326 580 5395 mundum,
614 5344 769 5395 usque
799 5343 963 5397 opera
994 5344 1117 5399 quae
1156 5329 1207 5381 in
1238 5328 1349 5381 Deo
1383 5336 1509 5382 sunt
1552 5327 1714 5382 facta.

118 5419 279 5473 ‘eria
320 5435 429 5473 ιιι.
476 5420 569 5475 Ad
599 5432 841 5475 sanctam
874 5424 1236 5476 Anastasiam.
1264 5421 1451 5476 Lectio
1481 5422 1715 5476 Actuum

117 5512 477 5567 stolarum
498 5555 511 5567 .
558 5513 617 5568 In
651 5513 841 5569 diebus
873 5513 978 5569 illis
1007 5529 1128 5569 cum
1174 5513 1455 5569 audissent
1484 5512 1716 5583 apostoli

118 5614 344 5660 erant
388 5605 841 5675 Hierosolymis,
872 5623 1034 5676 usque
1074 5607 1421 5675 accipiebant
1451 5605 1714 5673 Spiritum

117 5705 325 5753 etum.
434 5698 818 5769 Evangelium
895 5700 1193 5757 secundum
1256 5698 1519 5757 Joannem
1587 5712 1707 5768 cap.

1837 4587 2023 4644 Lectio
2068 4588 2323 4659 Epistulae
2351 4589 2493 4644 beati
2530 4588 2678 4643 Pauli
2711 4588 2941 4658 apostoli
2986 4586 3052 4643 ad
3092 4584 3430 4641 Corinthios.

1836 4680 2089 4750 Fratres,
2123 4682 2167 4738 si
2197 4692 2376 4739 autem
2413 4683 2742 4750 prmdicatur
2780 4682 3032 4738 Christus
3064 4681 3207 4752 quod
3241 4695 3427 4736 resur-

1838 4776 1979 4830 rexit
2022 4792 2051 4830 a
2107 4776 2380 4845 mortuis,
2429 4791 2589 4846 usque
2640 4775 2693 4829 in
2738 4789 2835 4829 suo
2884 4775 3077 4829 ordine
3119 4788 3216 4844 per
3244 4774 3429 4829 Jesum

1836 4866 2111 4923 Christum
2178 4868 2462 4923 Dominum
2521 4877 2787 4922 nostrum.
2835 4868 3093 4939 Evangel.
3128 4868 3426 4924 secundum

1831 4958 1965 5015 Luc.
2016 4973 2135 5028 cap.
2187 4974 2405 5024 ccxun,
2463 4959 2829 5017 Accesserunt
2872 4958 2938 5013 ad
2976 4958 3159 5015 Jesum
3209 4960 3427 5031 quidam

1830 5049 2255 5105 Sadduearorum
2283 5093 2299 5119 ,
2333 5068 2493 5121 usque
2522 5068 2631 5106 non
2665 5051 2939 5106 audebant
2976 5068 3097 5109 eum
3129 5055 3424 5127 quidquam

1830 5143 2189 5213 interrogare.

1904 5250 1962 5287 xr
1990 5232 2098 5288 kal.
2133 5233 2298 5289 Junii.
2352 5233 2407 5289 ln
2459 5233 2681 5291 Corsica
2721 5237 2903 5307 passio
2953 5248 3156 5294 sanctae
3196 5238 3425 5295 Julianre

1829 5327 2070 5398 virginis.
2092 5326 2276 5381 Lectio
2301 5327 2422 5382 libri
2452 5326 2764 5398 Sapienti-an
2797 5328 3045 5396 Domine,
3072 5332 3215 5385 Deus
3244 5346 3421 5397 meus,

1830 5419 2083 5474 exaltasti
2117 5434 2283 5489 super
2310 5429 2511 5475 terram
2547 5420 2937 5477 habitationem
2961 5439 3162 5490 meam,
3188 5440 3345 5495 usque
3373 5431 3428 5481 et

1829 5510 2147 5567 benedicam
2179 5528 2374 5568 nomen
2402 5522 2576 5583 tuum,
2610 5515 2833 5570 Domine
2853 5515 2998 5572 Deus
3027 5518 3428 5572 noster.l£van-

1826 5603 1931 5675 gel.
1968 5604 2264 5659 secundmn
2301 5605 2489 5659 Matth.
2526 5622 2648 5678 cap.
2681 5622 2943 5674 cccxvm,
2979 5608 3123 5662 Dixit
3147 5608 3305 5665 Jesus
3333 5610 3417 5665 di-

1826 5698 2049 5768 scipulis
2096 5698 2232 5756 suis.
2289 5699 2479 5760 Simile
2522 5710 2605 5775 est
2648 5716 2875 5789 regnum
2922 5702 3186 5763 caelorum
3224 5700 3417 5765 decem
