4048 6334
470 286 573 348 Sil

1506 284 1564 340 S.
1607 284 1986 343 HIERONYMI
2025 285 2309 350 OPERUM
2348 287 2718 347 MANTISSA.

3671 291 3780 350 519.

476 404 802 479 virginibus,
834 416 995 479 usque
1019 398 1243 474 vigilate
1271 398 1489 474 itaque,
1521 400 1647 473 quia
1674 402 1900 460 nescitis
1926 402 2073 461 diem
2101 408 2155 470 Α
2180 407 2327 465 beati
2368 406 2599 463 Joannis
2628 405 2882 478 apostoli.
2912 404 3241 465 Charissimi
3267 449 3284 479 ,
3317 406 3488 468 nolite
3518 408 3709 468 mirari
3732 412 3777 468 si

480 516 659 573 neque
684 498 893 554 horam.

555 593 711 649 Feria
755 605 809 645 vi
857 584 1213 643 hebdomadae
1239 600 1359 657 qua:
1388 601 1576 658 supra.
1631 586 1818 643 Lectio
1842 585 2075 645 Actuum

481 684 873 759 apostolorum.
928 680 987 736 In
1018 679 1210 737 diebus
1242 678 1344 736 illis
1375 680 1578 737 milites
1604 679 1907 737 secundum
1937 696 2077 752 pra:-

482 796 693 859 ceptnm
725 783 830 839 sibi
850 821 867 849 ,
898 797 1057 853 usque
1082 780 1151 837 ad
1180 780 1453 837 Caesarem
1484 774 1608 834 ibis.
1643 779 1852 850 Evang.
1880 792 2078 835 secun-

479 881 608 936 dum
639 876 774 934 Luc.
806 888 926 945 cap.
974 888 1196 930 cxevm.
1246 871 1398 927 Dixit
1425 870 1586 928 Jesus
1625 869 1909 942 discipulis
1940 870 2077 937 suis,

479 972 614 1029 Cum
656 976 839 1025 autem
888 966 1152 1023 inducent
1202 979 1301 1020 vos
1342 965 1396 1020 in
1434 979 1738 1037 synagogas
1763 1006 1777 1031 ,
1812 982 1973 1037 usque
1998 963 2079 1020 sic

485 1069 590 1126 cst,
621 1058 713 1131 qui
743 1058 850 1113 sibi
872 1055 1225 1124 thesaurizat,
1254 1069 1359 1111 non
1391 1063 1475 1111 est
1496 1056 1549 1110 in
1583 1055 1695 1113 Deo
1721 1054 1896 1112 dives.

555 1152 792 1212 Sabbato
831 1149 1189 1206 hebdomadas:
1226 1164 1348 1220 qua:
1392 1164 1575 1220 supra.
1636 1149 1822 1205 Lectio
1844 1148 2079 1205 Actuum

482 1244 877 1317 apostolorum.
910 1242 967 1298 ln
999 1242 1195 1298 diebus
1222 1241 1354 1310 illis,
1379 1256 1500 1297 cum
1531 1241 1650 1298 dies
1676 1242 1882 1313 aliquot
1906 1248 2084 1296 trans-

483 1340 590 1395 acti
630 1345 853 1404 essent,
900 1352 1058 1408 usque
1092 1335 1276 1391 lumen
1308 1334 1729 1390 annuntiaturus
1768 1341 1852 1389 est
1884 1332 2083 1404 populo

482 1443 539 1491 et
564 1432 838 1505 gentibus.
874 1431 1084 1502 Evang.
1116 1430 1421 1488 secundum
1449 1430 1579 1485 Luc.
1613 1445 1662 1486 c.
1696 1444 1860 1496 xcm,
1915 1428 2085 1485 Acce-

486 1529 681 1586 dentes
703 1526 956 1599 discipuli
985 1524 1053 1582 ad
1082 1524 1351 1583 Joannem
1378 1523 1628 1597 (Jesum),
1656 1540 1817 1597 usque
1843 1531 1900 1579 et
1924 1531 2078 1579 satu-

486 1625 590 1683 rati
630 1632 780 1680 sunt.

558 1717 909 1777 llebdomada
953 1732 990 1771 ιι
1033 1723 1157 1787 post
1183 1714 1565 1771 Pentecosten.
1597 1710 1786 1768 Lectio
1820 1710 2085 1781 Epistolae

2179 499 2293 555 odit
2316 513 2413 556 vos
2438 498 2697 565 mundus,
2724 515 2881 571 usque
2902 499 2997 555 sed
3024 514 3193 572 opere
3211 508 3268 558 et
3285 502 3537 559 veritate.
3570 503 3774 575 Evang.

2179 594 2480 651 secundum
2529 594 2721 651 Matth.
2765 610 2816 651 c.
2872 612 3048 663 xxxv,
3093 596 3243 652 Dixit
3286 586 3448 654 Je‘sus
3497 598 3780 670 discipulis

2180 687 2315 755 suis,
2347 686 2461 743 Nisi
2495 686 3089 757 abundaveritjustitia
3124 698 3335 758 vestra,
3371 706 3533 763 usque
3571 699 3632 747 et
3658 701 3783 749 tunc

2181 781 2407 837 veniens
2438 780 2640 836 otl'eres
2669 795 2868 836 munus
2900 789 3075 836 tuum.

2254 872 2412 929 Feria
2444 888 2481 926 ιι
2512 870 2869 951 hebdomadce
2910 887 3035 944 qua:
3076 886 3261 943 supra.
3311 871 3505 929 Lectio
3550 873 3779 932 Actuum

2182 964 2579 1036 apostolorum.
2622 961 2679 1017 ln
2708 962 2902 1019 diebus
2930 964 3039 1019 illis
3063 978 3188 1019 eum
3224 963 3317 1019 lux
3348 964 3617 1036 inciperet
3646 967 3777 1034 fieri,

2183 1071 2341 1127 usque
2387 1057 2764 1127 imposuerunt
2807 1071 2931 1127 qua:
2987 1055 3297 1112 necessaria
3347 1066 3531 1112 erant.
3581 1057 3779 1129 Evang.

2183 1148 2481 1204 secundum
2527 1148 2730 1204 Lucam
2780 1163 2831 1204 c.
2881 1163 3007 1204 xcvi
3035 1188 3053 1215 ,
3105 1148 3251 1204 Dixit
3296 1148 3460 1206 Jesus
3505 1151 3783 1223 discipulis

2184 1241 2297 1298 suis
2323 1283 2338 1311 ,
2390 1241 2563 1298 llomo
2594 1241 2814 1313 quidam
2841 1248 2961 1297 erat
2987 1240 3143 1297 dives
3162 1286 3177 1311 ,
3207 1250 3265 1298 et
3294 1241 3628 1299 induebatur
3656 1260 3783 1315 pur-

2185 1349 2343 1407 pura,
2389 1351 2546 1409 usque
2591 1349 2768 1408 neque
2792 1333 2839 1391 si
2877 1333 3002 1406 quis
3045 1348 3111 1390 ex
3143 1333 3374 1391 mortuis
3404 1335 3782 1403 resurrexcrit,

2185 1427 2435 1484 credent.

2258 1518 2418 1576 Feria
2451 1534 2508 1576 ιιι
2538 1517 2897 1575 hebdomadas
2926 1533 3051 1591 quae
3078 1532 3271 1590 supra.
3332 1517 3516 1575 Lectio
3540 1520 3787 1576 Actuum

2187 1614 2584 1685 apostolorum.
2634 1613 2693 1669 In
2742 1613 2940 1670 diebus
2994 1614 3145 1682 illis,
3190 1624 3312 1685 post
3349 1630 3568 1671 menses
3608 1625 3790 1674 autem

2191 1706 2662 1777 transnavigamus
2708 1706 2762 1760 in
2793 1709 2916 1761 navi
2947 1706 3318 1763 Alexandrina
3352 1747 3367 1773 ,
3396 1724 3560 1780 usque
3592 1707 3683 1764 hic
3710 1718 3794 1765 est

491 1812 638 1871 beati
668 1809 896 1868 Joannis
945 1807 1200 1878 apostoli.
1264 1805 1583 1862 Charissimi
1608 1845 1624 1871 ,
1680 1804 1821 1859 Deus
1848 1802 2087 1857 charitas
2118 1807 2166 1868 B
2193 1800 2350 1857 Jesus
2385 1800 2637 1855 Christus
2683 1799 2829 1856 lilius
2877 1800 3012 1872 Dei,
3062 1816 3161 1872 per
3201 1816 3363 1871 quem
3389 1801 3616 1871 incipiet
3649 1812 3791 1858 totus

490 1916 612 1976 est,
664 1922 824 1978 usque
862 1902 1050 1974 diligat
1094 1909 1150 1957 et
1188 1901 1411 1957 fratrem
1444 1915 1620 1955 suum.
1652 1898 1858 1969 Evang.
1886 1911 2087 1953 secun-

489 2000 621 2055 dum
644 1998 847 2054 Lucam
871 2011 989 2067 cap.
1025 2009 1210 2063 cxcm,
1239 1993 1412 2050 Homo
1440 1992 1657 2065 quidam
1685 1999 1803 2048 erat
1830 1990 2004 2057 dives,
2035 1996 2090 2045 et

490 2091 844 2147 induebatur.

562 2198 660 2238 vnr
697 2181 808 2237 kal.
855 2179 984 2237 Jun.
1036 2178 1226 2235 Natale
1276 2179 1448 2234 sancti
1496 2178 1699 2235 Urbani
1740 2175 1984 2249 episcopi
2036 2184 2092 2231 et

495 2274 847 2333 confessoris.
900 2273 1090 2330 Lectio
1134 2273 1257 2328 libri
1297 2271 1611 2343 Sapientiae.
1644 2270 1802 2326 Dedit
1829 2269 2092 2325 Dominus

490 2367 893 2425 confessionem
944 2374 1132 2420 sancto
1181 2380 1284 2421 suo
1312 2405 1326 2431 ,
1372 2380 1534 2435 usque
1580 2363 1722 2417 inter
1765 2361 2091 2417 benedictos

493 2460 868 2517 benedicetur.
900 2459 1103 2529 Evang.
1140 2456 1441 2513 secundum
1483 2454 1673 2511 Matth.
1719 2469 1840 2524 cap.
1867 2470 2086 2522 CCLXIII,

495 2554 640 2610 Dixit
678 2555 838 2611 Jesus
866 2550 1153 2622 discipulis
1182 2550 1329 2614 suis,
1366 2547 1595 2618 Vigilate
1621 2560 1784 2617 ergo,
1812 2562 1972 2617 usque
2000 2561 2091 2602 su-

495 2662 595 2716 per
618 2644 800 2701 omnia
832 2646 974 2701 bona
1006 2658 1102 2698 sua
1131 2641 1425 2698 constituet
1451 2654 1595 2695 eum.

567 2738 721 2795 Feria
772 2752 830 2792 ιιι
870 2734 1228 2791 hebdomadm
1262 2749 1384 2805 qua:
1421 2747 1605 2802 supra.
1638 2729 1828 2787 Lectio
1856 2729 2090 2787 Actuum

496 2829 890 2899 apostolorum.
916 2829 972 2883 ιιι
997 2827 1189 2882 diebus
1214 2827 1321 2881 illis
1340 2826 1598 2897 loquente
1627 2825 1791 2879 Paulo
1818 2824 2089 2896 apostolo,

496 2928 553 2975 et
577 2918 826 2975 oratione
852 2917 1115 2973 reddente
1136 2959 1151 2984 ,
1188 2934 1347 2990 usque
1373 2926 1428 2974 et
1459 2918 1603 2988 passi
1635 2928 1771 2973 sunt
1788 2933 1909 2972 eam
1941 2917 2091 2973 exci«

496 3013 650 3069 dere.
684 3012 887 3081 Evang.
922 3010 1224 3067 secundum
1254 3010 1414 3067 Joan.
1439 3026 1557 3082 cap.
1592 3021 1741 3078 cun,
1770 3010 2092 3081 ReSpiciens

496 3105 655 3163 Jesus
686 3105 984 3177 discipulos
1014 3119 1141 3170 suos
1169 3104 1335 3176 dixit,
1366 3122 1528 3176 usque
1559 3106 1656 3161 sed
1696 3114 1752 3160 ut
1777 3119 1964 3162 serves
1994 3120 2092 3163 eos

498 3216 529 3256 a
562 3199 726 3256 malo.

572 3293 729 3351 Feria
769 3308 821 3348 ιν
852 3291 1207 3350 hebdomadze
1235 3306 1356 3363 qum
1390 3305 1576 3362 supra.
1616 3290 1800 3346 Lectio
1832 3289 2092 3361 Epistolas

498 3384 648 3443 beati
679 3383 828 3441 Pauli
855 3384 1087 3457 apostoli
1112 3384 1178 3440 ad
1210 3382 1595 3451 Colossenses,
1626 3382 1878 3448 Fratres,
1902 3381 2094 3437 morti-

501 3476 658 3533 ﬁcate
689 3476 930 3532 membra
957 3486 1137 3532 vestra
1170 3490 1293 3545 qua:
1318 3483 1446 3531 sunt
1472 3488 1643 3545 super
1674 3481 1907 3540 terram,
1933 3487 2095 3543 usque

499 3577 556 3625 et
586 3571 639 3624 in
661 3569 912 3626 omnibus
939 3568 1213 3624 Christus.
1243 3567 1449 3638 Evang.
1488 3566 1789 3623 secundum
1819 3565 2004 3620 Matth.
2039 3579 2091 3621 e.

507 3677 666 3730 xxm,
692 3663 839 3717 Dixit
865 3662 1027 3719 Jesus
1052 3660 1337 3733 discipulis
1366 3660 1477 3717 suis
1499 3702 1512 3725 ,
1543 3659 1721 3715 Nolite
1745 3669 1933 3729 putare
1955 3673 2093 3730 quo-

503 3753 650 3808 niam
682 3754 808 3809 veni
834 3754 1050 3810 solvere
1076 3756 1247 3825 legem
1267 3794 1282 3819 ,
1322 3770 1478 3824 usque
1509 3753 1598 3810 hic
1622 3768 1851 3826 magnus
1877 3752 2098 3810 vocabi-
2126 3801 2131 3805 .

504 3851 593 3899 tur
617 3844 669 3899 in
695 3859 863 3914 regno
891 3846 1177 3901 caelorum.

578 3954 611 3992 γ
653 3936 763 3992 kal.
814 3935 939 3992 Jun.
996 3937 1249 4006 Parisiis,
1303 3936 1575 4009 depositio
1617 3937 1791 3992 sancti
1837 3936 2096 3994 Germani

509 4032 751 4105 episcopi
791 4039 846 4087 ct
876 4030 1229 4098 confessoris,
1265 4040 1319 4087 ct
1349 4030 1632 4085 translatio
1657 4030 1901 4101 corporis
1920 4030 2095 4086 sancti

511 4125 768 4182 Gentiani
800 4124 1056 4196 martyris
1081 4123 1549 4179 Ambianensium.
1620 4122 1807 4178 Lectio
1848 4121 1970 4177 libri
1996 4121 2098 4178 Sa-

505 4218 747 4287 pientizc.
799 4216 900 4285 Qui
931 4215 1169 4271 custodit
1201 4215 1503 4284 justitiam,
1538 4213 1838 4269 continebit
1876 4228 2096 4269 sensum

504 4311 805 4383 cjus,usque
823 4310 875 4365 in
901 4308 1187 4379 praceptis
1216 4307 1312 4362 Dei
1337 4315 1621 4377 permanet
1636 4320 1873 4377 semper.
1892 4305 2095 4375 Evang.

503 4402 801 4458 secundum
849 4400 1006 4457 Joan.
1056 4414 1105 4454 c.
1158 4414 1393 4466 cxxxtx,
1446 4397 1591 4452 Dixit
1632 4396 1789 4452 Jesus
1815 4394 2098 4466 discipulis

508 4496 644 4564 suis,
682 4495 796 4551 lloc
813 4503 896 4550 est
924 4504 1256 4564 prmceptum
1288 4506 1501 4557 meum,
1532 4506 1689 4560 usque
1717 4488 2099 4561 quodcumque

505 4588 766 4661 petieritis
795 4596 1002 4658 patrem
1028 4587 1082 4642 in
1113 4586 1330 4643 nomine
1360 4600 1482 4641 meo
1509 4584 1601 4640 det
1627 4582 1805 4639 vobis.

576 4695 628 4737 tv
660 4681 773 4737 kal.
802 4681 929 4737 Jun.
958 4680 1211 4736 Treveris
1234 4678 1503 4749 depositio
1534 4678 1707 4733 sancti
1736 4675 1951 4732 Maximi
1983 4679 2099 4748 epi-

504 4776 677 4847 scopi.
701 4774 889 4832 LcCtio
922 4774 1044 4831 libri
1078 4773 1399 4845 Sapientim.
1433 4772 1683 4839 Domine,
1726 4780 1880 4842 pater
1917 4780 1972 4826 et
1997 4771 2097 4826 dos

504 4867 742 4923 minator
786 4868 910 4923 vitae
949 4882 1083 4923 mea:
1104 4908 1119 4935 ,
1153 4883 1311 4939 usque
1359 4866 1635 4921 intuentes
1666 4865 1718 4920 in
1750 4864 2098 4921 absconditas

507 4969 709 5029 partes.
761 4960 962 5032 Evang.
1014 4961 1316 5017 secundum
1362 4960 1550 5014 Matth.
1600 4974 1650 5013 c.
1682 4973 1898 5025 ccum,
1952 4957 2098 5014 Dixit

505 5048 665 5104 Jesus
694 5049 976 5120 discipulis
1008 5051 1144 5121 suis,
1178 5050 1413 5122 Vigilate
1436 5066 1585 5122 ergo,
1616 5066 1773 5123 usque
1798 5065 1964 5121 super
1990 5065 2100 5105 om-

505 5141 595 5198 nia
624 5142 766 5196 bona
794 5156 892 5196 sua
916 5146 1210 5200 constituet
1243 5161 1389 5200 eum.

575 5250 632 5290 ιιι
660 5234 771 5290 kal.
803 5234 934 5291 Jun.
967 5235 1368 5293 Natalesanclac
1391 5237 1724 5295 Petronillm.
1752 5238 1940 5296 Lectio
1973 5238 2098 5295 libri

505 5328 819 5401 Sapientiae.
852 5329 1082 5388 Domino
1108 5342 1287 5388 autem
1317 5334 1430 5389 Deo
1462 5343 1754 5405 antequam
1787 5342 2100 5391 crearentur

503 5425 689 5481 omnia
741 5434 868 5480 sunt
905 5425 1083 5496 agnita
1113 5467 1128 5493 ,
1173 5444 1332 5496 usque
1371 5437 1427 5483 et
1471 5429 1523 5483 in
1552 5428 1744 5485 electis
1775 5430 1911 5486 meis
1943 5430 2100 5486 mitte

503 5516 740 5573 radices.
772 5517 1125 5589 Evangelinm
1158 5521 1457 5577 secundum
1482 5522 1798 5578 Matthmum
1826 5538 1947 5596 cap.
1967 5539 2098 5592 cxc,

505 5607 652 5664 Dixit
679 5609 839 5665 Jesus
867 5610 1148 5681 discipulis
1180 5613 1293 5667 suis
1318 5654 1333 5680 ,
1377 5612 1571 5669 Simile
1613 5622 1696 5670 est
1725 5629 1950 5687 regnum
1984 5629 2097 5672 ccc-

506 5698 683 5753 lorum
715 5700 973 5757 thesauro
1002 5703 1345 5768 abscondito,
1380 5720 1537 5776 usque
1568 5721 1704 5762 nova
1735 5714 1790 5762 et
1818 5714 2027 5764 vetera.

582 5792 930 5851 Hebdomada
967 5814 1024 5853 ιιι
1057 5807 1180 5871 post
1207 5800 1582 5860 Pentecosten.
1619 5804 1804 5863 Lectio
1847 5804 2105 5877 Epistolas

2193 1892 2426 1949 mundus
2471 1891 2732 1962 iudicari.
2784 1891 3052 1964 Evangel.
3100 1890 3401 1949 secundum
3430 1891 3636 1949 Lucam
3666 1909 3784 1966 cap.

2193 2002 2388 2057 cxcvu,
2424 1986 2568 2043 Dixit
2593 1985 2755 2043 Jesus
2784 1986 3069 2056 discipulis
3090 1988 3227 2056 suis,
3260 1987 3603 2059 impossibile
3629 1998 3787 2045 estut

2192 2096 2302 2136 non
2334 2078 2551 2135 veniant
2595 2078 2850 2135 scandala
2875 2121 2890 2149 ,
2930 2097 3094 2154 usque
3117 2079 3263 2152 quod
3290 2080 3584 2139 debuimus
3613 2081 3791 2140 facere

2194 2173 2449 2229 fecimus.

2265 2285 2317 2326 tv
2348 2282 2478 2324 non.
2528 2268 2655 2325 Jun.
2697 2269 2885 2325 Roma:
2940 2268 3120 2326 natale
3163 2268 3343 2326 sancti
3390 2268 3693 2326 Marcellini
3740 2281 3795 2326 et

2193 2361 2341 2419 Petri
2374 2361 2668 2418 exorcistte
2697 2376 2822 2418 cum
2856 2361 2979 2418 aliis
3012 2377 3150 2417 xui.
3186 2362 3375 2417 Lectio
3404 2361 3528 2418 libri
3562 2361 3795 2432 Sapien-

2196 2457 2305 2511 tiae.
2339 2456 2618 2512 Justorum
2650 2455 2846 2512 anima:
2896 2457 2949 2512 in
2990 2472 3154 2513 manu
3187 2457 3283 2513 Dei
3312 2466 3472 2525 sunt,
3514 2474 3671 2529 usque
3702 2474 3792 2513 re-

2193 2548 2388 2620 gnabit
2418 2547 2681 2604 Dominus
2727 2548 2948 2604 illorum
2995 2548 3049 2605 in
3089 2558 3436 2620 perpetuum.
3471 2548 3678 2619 Evang.
3707 2565 3790 2604 se-

2193 2639 2431 2697 cundum
2480 2639 2681 2695 Lucam
2729 2655 2780 2695 c.
2824 2655 3085 2705 cchvm,
3140 2639 3288 2695 Dixit
3322 2639 3483 2696 Jesus
3508 2638 3793 2708 discipulis

2194 2734 2307 2790 suis
2331 2752 2344 2789 :
2365 2732 2499 2789 Cum
2511 2732 2797 2789 audieritis
2820 2734 3030 2805 przclia,
3057 2750 3217 2807 usque
3241 2734 3298 2790 in
3322 2735 3588 2807 patientia
3613 2743 3794 2792 vestra

2194 2827 2546 2900 possidebitis
2568 2826 2780 2883 animas
2809 2836 3043 2885 vestras.

2267 2938 2327 2978 ιιι
2356 2936 2485 2978 non.
2511 2920 2638 2978 Jun.
2682 2921 2991 2977 Aurelianis
3025 2919 3295 2992 depositio
3322 2921 3497 2977 sancti
3530 2920 3789 2993 Liphardi

2197 3013 2523 3086 presbyteri.
2571 3013 2759 3069 Lectio
2806 3012 3069 3083 Epistolm
3104 3011 3248 3069 beati
3281 3011 3432 3067 Pauli
3466 3011 3697 3081 apostoli
3729 3011 3792 3065 ad

2198 3106 2484 3173 llebraeos,
2509 3105 2754 3173 Fratres,
2779 3106 2963 3176 plures
2991 3104 3114 3160 facti
3132 3114 3258 3160 sunt
3278 3105 3622 3175 sacerdotes,
3642 3122 3795 3176 usque

2122 3202 2169 3267 C
2199 3199 2369 3255 semel
2403 3213 2464 3254 se
2501 3195 2781 3254 oﬂ‘erendo
2824 3195 3086 3253 Dominus
3120 3205 3307 3252 noster
3330 3196 3492 3253 Jesus
3515 3195 3791 3252 Christus.

2201 3291 2465 3362 Evangel.
2500 3291 2799 3348 secundum
2824 3291 3013 3347 Matth.
3040 3306 3159 3363 cap.
3194 3307 3419 3360 cccxxx,
3463 3292 3615 3347 Dixit
3640 3290 3797 3348 Jesus

2200 3384 2483 3455 discipulis
2531 3385 2644 3439 suis
2675 3384 2985 3454 parabolam
3018 3383 3161 3440 hanc
3187 3429 3202 3455 ,
3257 3385 3432 3440 llomo
3462 3384 3683 3456 quidam
3707 3399 3796 3456 pe-

2200 3493 2358 3549 regre
2411 3476 2804 3548 proﬁciscens,
2856 3494 3015 3551 usque
3057 3477 3199 3534 intra
3240 3478 3293 3533 in
3317 3477 3570 3550 gaudium
3591 3478 3794 3535 domini

2199 3572 2298 3629 tui.

2274 3664 2427 3719 Feria
2456 3679 2508 3719 vr
2532 3661 2893 3718 hebdomadas
2915 3678 3037 3734 qua:
3063 3677 3249 3735 supra.
3280 3662 3472 3720 Lectio
3498 3662 3625 3719 libri
3656 3662 3798 3734 Apo-

2201 3757 2440 3830 calypsis
2471 3755 2699 3812 Joannis
2722 3755 2983 3827 apostoli.
3031 3756 3088 3811 ln
3121 3754 3316 3811 diebus
3344 3756 3451 3811 illis
3478 3755 3691 3811 loeutus
3716 3764 3800 3811 est

2200 3850 2443 3906 Joannes
2473 3848 2759 3920 apostolus
2790 3846 2974 3903 dicens
2999 3887 3015 3913 ,
3064 3847 3264 3903 Beatus
3288 3848 3380 3918 qui
3409 3847 3541 3917 legit
3568 3887 3584 3913 ,
3631 3854 3689 3903 et
3710 3846 3796 3913 qui

2202 3939 2354 3995 audit
2384 3940 2549 3995 verba
2581 3938 2745 4009 hujus
2774 3938 3106 4010 prophetiae,
3143 3954 3303 4011 usque
3334 3938 3476 3994 facta
3504 3938 3799 3995 Nicolaita-

2203 4047 2321 4088 rum
2348 4072 2364 4098 ,
2415 4047 2535 4103 qum.
2581 4037 2638 4085 et
2674 4044 2775 4102 ego
2813 4029 2925 4085 odi.
2977 4029 3080 4098 Qui
3110 4029 3278 4085 habet
3304 4044 3526 4095 aurem,
3560 4046 3718 4100 usque
3744 4030 3795 4084 in

2203 4124 2458 4196 paradiso
2509 4123 2723 4181 Domini
2755 4123 2849 4178 Dei
2879 4123 3007 4179 mei.
3062 4121 3322 4192 Evangel.
3363 4122 3667 4179 secundum
3695 4122 3793 4177 Lu-

2203 4236 2323 4277 cam
2370 4235 2491 4291 cap.
2547 4234 2767 4287 ccxxxt,
2816 4218 2964 4273 Dixit
3001 4217 3160 4274 Jesus
3186 4217 3600 4273 similitudinem
3636 4221 3794 4275 hanc.

2204 4314 2380 4369 llomo
2426 4311 2645 4383 quidam
2693 4311 2821 4367 fecit
2857 4325 3070 4368 cmnam
3113 4325 3394 4382 magnam,
3424 4326 3586 4382 usque
3610 4318 3799 4382 gusta-

2204 4404 2341 4459 bunt
2369 4418 2583 4461 cmnam
2617 4417 2816 4458 meam.

2275 4497 2515 4553 Sabbato
2543 4494 2898 4552 hebdomadae
2921 4510 3041 4567 qua:
3063 4510 3251 4567 supra.
3284 4495 3473 4552 Lectio
3502 4494 3624 4551 libri
3653 4496 3804 4567 Apo-

2128 4595 2177 4656 D
2204 4588 2443 4660 calypsis
2473 4588 2701 4644 Joannis
2736 4588 2991 4657 apostoli.
3018 4587 3075 4642 ιιι
3104 4587 3297 4643 diebus
3326 4588 3454 4658 illis,
3493 4589 3571 4643 ait
3608 4586 3802 4643 Domi-

2207 4695 2310 4737 nus
2334 4721 2348 4747 ,
2392 4678 2587 4749 angelo
2629 4678 2882 4751 Smyrnae
2912 4678 3173 4735 Ecclesia:
3201 4679 3403 4746 scribe,
3431 4695 3594 4749 usque
3614 4692 3805 4736 coram

2207 4773 2372 4829 Patre
2402 4787 2526 4828 meo
2574 4781 2630 4828 et
2657 4786 2837 4826 coram
2883 4772 3092 4843 angelis
3121 4770 3275 4840 eius,
3316 4788 3477 4845 usque
3512 4772 3607 4843 qui
3642 4772 3807 4829 habet

2207 4882 2394 4924 aurem
2429 4867 2615 4924 audiat
2647 4867 2775 4938 quid
2818 4865 3052 4938 Spiritus
3089 4865 3237 4920 dicat
3269 4866 3549 4924 Ecclesiis.
3587 4866 3802 4936 Evang.

2209 4962 2509 5019 secundum
2541 4960 2730 5016 Matth.
2773 4976 2823 5016 c.
2863 4976 2983 5027 ccv,
3019 4960 3348 5033 Egrediente
3374 4960 3502 5018 Jcsu
3524 4961 3595 5018 ab
3625 4961 3809 5017 Hieri-

2206 5072 2306 5125 co,
2339 5073 2499 5128 usque
2529 5054 2702 5111 seculi
2729 5063 2854 5110 sunt
2876 5070 3024 5111 eum.

2282 5147 2633 5205 llebdomada
2673 5164 2725 5203 tv
2752 5158 2874 5218 post
2902 5147 3286 5204 Pentecosten.
3319 5146 3508 5203 Lectio
3541 5144 3807 5214 Epistolzc

2206 5243 2349 5300 beati
2379 5242 2532 5299 Pauli
2557 5239 3172 5311 apostoli.Charissimi,
3195 5238 3550 5296 humiliamini
3576 5238 3685 5293 sub
3711 5255 3811 5311 po-

2204 5336 2340 5393 tenti
2382 5351 2546 5391 manu
2588 5336 2724 5401 Dei,
2768 5352 2929 5407 usque
2961 5334 3066 5407 ipsi
3093 5335 3269 5405 gloria
3316 5343 3371 5390 et
3414 5331 3716 5404 imperium
3750 5335 3807 5389 in

2206 5430 2407 5488 Saecula
2437 5428 2785 5485 smculorum.
2836 5428 3045 5499 Evang.
3099 5427 3397 5484 secundum
3448 5425 3652 5483 Lucam
3680 5441 3803 5495 cap.

2205 5540 2464 5592 cexxxvr,
2512 5525 2681 5579 Erant
2726 5523 3227 5594 appropinquantes
3273 5519 3341 5576 ad
3390 5519 3583 5576 Jesum
3630 5519 3808 5591 publi-

2207 5621 2351 5685 cani,
2387 5635 2545 5687 usque
2574 5617 2954 5690 paenitentiam
2989 5624 3205 5688 agente.

2279 5710 2440 5767 Feria
2473 5728 2511 5766 ιι
2537 5708 2895 5767 llebdomada:
2926 5725 3045 5780 qure
3068 5723 3257 5778 supra.
3286 5706 3477 5764 Lectio
3506 5705 3634 5764 lihri
3664 5707 3807 5777 Apoc

2211 5802 2447 5878 calypsis
2487 5802 3001 5877 JoannisfapOStoli.
3049 5801 3103 5862 In
3127 5799 3322 5861 diebus
3353 5798 3491 5868 illis,
3515 5800 3592 5856 ait
3616 5799 3801 5856 Darni-
