4050 6198
1424 244 1629 305 LIBER
1664 244 1959 305 COMl'l‘lS.
3244 251 3353 311 δη

226 356 406 430 angelo
427 352 819 429 Philadelphia:
841 353 1103 414 Ecclesiae
1125 357 1325 427 scribe,
1350 374 1511 430 usque
1538 362 1651 418 sedi
1678 363 1733 424 Δ
1758 368 1941 416 natum
1971 367 2057 416 est
2082 358 2154 417 ei.
2188 359 2450 433 Evangel.
2495 363 2793 420 secundum
2824 362 2984 424 Joan.
3032 378 3083 422 c.
3129 380 3349 434 cxxxtv,

232 462 374 522 patre
399 465 516 508 meo
539 451 595 507 in
625 450 822 507 throno
851 450 1004 522 ejus,
1035 459 1090 507 et
1124 452 1357 524 reliqua.
1405 454 1650 526 Evange-
1754 452 1869 509 lloc
1899 463 1983 509 est
2011 465 2343 526 praeceptum
2373 472 2579 526 meum,
2632 475 2795 529 usque
2836 458 2891 515 in
2944 459 3169 517 nomine
3227 475 3351 519 meo

230 546 366 617 quod
391 545 486 602 fuit
511 548 563 601 in
594 545 877 602 Dominica
906 545 1153 617 ejusdem
1178 548 1557 609 hebdomadas.
1755 546 1847 603 dct
1873 548 2050 603 vobis.

225 637 296 693 ria
324 653 379 693 ιιι
408 636 762 694 hebdomadas
783 654 904 710 quae
933 654 1123 712 supra.
1146 640 1336 699 Lectio
1360 642 1483 699 libri
1506 644 1651 715 Apo-
1828 657 1883 696 ix
1915 640 2027 696 kal.
2070 641 2179 698 Jul.
2211 642 2409 715 Vigilia
2455 642 2629 699 sancti
2662 642 2889 699 Joannis
2920 642 3198 714 Baptistae.
3244 644 3351 701 Leo

226 731 302 787 .sis
335 730 554 788 Joannis
595 733 854 804 apostoli.
916 733 977 791 In
1028 735 1226 793 diebus
1276 737 1386 793 illis
1421 746 1655 808 quatuor
1756 733 1865 788 ctio
1899 733 2189 791 Hieremiae
2217 736 2521 807 prophetae.
2564 735 2621 790 In
2668 736 2861 791 diebus
2893 736 3001 791 illis
3036 735 3240 791 factum
3271 746 3355 793 est

226 824 321 879 alia
368 824 641 882 mittentes
680 840 922 881 coronas
969 841 1097 885 suas
1124 836 1253 884 ante
1284 828 1539 886 thronum
1572 830 1654 887 di-
1757 828 1984 885 verbum
2015 830 2229 885 Domini
2253 829 2321 885 ad
2373 845 2461 886 me
2512 829 2727 898 dicens,
2774 844 2935 900 usque
2991 828 3249 896 aediﬁces,
3296 836 3352 885 ct

229 932 272 985 s,
299 916 491 990 Dignus
518 934 599 989 es,
632 917 885 987 Domine,
913 937 1075 992 usque
1098 921 1218 993 quis
1248 923 1452 993 poterit
1478 932 1649 979 stare.
1757 919 1991 990 plantes,
2020 922 2095 976 ait
2123 921 2388 977 Dominus
2431 922 2800 993 omnipotens.
2843 919 3109 992 Evangel.
3141 934 3341 975 secuno

225 1011 415 1082 gelium
444 1012 589 1083 quod
611 1011 664 1067 in
691 1012 975 1069 Dominica
998 1012 1242 1084 ejusdem
1271 1015 1649 1071 hebdomadze.
1755 1012 1883 1068 dum
1912 1012 2042 1068 Luc.
2076 1029 2128 1070 c.
2162 1030 2211 1084 ι,
2238 1014 2363 1070 Fuit
2391 1014 2445 1069 in
2480 1014 2673 1071 diebus
2702 1013 2938 1071 llerodis
2960 1014 3103 1085 regis
3128 1012 3350 1081 Jndtczc,

477 1101 747 1174 Incipiunt
782 1104 898 1159 lect.
930 1105 1122 1159 mensis
1154 1119 1227 1160 tv.
1755 1122 1915 1177 usque
1945 1108 2159 1177 plebem
2204 1108 2521 1177 perfectam.

225 1196 295 1251 ria
324 1210 395 1251 tv.
438 1193 518 1251 Ad
558 1203 800 1251 sanctam
845 1195 1092 1250 Mariam.
1138 1196 1324 1253 Lectio
1369 1196 1498 1253 libri
1546 1197 1650 1255 Sa-
1825 1197 1956 1254 Item
1980 1200 2034 1254 in
2064 1200 2153 1256 die
2181 1217 2272 1256 vnt
2321 1201 2427 1257 kal.
2459 1202 2567 1258 Jul.
2612 1204 2804 1260 Lectio
2846 1204 3005 1260 Isaiae
3049 1204 3353 1275 prophetae.

225 1288 303 1344 ite.
350 1286 559 1359 Diligite
602 1287 869 1357 jusﬁtiam
906 1289 996 1357 qui
1025 1286 1314 1358 judicatis,
1348 1306 1509 1361 usque
1545 1289 1651 1346 hoc
1753 1292 1881 1348 Hinc:
1903 1292 2035 1348 dicit
2062 1294 2351 1364 Dominus,
2404 1296 2625 1364 Audite,
2664 1297 2874 1363 insulae,
2922 1313 3083 1367 usque
3131 1304 3187 1353 et
3234 1310 3359 1351 san-

254 1381 486 1436 continet
531 1380 712 1436 omnia
761 1379 1045 1436 scientiam
1087 1380 1247 1437 habet
1276 1382 1451 1437 vocis.
1514 1382 1648 1439 ltcm
1754 1394 1902 1440 ctum
1951 1385 2121 1441 Israel
2152 1386 2240 1457 qui
2285 1386 2454 1456 elegit
2496 1397 2570 1442 te.
2612 1387 2877 1457 Evangel.
2925 1387 3225 1443 secundum
3258 1386 3364 1442 Lu-

255 1473 435 1530 Lectio
476 1473 649 1530 Esaia:
696 1471 997 1545 prophetzn.
1044 1473 1172 1530 Ilaec
1199 1473 1333 1531 dicit
1362 1475 1646 1546 Dominus,
1753 1494 1873 1536 eam
1899 1494 2019 1550 cap.
2050 1479 2154 1551 (ut)
2175 1521 2189 1547 ,
2213 1480 2270 1534 In
2298 1479 2391 1535 illo
2434 1490 2702 1550 tempore,
2733 1480 3012 1536 Elisabeth
3037 1490 3219 1536 autem
3256 1480 3360 1536 im-

252 1565 623 1634 Jacob,serve
648 1581 823 1635 meus,
846 1580 1011 1636 super
1036 1566 1444 1637 generationem
1479 1577 1645 1636 tuam,
1754 1571 1956 1642 plctum
1989 1578 2073 1627 est
2123 1581 2334 1643 tempus
2378 1571 2661 1642 pariendi,
2716 1588 2877 1644 usque
2923 1572 3357 1643 redemptionem

246 1657 372 1713 dicit
402 1658 665 1714 Dominus
696 1658 1065 1729 omnipOtens.
1110 1659 1317 1731 Evang.
1347 1659 1648 1715 secundum
1754 1662 1926 1733 plebis
1962 1671 2082 1717 tuae.

229 1770 276 1809 c.
311 1769 469 1824 xcnt,
504 1752 843 1811 Accedentes
875 1753 1127 1825 discipuli
1159 1753 1225 1810 ad
1247 1752 1454 1823 Jesum,
1489 1771 1650 1826 usque
1680 1758 1731 1821 Β
1825 1754 1982 1809 Fcria
2004 1771 2061 1810 ιιι
2088 1754 2440 1811 hcbdomadae
2462 1772 2585 1828 quas
2608 1770 2793 1825 supra.
2826 1754 3018 1812 Lectio
3046 1754 3170 1811 libri
3203 1757 3355 1827 Apo-

226 1848 286 1902 iti
308 1856 453 1902 sunt.
1753 1846 1990 1918 calypsis
2020 1847 2242 1904 Joannis
2273 1848 2525 1918 apostoli.
2557 1848 2616 1903 in
2647 1848 2838 1905 diebus
2878 1848 3006 1915 illis,
3056 1863 3179 1903 cum
3231 1863 3362 1918 ape-

226 1942 290 1996 ria
320 1956 351 1996 v
376 1940 731 1998 hebdomadas
760 1956 881 2013 qua:
907 1954 1094 2011 supra.
1136 1939 1328 1996 Lectio
1357 1939 1481 1995 libri
1509 1941 1655 2010 Apo-
1754 1940 1953 1996 ruisset
1979 1940 2215 2011 sigilltnn
2245 1942 2563 2012 septimum,
2595 1958 2755 2012 usque
2784 1957 2963 2012 neque
2994 1958 3020 1995 a
3041 1941 3198 1997 furtis
3216 1940 3347 1997 suis.

227 2034 303 2090 sis
350 2032 577 2090 Joannis
624 2033 879 2104 apostoli.
922 2032 981 2088 In
1022 2033 1218 2089 diebus
1246 2033 1354 2091 illis
1381 2031 1492 2088 vidi
1525 2047 1655 2103 qua-
1755 2032 2017 2104 Evangel.
2047 2033 2343 2090 secundum
2375 2035 2567 2090 Matth.
2600 2051 2724 2106 cap.
2780 2036 3025 2109 (xxxvi),
3082 2037 3224 2091 Dixit
3266 2036 3357 2092 Je-

225 2128 429 2199 tngelos
466 2137 674 2184 stantes
716 2142 885 2198 super
911 2127 1137 2199 angulos
1161 2137 1343 2191 terrae,
1374 2143 1534 2199 usque
1563 2143 1656 2183 ex-
1756 2139 1850 2181 sus
1876 2125 2155 2195 discipulis
2185 2126 2319 2192 suis,
2353 2136 2475 2182 esto
2503 2128 2853 2183 consentiens
2889 2128 3209 2184 adversario
3242 2136 3359 2197 tuo,

225 2236 233 2273 ι
272 2221 437 2287 ιυριιε
485 2235 705 2276 omnem
759 2219 1061 2291 lacrymam
1118 2234 1183 2275 ex
1227 2219 1398 2274 oculis
1442 2233 1654 2274 eorum.
1757 2234 1919 2289 usque
1946 2217 2071 2288 quia
2101 2228 2273 2273 totum
2305 2233 2508 2289 corpus
2542 2229 2691 2275 tuum
2718 2228 2805 2275 eat
2836 2219 2888 2274 in
2917 2220 3251 2290 gehennam.

225 2312 451 2384 gelium_
487 2312 638 2385 quod
696 2312 751 2369 in
825 2311 1107 2368 Dominica
1158 2310 1403 2384 ejusdem
1448 2310 1659 2367 bebdo-
1831 2328 1904 2367 vn
1932 2311 2041 2369 kal.
2074 2311 2179 2368 Jul.
2220 2312 2416 2383 Vigilia
2447 2313 2674 2370 Joannis
2703 2323 2759 2370 et
2784 2313 2959 2369 Pauli.
2989 2314 3121 2370 Item
3165 2315 3218 2370 in
3245 2314 3356 2372 die.

226 2426 250 2459 τ.
1761 2401 1997 2475 chuire
2026 2403 2315 2474 epistolam
2338 2414 2393 2461 et
2443 2405 2791 2478 Evangelium
2833 2405 2977 2478 quod
3008 2416 3093 2463 est
3134 2407 3189 2462 in
3221 2407 3359 2479 aliis

225 2496 285 2552 'ia
314 2510 388 2553 vr.
417 2495 605 2553 Lectio
650 2492 809 2552 Johel
840 2495 1154 2569 pr0pltetaa.
1200 2495 1329 2553 Marc
1376 2496 1516 2553 dixit
1552 2494 1660 2551 Do-
1761 2508 2095 2555 sanctorum.

225 2607 235 2644 ι
278 2591 422 2647 Deus
444 2636 457 2661 ,
492 2591 805 2659 Exsultate,
852 2590 951 2646 ﬁlii
995 2590 1125 2646 Sion
1150 2630 1166 2658 ,
1216 2607 1377 2661 usque
1422 2590 1658 2661 populus
1834 2589 1992 2646 Feria
2024 2606 2075 2645 tv
2106 2590 2463 2646 hebdomadze
2485 2607 2606 2661 qua:
2627 2606 2818 2662 supra.
2852 2590 3041 2647 Lectio
3070 2590 3195 2648 libri
3220 2590 3359 2663 Apo‘

237 2684 289 2739 in
316 2693 605 2753 aeternum,
639 2684 711 2739 ait
749 2682 1017 2739 Dominus
1044 2683 1415 2753 omnipotens.
1446 2682 1655 2754 Evaug.
1761 2681 1992 2753 calypsis
2019 2681 2243 2737 Joannis
2273 2682 2529 2753 apostoli.
2573 2682 2630 2737 In
2674 2682 2871 2739 diebus
2915 2682 3021 2740 illis
3048 2683 3158 2739 vidi
3188 2684 3357 2739 alium

229 2778 357 2834 dum
390 2778 591 2835 Lucam
622 2793 744 2848 cap.
776 2794 1033 2833 CLXXIV).
1068 2818 1081 2832 .
1116 2817 1131 2832 .
1169 2818 1181 2831 .
1218 2814 1233 2831 .
1268 2818 1283 2833 .
1322 2816 1337 2832 .
1371 2815 1386 2833 .
1421 2816 1436 2832 .
1762 2774 2015 2844 angelum
2046 2772 2239 2829 fortem
2270 2773 2693 2830 descendentem
2720 2772 2789 2830 de
2814 2774 2977 2841 coelo,
3008 2791 3170 2845 usque
3190 2773 3359 2831 dede-

226 2874 367 2928 ibato
413 2874 467 2928 in
511 2888 586 2928 xtt
633 2872 977 2929 lectionibus.
1027 2871 1106 2927 Ad
1132 2882 1380 2927 sanctum
1409 2870 1656 2926 Petrum.
1764 2873 1895 2922 runt
1927 2864 2153 2937 gloriam
2188 2866 2299 2921 Deo
2327 2867 2474 2925 caeli.
2510 2866 2774 2939 Evangel.
2823 2867 3120 2923 secundum
3165 2866 3364 2925 Lucam

226 2984 241 3023 )
281 2966 440 3023 Johcl
482 2966 781 3038 pr0phetze.
834 2966 960 3022 Haec
1008 2964 1140 3020 dicit
1186 2964 1447 3020 Dominus
1493 2964 1659 3030 Deus,
1765 2974 1886 3030 cap.
1915 2975 2175 3028 CLXXXVI,
2216 2959 2381 3016 Erant
2426 2960 2924 3031 appropinquantes
2956 2959 3024 3015 ad
3052 2959 3236 3017 Jesum
3270 2978 3366 3032 pu-

225 3065 290 3120 de
317 3064 387 3121 de
414 3064 612 3135 spiritu
642 3079 765 3119 meo
788 3077 951 3134 super
975 3078 1192 3119 omnem
1224 3078 1467 3131 carnem,
1499 3076 1662 3132 usque
1768 3054 1970 3111 blicani
2001 3065 2055 3110 et
2082 3067 2423 3126 peccatores,
2466 3071 2623 3127 usque
2655 3055 3031 3125 paenitentiam
3060 3064 3273 3127 agente.

225 3176 235 3213 ς
264 3159 356 3230 qui
386 3157 721 3214 invocaverit
748 3172 946 3212 nomen
973 3155 1186 3211 Domini
1209 3156 1391 3213 salvus
1418 3157 1540 3211 erit.
1693 3149 1741 3214 C
1841 3162 1879 3202 lt
1911 3146 2033 3202 idus
2056 3146 2166 3203 Jul.
2197 3147 2254 3202 In
2290 3147 2456 3203 natali
2501 3148 2674 3203 sancti
2721 3147 3000 3217 Basilidis,
3033 3147 3282 3215 Naboris,
3314 3159 3369 3206 et

226 3268 266 3306 ιι
319 3249 411 3306 ubi
454 3264 648 3321 supra.
694 3247 881 3305 Lectio
916 3247 1041 3304 libri
1086 3247 1330 3304 Levitici.
1392 3247 1448 3303 in
1478 3246 1667 3304 diebus
1768 3240 1985 3298 Nazari.
2012 3240 2342 3297 Lcetiolibri
2369 3241 2682 3311 Sapientiae.
2709 3239 2893 3296 Timor
2922 3240 3133 3296 Domini
3155 3240 3368 3298 initium

225 3356 416 3400 oculus
447 3352 531 3399 est
559 3341 818 3398 Dominus
842 3341 907 3397 ad
932 3341 1152 3413 Moysen
1176 3341 1392 3408 dicens,
1421 3341 1667 3414 Loquere
1769 3333 2100 3403 dilectionis,
2129 3352 2291 3406 usque
2315 3335 2527 3406 species
2569 3335 2623 3390 in
2671 3344 3050 3390 ornamentum
3082 3334 3278 3391 domus
3306 3337 3370 3392 il-

226 3450 299 3491 .us
330 3434 500 3491 lsrael
527 3476 543 3498 .
574 3444 629 3492 et
654 3432 806 3490 dices
834 3435 898 3488 ad
925 3449 1021 3489 eos
1046 3479 1059 3503 ,
1088 3433 1218 3489 Cum
1248 3434 1474 3505 ingressi
1504 3433 1669 3489 fueri-
1772 3426 1896 3483 lius.
1925 3428 2132 3499 Evang.
2166 3428 2466 3483 secundum
2495 3426 2653 3481 Joan.
2697 3442 2817 3498 cap.
2860 3443 3008 3494 xxiv,
3042 3427 3171 3484 Erat
3199 3428 3364 3485 homo

225 3546 389 3598 rrum,
421 3546 584 3601 usque
612 3530 663 3584 in
695 3529 905 3585 cunctis
929 3527 1255 3584 habitaculis
1280 3537 1332 3584 et
1364 3529 1670 3599 generatio-
1771 3536 1838 3576 ex
1867 3520 2175 3592 Ριιπὶεωῖεν
2212 3537 2373 3591 usque
2406 3518 2601 3574 habent
2627 3520 2795 3574 Vitam
2826 3528 3112 3576 ἱεῐοΐιιειῐη·

258 3623 483 3692 vestris,
511 3620 589 3676 ait
620 3620 880 3676 Dominus
911 3621 1273 3690 omnipotens.
1846 3616 1999 3672 Feria
2031 3631 2083 3670 vt
2116 3614 2471 3671 ltebdotnadze
2504 3629 2626 3685 qua:
2667 3628 2856 3685 supra.
2890 3615 3076 3671 Lectio
3104 3614 3370 3687 Epistolas

226 3733 267 3772 ῃ
298 3714 390 3772 ubi
418 3730 605 3785 supra,
636 3714 823 3771 Lectio
861 3714 981 3771 libri
1010 3713 1438 3784 Deutcronomii,
1471 3713 1527 3770 In
1555 3714 1675 3772 dio.
1774 3706 1920 3763 beati
1949 3705 2193 3777 ApOsloli
2216 3704 2281 3761 ad
2311 3704 2691 3762 Colossenses.
2723 3705 2971 3777 Fratres,
3002 3724 3163 3765 omne
3198 3710 3373 3781 quod-

225 3809 305 3863 llis
326 3807 466 3863 dixit
482 3806 716 3879 Moyses,
734 3805 896 3876 Audi,
927 3805 1092 3863 Israel
1110 3849 1125 3875 ,
1147 3822 1267 3877 qua:
1293 3821 1395 3877 ego
1419 3807 1674 3878 praecipio
1776 3814 2006 3869 cumque
2038 3798 2214 3853 facitis
2240 3799 2295 3854 in
2325 3800 2492 3855 verbo
2521 3806 2616 3854 aut
2642 3799 2696 3854 in
2723 3814 2911 3870 opere,
2945 3817 3102 3871 usque
3127 3802 3365 3858 retribu-

232 3901 385 3971 odie,
419 3918 580 3972 usque
606 3901 869 3957 Dominus
896 3899 1040 3957 Deus
1071 3910 1193 3956 tuus
1216 3900 1429 3957 dederit
1457 3900 1573 3956 tibi.
1780 3894 1981 3950 tionem
2009 3892 2347 3951 haereditatis
2394 3908 2494 3964 per
2526 3892 2713 3950 Jesum
2758 3891 3035 3950 Christum
3081 3895 3372 3952 Dominum

225 4012 271 4049 ιιι
306 3994 401 4051 ubi
444 4009 631 4065 supra.
689 3993 879 4050 Lectio
926 3993 1052 4049 libri
1094 3992 1344 4049 Levitici.
1396 3992 1453 4047 in
1485 3992 1676 4047 diebus
1781 3997 2048 4043 nostrum.
2080 3986 2343 4058 Evangel.
2376 3987 2674 4043 secundum
2702 3987 2850 4044 Marc
2885 4004 2935 4045 c.
2966 4005 3094 4055 cxx,
3124 3990 3257 4047 Cum
3286 3991 3372 4046 in-

226 4087 372 4142 dixit
421 4087 683 4142 Dominus
732 4085 801 4141 ad
856 4085 1079 4157 Moysen
1109 4125 1125 4152 ,
1181 4085 1239 4142 Si
1287 4086 1340 4141 in
1391 4086 1679 4157 praeceptis
1784 4090 1981 4137 trasset
2008 4081 2166 4137 Jesus
2185 4079 2620 4153 Hierosolymam
2640 4080 2695 4135 in
2716 4082 2998 4154 templum,
3025 4083 3377 4154 usquequod-

237 4180 677 4250 ambulaveritis,
710 4198 869 4253 usque
898 4178 1050 4238 eritis
1079 4181 1314 4253 populus
1347 4197 1517 4249 meus,
1548 4180 1681 4238 dicit
1781 4190 2014 4245 cumque
2046 4173 2247 4230 dixerit
2284 4174 2398 4241 fiat,
2431 4173 2523 4230 ﬁet
2552 4174 2623 4231 ei.
3355 4172 3358 4176 “

234 4290 336 4331 nus
368 4275 738 4346 omnipotens.
1784 4306 1791 4331 ε
1856 4272 2091 4329 Sabbato
2122 4269 2480 4327 hebdomadzn
2514 4286 2698 4341 supra,
2739 4286 2870 4325 xvtu
2900 4267 3011 4325 kal.
3042 4270 3154 4326 Jul.
3185 4270 3244 4327 ιιι
3278 4287 3379 4327 na-

226 4383 277 4421 m
310 4366 405 4422 ubi
450 4381 634 4437 supra.
669 4365 766 4422 llic
807 4366 999 4439 legitur
1029 4364 1217 4424 Daniel
1266 4363 1553 4438 prepheta.
1580 4363 1683 4423 Le-
1785 4364 1880 4421 tali
1908 4375 2113 4420 sancta:
2146 4363 2427 4419 Fcliculte.
2466 4362 2651 4420 Lectio
2683 4364 2808 4419 libri
2838 4363 3151 4435 Sapientiae.
3179 4364 3385 4421 Lucer-

226 4457 474 4529 Spistolaa
500 4458 643 4514 beati
685 4457 839 4515 Pauli
862 4460 1096 4530 apostoli
1125 4460 1191 4515 ad
1218 4457 1515 4515 Romanos.
1548 4458 1683 4513 Fra-
1786 4477 1854 4517 na
1878 4461 2172 4531 splendens
2200 4474 2366 4531 super
2392 4458 2781 4515 candelabrum
2810 4468 3083 4525 sanctum,
3114 4459 3381 4530 usquequi

229 4551 527 4623 iustiﬁcati
557 4566 625 4607 ex
658 4551 796 4619 ﬁde,
830 4567 1019 4624 pacem
1061 4552 1360 4609 habeamus
1387 4551 1454 4606 ad
1486 4550 1677 4621 Deum,
1707 4551 1762 4613 Ι)
1789 4554 2039 4625 laqueum
2071 4553 2179 4609 alio
2210 4553 2403 4622 tendit,
2458 4551 2658 4623 peribit
2685 4551 2741 4605 in
2774 4550 2887 4605 illo.
2932 4550 3144 4621 Evang.
3184 4565 3381 4607 secun-

225 4661 234 4695 ε
278 4660 379 4716 per
425 4643 690 4715 Spiritum
735 4652 987 4700 sanetum
1037 4645 1127 4715 qui
1166 4644 1325 4700 datus
1369 4653 1454 4701 est
1502 4642 1681 4698 nobis.
1788 4647 1914 4703 dum
1944 4647 2129 4702 Matth.
2161 4663 2209 4701 c.
2241 4661 2365 4712 exc,
2402 4645 2546 4700 Dixit
2573 4645 2732 4699 Jesus
2767 4642 3054 4713 discipulis
3084 4642 3196 4699 suis
3225 4659 3383 4715 para-

232 4755 285 4809 g.
317 4735 622 4793 secundum
645 4734 835 4791 Matth.
868 4750 919 4791 c.
949 4751 1071 4802 ccv,
1104 4735 1433 4808 Egrediente
1457 4734 1586 4791 Jcsu
1618 4736 1686 4791 ab
1790 4740 1969 4795 bolam
2001 4740 2164 4807 hanc,
2201 4738 2395 4793 Simile
2435 4746 2519 4793 est
2549 4751 2778 4808 regnum
2828 4735 3092 4792 caelorum
3127 4736 3383 4795 thesauro

225 4832 320 4901 ho,
349 4849 513 4906 usque
536 4831 708 4889 secuti
736 4841 865 4887 sunt
893 4846 1043 4887 eum.
1792 4832 2139 4899 abscondito,
2175 4847 2333 4901 usque
2355 4844 2489 4884 nova
2520 4839 2577 4884 et
2601 4839 2811 4883 vetera.
2860 4870 2863 4875 η

232 4935 508 4994 bdomada
552 4951 585 4990 ν
617 4942 741 5006 post
788 4932 1170 4989 Pentecosten.
1222 4929 1408 4985 Lectio
1438 4927 1691 4999 Epistolte
1868 4925 2220 4982 Hebdomada
2249 4941 2299 4979 vr
2346 4933 2466 4994 post
2492 4923 2875 4979 Pentecosten.
2904 4921 3095 4980 Lectio
3139 4926 3385 4998 epistolae

254 5030 413 5087 Pauli
460 5028 694 5100 apostoli
741 5027 811 5083 ad
838 5027 1132 5081 Romanos.
1166 5022 1410 5087 Fratres,
1436 5020 1690 5076 existimo
1794 5017 1935 5075 beati
1968 5016 2115 5072 Petri
2140 5014 2391 5086 apostoli.
2425 5013 2763 5079 Charissimi,
2801 5029 2993 5071 omnes
3019 5018 3302 5075 unanimes
3330 5020 3385 5075 in

226 5152 229 5178 ι
262 5123 415 5196 quod
446 5138 558 5179 non
588 5129 719 5178 sunt
745 5118 1031 5191 condigna:
1058 5116 1369 5189 passiones,
1402 5130 1561 5183 usque
1588 5128 1687 5169 ex-
1797 5109 2046 5166 oratione
2092 5114 2288 5175 estote,
2338 5122 2496 5175 usque
2550 5105 2837 5162 Dominum
2886 5116 3066 5165 autem
3113 5108 3388 5167 Christum

225 5228 403 5276 latttcs
442 5216 873 5288 redemptionem
914 5211 1159 5285 corporis
1192 5208 1365 5266 nostri
1392 5209 1445 5264 in
1475 5204 1693 5263 Christo
1798 5199 2134 5259 sanctiﬁcate
2165 5199 2217 5253 in
2256 5198 2512 5254 cordibus
2561 5196 2780 5252 vestris.
2836 5199 3042 5273 Evang.
3090 5202 3388 5257 secundum

267 5314 511 5371 Domino
540 5320 752 5369 nostro.
799 5310 1008 5381 Evang.
1054 5304 1358 5364 secundum
1412 5302 1611 5358 Lucam
1639 5316 1689 5358 c.
1800 5296 1931 5354 Luc.
1966 5309 2088 5364 cap.
2118 5308 2266 5360 xxix,
2296 5292 2428 5347 Cum
2454 5290 2625 5346 turbae
2654 5289 2927 5349 intuerent
2958 5293 3025 5349 ad
3064 5294 3275 5362 Jesum,
3300 5312 3383 5351 us-

228 5406 381 5462 Dixit
414 5405 576 5463 Jesus
602 5402 882 5474 discipulis
922 5401 1059 5468 suis,
1094 5399 1284 5455 Estote
1326 5412 1456 5469 ergo
1487 5392 1698 5451 miseri-
1804 5408 1827 5461 (λ

1404 5412 1456 5469 go
1487 5392 1698 5451 miseri-
1804 5405 1903 5461 que
1931 5386 2137 5443 relictis
2165 5382 2440 5448 omnibus,
2470 5381 2642 5438 secuti
2672 5394 2799 5438 sunt
2830 5386 3003 5441 illum.

231 5518 316 5569 es,
348 5517 514 5573 usque
546 5499 807 5556 festucam
833 5495 900 5551 de
931 5493 1090 5551 oculo
1114 5491 1301 5549 fratris
1332 5492 1432 5546 tui.
1830 5572 1839 5573 7
1874 5495 1965 5536 xtv
1999 5477 2106 5533 kal.
2141 5474 2471 5573 Jul._l‘iatale
2496 5484 2818 5573 sanctorum
2845 5476 3130 5573 Marcimet
3158 5475 3396 5573 Marcel-

230 5567 356 5650 idus
380 5567 513 5651 Jun.
540 5590 734 5648 Natale
759 5598 1075 5647 sanctorum
1109 5583 1278 5642 Primi
1318 5593 1372 5640 et
1413 5579 1699 5640 Feliciani.
1804 5572 1935 5631 liani
1958 5580 2013 5627 et
2036 5577 2242 5627 sanctae
2268 5568 2490 5625 Marius:
2518 5567 2762 5638 virginis,
2794 5567 2982 5625 Lectio
3010 5569 3133 5626 libri
3164 5569 3398 5642 Sapien-

226 5689 282 5743 io
323 5686 456 5743 libri
488 5684 804 5757 Sapientiae.
831 5681 1083 5739 Transite
1130 5678 1199 5735 ad
1251 5693 1361 5746 me,
1395 5690 1584 5732 omnes
1613 5672 1707 5746 qui
1806 5668 1916 5727 tiae.
1956 5664 2165 5757 Lingua
2210 5662 2545 5757 sapientium
2588 5670 2766 5757 ornat;
2774 5663 3083 5757 scientiam,
3125 5682 3286 5737 usque
3310 5667 3403 5739 qui

225 5781 438 5857 :upistis
470 5752 582 5855 me,
616 5795 779 5855 usque
822 5776 948 5838 ﬁdei
996 5783 1179 5836 autem
1205 5771 1453 5849 .initium‘
1482 5767 1707 5844 aggluti-
1809 5773 1824 5823 ε

1809 5757 2055 5834 sequitur
2078 5753 2348 5833 justitiam
2389 5752 2636 5830 diligitur
2673 5767 2704 5812 a
2733 5752 2987 5819 Domino.
3020 5756 3284 5834 Evangel.
3312 5772 3399 5818 se-
