4050 6198
518 240 626 299 515

1580 234 1638 289 S.
1679 230 2054 288 lllliRONYMl
2092 230 2373 289 OPERUM
2412 227 2774 287 MANTlSSA.

3727 228 3829 287 5M

517 361 794 418 cundum.
823 358 981 418 Joan.
1002 370 1052 411 c.
1077 364 1297 408 cxxxtv.
1330 348 1479 404 Dixit
1501 346 1659 403 Jesus
1683 346 1963 417 discipulis
1992 348 2126 412 suis,
2159 350 2205 408 Α
2236 343 2533 402 secundum
2564 342 2874 397 Malthazum
2907 353 3027 410 cap.
3069 336 3229 411 (ut),
3278 336 3561 395 Attendite
3604 352 3635 393 ει
3685 339 3830 398 [ams

518 452 637 509 Hoc
668 465 757 510 est
790 458 1117 524 praeceptum
1162 458 1366 510 meum,
1416 457 1579 512 usque
1627 439 1682 495 in
1730 438 1954 495 nomine
2000 452 2124 494 meo

526 547 624 603 det
653 549 832 601 vobis.

595 652 695 693 xttt
724 637 836 692 kal.
882 631 990 689 Jul.
1038 628 1229 685 Natale
1277 634 1591 681 sanctorum
1636 624 1864 681 Cervasi
1906 633 1958 680 et
1988 623 2123 679 Pro-

524 731 649 794 tasi,
685 729 876 784 Nazari
922 736 979 781 et
1016 722 1184 789 Celsi,
1218 722 1394 792 pueri.
1426 720 1611 775 LCCliO
1656 720 1774 773 libri
1807 719 2121 789 Sapientiae.

517 824 620 890 Qui
653 820 848 876 timent
878 818 1192 881 Dominum,
1227 830 1331 869 nozt
1357 822 1520 868 erunt
1552 812 1929 876 incredibiles,
1958 827 2122 879 usque

519 914 586 970 ad
619 911 1018 983 respectionetn
1054 908 1197 962 illius
1243 906 1503 961 Dominus
1536 906 1675 959 Dens
1706 915 1913 959 noster.
1944 902 2127 957 Evan-

527 1008 727 1078 gelinm
763 1005 1056 1060 secundum
1085 1001 1286 1057 Lucam
1332 1016 1381 1055 c.
1430 999 1621 1072 (ρων),
1652 999 1799 1055 Dixit
1843 998 2003 1053 Jesus
2050 996 2126 1052 di-

517 1100 740 1169 scipulis
773 1098 905 1161 suis,
942 1097 1052 1150 sint
1082 1095 1257 1149 lumbi
1289 1096 1456 1150 vestri
1500 1095 1803 1164 praecincti,
1848 1109 2009 1165 usque
2038 1107 2124 1150 su-

513 1207 610 1262 per
635 1192 816 1245 omnia
844 1205 965 1258 qua:
992 1188 1255 1257 pass-idet,
1287 1186 1585 1242 constituet
1608 1186 1780 1240 illum.

600 1299 650 1337 tv
679 1280 788 1335 kal.
821 1278 933 1336 Jul.
970 1279 1156 1350 Vigilia
1208 1278 1589 1349 apostolorum
1646 1277 1791 1331 Petri
1850 1285 1903 1331 et
1952 1276 2121 1331 Pattli.

523 1374 710 1431 Lectio
745 1378 975 1429 Actunm
1023 1371 1415 1443 apostolorum.
1457 1370 1511 1425 In
1551 1370 1749 1425 diebus
1781 1368 1887 1424 illis
1928 1369 2125 1424 Petrus

521 1477 577 1523 et
618 1468 856 1523 Joannes
898 1465 1269 1522 ascendebant
1301 1466 1350 1520 iit
1404 1465 1691 1535 templum,
1742 1479 1902 1535 usque
1954 1466 2005 1519 in
2060 1478 2125 1519 eo

523 1561 666 1631 quod
706 1560 1016 1631 contigerat
1046 1560 1151 1614 illi.
1184 1558 1448 1628 Evangel.
1484 1556 1786 1613 secundum
1809 1554 1966 1610 Joan.
2000 1570 2121 1624 cap.

522 1670 769 1719 ccxxv",
804 1654 860 1709 In
894 1653 988 1708 illo
1032 1663 1279 1723 tempore
1323 1650 1463 1706 dixit
1504 1651 1663 1706 Jesus
1697 1649 1897 1704 Petro:
1936 1648 2123 1704 Simon

2232 437 2535 510 prophetis,
2569 451 2737 505 usque
2770 431 2995 487 intrabit
3022 430 3073 487 in
3109 447 3335 503 regnum
3364 433 3654 489 calorum.

2302 534 2480 589 Idibus
2509 531 2655 589 Julii.
2715 531 2906 587 Natale
2945 530 3117 586 sancti
3167 531 3403 604 Cyriaci.
3456 530 3650 587 Lectio
3704 531 3825 591 libri

2230 624 2541 694 Sapientiaz.
2588 622 2778 694 Vigilia
2814 624 3117 677 honestatis
3162 623 3453 677 tahefaciet
3494 638 3713 693 carnes,
3750 643 3827 680 ns-

2226 736 2326 789 que
2357 720 2641 775 enarrabit
2669 718 2912 774 Ecclesia
2964 725 3301 771 sanctorum.
3350 718 3702 789 Evangelium
3748 734 3828 774 se-

2226 814 2461 869 cundum
2490 814 2689 869 Lucam
2723 826 2842 881 cap.
2875 826 3066 878 CCLxx,
3103 810 3263 866 Facta
3296 821 3379 866 est
3425 812 3565 866 inter
3594 810 3828 883 discipu-

2224 906 2304 962 los
2328 908 2627 970 contentio,
2660 923 2820 974 usque
2847 905 3021 960 tribus
3046 902 3259 959 lsrahel
3276 942 3292 959 .

2301 1014 2372 1055 xv
2414 999 2525 1055 kal.
2587 1000 2803 1071 Agusti.
2849 998 3027 1068 Mutis,
3080 998 3354 1069 depositio
3406 999 3580 1055 sancti
3625 1000 3827 1057 Arnum

2234 1092 2588 1149 confessoris.
2632 1092 2823 1148 Lectio
2846 1091 2969 1147 libri
2998 1091 3315 1162 Sapientize.
3342 1092 3484 1148 Audi
3521 1108 3629 1162 me,
3656 1093 3752 1161 fili,
3779 1105 3829 1150 et

2228 1202 2296 1242 ne
2352 1202 2581 1257 Spernas
2642 1203 2749 1255 me,
2796 1204 2953 1255 usque
3003 1201 3067 1241 ue
3106 1200 3319 1257 premas
3379 1186 3526 1242 illum
3572 1197 3629 1243 et
3674 1205 3826 1259 repe-

2232 1283 2415 1335 tendo.
2471 1281 2823 1351 Evangelium
2866 1280 3163 1336 secundum
3206 1282 3444 1336 Marcum
3492 1298 3541 1337 c.
3576 1298 3825 1351 cxxxvtt,

2227 1372 2553 1444 Egrediente
2581 1372 2708 1431 Jesu
2740 1373 2806 1429 de
2840 1375 3063 1445 templo,
3094 1391 3257 1445 usque
3295 1373 3349 1430 in
3395 1374 3552 1430 ﬁnem
3586 1374 3682 1433 bic
3727 1376 3830 1432 sal-

2228 1481 2326 1521 vus
2351 1466 2481 1521 erit.

2302 1560 2456 1615 Feria
2494 1576 2544 1615 tv
2590 1559 2951 1616 hebdomada:
2980 1576 3098 1630 qum
3148 1576 3333 1632 supra.
3379 1560 3567 1619 Lectio
3613 1563 3831 1633 Apoca-

2223 1654 2398 1727 lypsis
2430 1655 2651 1711 Joannis
2681 1655 2935 1724 apostoli.
2972 1653 3025 1709 In
3066 1653 3261 1710 diebus
3313 1655 3419 1710 illis
3462 1664 3693 1729 quartus
3731 1672 3827 1713 an-

522 1748 748 1804 Jiannis
779 1748 960 1818 diligis
987 1762 1094 1811 me,
1127 1762 1287 1816 usque
1317 1744 1722 1809 clariﬁcalurus
1752 1757 1875 1798 esse
1896 1742 2086 1796 Deum.
2158 1738 2201 1799 Β
2230 1752 2385 1820 gelns
2416 1750 2607 1806 effudit
2651 1750 2885 1819 phialam
2916 1766 3069 1804 suam
3104 1750 3154 1804 itt
3186 1750 3386 1817 solem,
3422 1765 3583 1822 usque
3610 1750 3829 1807 abstulit

594 1841 727 1895 Item
761 1843 813 1895 in
847 1840 934 1895 die
966 1854 1023 1895 ιιι
1058 1824 1167 1892 k'al.
1201 1838 1307 1892 Jul.
1342 1837 1526 1891 Lectio
1558 1837 1787 1891 Actuum
1836 1836 2125 1903 apostolo-

526 1950 669 1989 rum.
704 1932 761 1986 In
785 1932 976 1987 diebus
1008 1930 1121 1984 illis
1150 1930 1295 1984 misit
1329 1929 1569 1983 llcrodes
1600 1944 1690 1983 rex
1718 1941 1930 1991 manus,
1958 1942 2121 1996 usque

525 2028 703 2099 plebis
732 2026 1065 2084 Judmorttm.
1118 2023 1376 2093 Evangel.
1412 2021 1709 2077 secundum
1763 2019 1954 2075 Matth.
2002 2033 2123 2088 cap.

525 2122 755 2191 (cum),
811 2117 973 2173 Venit
1003 2116 1167 2173 Jesus
1216 2118 1268 2171 itt
1316 2126 1500 2187 partes
1537 2114 1809 2171 Caesareae
1862 2112 2124 2185 Philippi,

523 2230 685 2286 usque
713 2213 819 2269 erit
844 2211 1083 2267 solutum
1116 2209 1172 2265 itt
1200 2211 1377 2266 caelis.

600 2309 721 2376 Ipso
774 2305 866 2361 die
917 2304 1105 2375 vigilia
1153 2303 1327 2358 sancti
1383 2301 1559 2357 Pauli.
1620 2299 1806 2355 Lectio
1863 2298 2127 2369 Epistolas

530 2402 673 2457 beati
704 2399 856 2454 Pauli
889 2398 1123 2469 apostoli
1161 2397 1227 2452 ad
1270 2396 1508 2460 Galatas.
1548 2394 1789 2457 Fratres,
1820 2404 2004 2447 notum
2034 2407 2128 2444 vo-

530 2496 615 2551 bis
646 2494 785 2549 facio
810 2491 1193 2564 Evangelium.
1242 2489 1507 2561 Evangel.
1540 2487 1685 2559 quod
1717 2487 1770 2541 in
1802 2484 1981 2555 vigilia
2007 2498 2131 2539 san-

528 2590 602 2645 cti
638 2588 813 2644 Petri.

595 2679 731 2737 Item
762 2679 816 2735 itt
858 2678 967 2735 die.
1002 2677 1189 2734 Lectio
1231 2676 1465 2731 Actuum
1496 2674 1893 2745 apostolorum,
1928 2672 1981 2726 in
2009 2670 2126 2727 die-

525 2774 627 2831 bus
656 2774 761 2830 illis
793 2773 996 2829 Saulus
1024 2771 1200 2827 adhuc
1230 2770 1447 2839 Spirans
1494 2768 1789 2834 minarum,
1834 2780 1993 2836 usque
2043 2764 2128 2817 al-

522 2870 747 2927 ﬁrtnaus
769 2870 1025 2942 quoniam
1058 2868 1145 2922 hic
1171 2874 1256 2921 est
1280 2864 1553 2919 Christus.
1585 2863 1789 2931 Evaog.
1824 2859 2128 2915 secundum

523 2967 716 3024 Matth.
750 2982 800 3021 c.
828 2979 986 3028 cxcv,
1019 2961 1167 3016 Dixit
1198 2959 1384 3017 Simon
1416 2959 1606 3013 Petrus
1637 2957 1704 3011 ad
1743 2954 1956 3021 Jesum,
1987 2954 2130 3008 Ecce

523 3076 624 3116 nos
650 3058 971 3129 reliquimus
1003 3054 1210 3117 omnia,
1240 3060 1295 3106 et
1325 3051 1499 3106 secuti
1530 3062 1717 3103 sumus
1744 3055 1821 3113 te,
1851 3061 2012 3117 usque
2051 3043 2126 3099 ti-

522 3162 631 3209 tant
663 3164 922 3207 retentam
955 3147 1279 3221 possidebit.

596 3247 754 3304 Feria
786 3262 836 3303 tv
868 3241 1227 3299 hebdomada:
1265 3256 1387 3311 quae
1434 3251 1621 3307 supra.
1653 3235 1839 3290 Lectio
1870 3232 2125 3305 Epistolze

527 3342 671 3399 lieati
699 3342 852 3397 Pauli
885 3338 1118 3409 apostoli
1149 3336 1216 3391 ad
1252 3336 1630 3391 Colossenses.
1666 3329 1916 3393 Fratres,
1953 3329 2128 3381 indui-

524 3447 578 3493 te
611 3452 705 3492 vos
736 3435 878 3490 sicut
918 3433 1077 3488 eleCti
1110 3428 1232 3495 Dei,
1258 3444 1420 3500 usque
1452 3427 1653 3496 gratias
1676 3432 1903 3492 agentes
1932 3423 2041 3476 Deo
2073 3428 2127 3475 et

523 3531 669 3587 Patri
694 3546 788 3601 per
811 3528 994 3585 Jesum
1020 3527 1299 3582 Christum
1331 3522 1621 3578 Dominum
1650 3529 1922 3575 nostrum.
1949 3516 2125 3571 Evan.

525 3624 634 3694 gel.
668 3621 967 3678 secundum
1012 3621 1210 3675 Lucam
1241 3636 1363 3688 cap.
1402 3630 1559 3681 xcm,
1592 3611 1929 3669 Accedentes
1957 3612 2123 3666 disci-

528 3716 641 3790 puli
668 3716 734 3771 ad
766 3715 953 3770 Jesum
986 3714 1241 3769 dixerunt
1264 3714 1362 3777 illi,
1398 3725 1560 3780 usque
1580 3707 1807 3764 saturati
1840 3714 1987 3764 sunt.

1058 3844 1128 3901 In
1156 3861 1228 3901 xtt
1259 3844 1357 3902 lac.
1392 3845 1590 3916 requir.

590 3983 752 4042 Feria
784 3999 817 4039 v
845 3982 1202 4039 hebdomadas
1229 3998 1344 4051 qu:e
1373 3993 1558 4052 Supra.
1593 3978 1780 4035 Lectio
1809 3979 1938 4034 lihri
1974 3981 2122 4049 Apo-

524 4079 763 4151 calypsis
789 4076 1015 4133 Joannis
1043 4075 1296 4146 apostoli,
1343 4073 1399 4129 In
1448 4073 1639 4129 diebus
1686 4072 1796 4127 illis
1852 4074 2121 4142 septimus

522 4172 747 4245 angelus
778 4172 906 4227 tuba
932 4170 1152 4237 cecinit,
1186 4187 1347 4242 usque
1378 4170 1464 4225 hic
1492 4181 1575 4226 est
1600 4169 1859 4239 patientia
1901 4178 1956 4224 et
1996 4168 2121 4224 finis

522 4276 857 4325 sanctorum.
930 4266 1283 4336 Evangelium
1344 4264 1644 4321 secundum
1719 4263 1919 4320 Lucam
1996 4279 2118 4332 eap.

519 4378 751 4419 CLxxxvt
769 4403 783 4427 ,
810 4362 973 4415 Erant
996 4363 1498 4433 appropinquantes
1520 4358 1585 4413 ad
1609 4357 1794 4414 Jesum
1822 4356 2116 4429 publicanl,

521 4470 683 4524 usque
707 4453 1086 4526 panitentiatn
1120 4446 1336 4524 agente.

587 4552 746 4609 Feria
778 4568 827 4607 vt
852 4550 1209 4607 hebdomade:
1237 4566 1358 4621 quae
1395 4564 1581 4624 supra.
1608 4546 1795 4604 Lectio
1827 4548 1953 4603 lihri
1976 4548 2120 4618 Apo-

520 4644 757 4717 calypsis
786 4642 1015 4699 Joannis
1045 4643 1301 4714 apostoli.
1358 4641 1417 4696 In
1471 4640 1663 4697 diebus
1720 4640 1827 4695 illis
1872 4638 1980 4693 vidi
2031 4640 2118 4694 he-

518 4737 675 4792 stiam
704 4736 1091 4791 ascendentem
1138 4735 1207 4791 de
1238 4744 1407 4797 terra,
1442 4751 1601 4805 usque
1632 4749 1795 4805 opera
1828 4734 1971 4788 enim
1999 4733 2121 4787 illo-

519 4845 639 4884 runt
665 4837 964 4898 sequentur
991 4828 1138 4882 illos.
1167 4828 1516 4897 Evangelittm
1569 4826 1869 4881 secundum
1917 4825 2117 4881 Lucam

518 4937 641 4991 cap.
674 4936 917 4989 ccxxxv,
946 4920 1106 4977 Venit
1138 4922 1205 4975 ad
1252 4920 1439 4975 Jesunt
1474 4921 1556 4975 vir
1595 4919 1684 4974 cui
1726 4935 1921 4975 nomen
1969 4920 2118 4975 Jahi-

518 5028 637 5079 rus,
670 5030 829 5081 usque
853 5013 986 5067 fides
1020 5025 1111 5069 tua
1137 5024 1187 5069 te
1215 5014 1425 5069 salvum
1451 5012 1596 5081 fecit,
1631 5013 1769 5068 vade
1800 5014 1852 5068 in
1887 5028 2036 5081 pace.

702 5104 931 5178 Βιψιίιέ
957 5123 1026 5161 xtt
1066 5108 1161 5163 (ec.
1210 5109 1261 5161 in
1306 5108 1519 5162 sabbato
1548 5108 1734 5161 mensis
1763 5106 1931 5161 Junii.

589 5201 829 5258 Sabbato
857 5200 1211 5256 hebdomadas
1232 5219 1350 5272 qua:
1383 5217 1571 5272 supra.
1604 5200 1790 5256 Lectio
1822 5202 1945 5255 lihri
1974 5201 2117 5271 Apo-

515 5296 752 5367 calypsis
782 5293 1011 5350 Joannis
1041 5294 1296 5363 apostoli.
1328 5294 1385 5349 In
1417 5295 1607 5350 diebus
1648 5295 1753 5351 illis
1778 5294 1886 5349 vidi
1916 5295 2113 5349 nubem

516 5391 829 5455 candidam,
861 5396 914 5443 et
940 5403 1106 5455 super
1137 5388 1359 5453 nubem,
1384 5405 1542 5461 usque
1574 5404 1697 5444 vcra
1730 5398 1782 5445 ct
1807 5388 1950 5459 justa
1976 5390 2117 5457 judi-

514 5484 595 5537 cia
622 5494 732 5539 tua.
756 5480 1111 5549 Evangelium
1130 5482 1425 5537 secundum
1451 5481 1762 5538 Matth-amnt
1789 5499 1909 5554 cap.
1929 5500 2110 5551 cxcm,

516 5578 801 5632 Accedens
830 5574 1051 5646 quidam
1080 5575 1145 5629 ad
1176 5575 1361 5632 Jesum
1392 5578 1467 5632 ait
1508 5578 1617 5647 illi,
1654 5595 1813 5649 usque
1843 5580 1988 5645 veni,
2023 5595 2113 5634 se-

517 5681 684 5737 quere
713 5682 824 5720 me.

590 5756 886 5811 Dominica
922 5763 1045 5822 post
1092 5759 1267 5816 natale
1322 5763 1708 5833 apostolorum.
1761 5763 2113 5834 Etangclium

2149 4516 2203 4578 ῐ)

2233 1859 2321 1899 me
2354 1846 2404 1898 in
2451 1846 2728 1899 desertum
2766 1846 2816 1897 in
2862 1845 3076 1913 spiritu.
3133 1844 3483 1915 Evangelium
3537 1844 3829 1901 secundum

2231 1934 2430 1990 Lucam
2462 1952 2581 2005 cap.
2630 1952 2867 2003 Lxxutt,
2919 1936 3052 1990 Cum
3100 1951 3356 2008 egressus
3386 1946 3535 1993 esset
3576 1937 3738 1994 Jesus
3769 1938 3833 1994 de

2231 2027 2375 2097 navi,
2410 2044 2569 2096 usque
2596 2037 2856 2099 quantam
2894 2028 2967 2082 illi
3010 2028 3232 2084 fecisset
3260 2028 3427 2085 Dens.

2300 2137 2373 2177 xu
2402 2120 2509 2176 kal.
2534 2122 2748 2192 AguSti.
2792 2122 2985 2176 Natale
3009 2133 3209 2177 sanctae
3242 2122 3525 2177 Praxcdis.
3558 2121 3749 2177 Lectio
3774 2123 3833 2178 li-

2232 2215 2315 2269 bri
2352 2214 2673 2283 Sapientize.
2713 2214 2999 2269 Rectorem
3032 2222 3083 2269 te
3116 2223 3434 2283 posuerunt,
3478 2214 3589 2269 noli
3621 2215 3833 2281 extolli,

2230 2322 2390 2375 usque
2419 2305 2868 2361 insectationibus
2910 2314 3187 2375 arguetur.
3239 2305 3590 2373 Evattgelittm
3633 2320 3831 2360 secun-

2230 2398 2358 2453 dum
2388 2398 2694 2455 Matthaeutn
2723 2414 2850 2471 cap.
2881 2414 3004 2464 οη,
3034 2398 3183 2454 Dixit
3223 2398 3386 2454 Jesus
3410 2397 3692 2469 discipulis
3722 2400 3834 2453 suis

2232 2490 2545 2561 parabolam
2581 2490 2741 2558 hanc,
2794 2490 2985 2547 Simile
3018 2500 3102 2548 est
3128 2507 3353 2563 regnum
3401 2492 3666 2549 caelorum
3716 2491 3836 2548 the-

2230 2600 2396 2639 sauro
2427 2584 2749 2639 ahscmnlito
2781 2584 2833 2639 in
2865 2600 3019 2655 agro,
3069 2601 3232 2656 usque
3261 2600 3399 2640 nova
3431 2594 3487 2640 et
3515 2595 3724 2640 vetera.

2306 2677 2458 2732 Feria
2493 2694 2543 2732 ιι
2577 2678 2933 2733 helidomadae
2972 2694 3095 2750 qua:
3142 2693 3334 2751 supra.
3380 2676 3570 2733 Lectio
3618 2677 3831 2749 Apoca-

2231 2770 2402 2841 lypsis
2423 2769 2650 2824 Joannis
2677 2770 2934 2843 apostoli.
2968 2770 3025 2825 ιιι
3049 2769 3243 2826 diebus
3275 2770 3379 2825 illis
3407 2769 3516 2825 vidi
3550 2769 3831 2825 mulierent

2232 2860 2511 2916 sedentem
2552 2874 2714 2931 super
2752 2861 2979 2916 bestiam
3007 2862 3335 2930 eoctineam,
3367 2876 3529 2931 usque
3566 2876 3689 2932 quae
3735 2860 3831 2915 ba-

2232 2954 2327 3009 het
2355 2969 2578 3024 regnum
2622 2968 2786 3023 super
2824 2969 2982 3024 reges
3015 2962 3196 3009 terrae.
3247 2952 3600 3025 Evangelinm
3641 2969 3835 3009 secun-

2231 3045 2358 3101 dum
2388 3044 2588 3101 Lucam
2620 3061 2740 3117 cap.
2775 3061 2966 3115 cxcu,
3004 3046 3149 3101 Dixit
3186 3046 3345 3103 Jesus
3392 3046 3679 3117 discipulis
3722 3048 3833 3102 suis

2153 3126 2199 3188 C
2232 3141 2539 3212 parabolatn
2565 3139 2725 3208 hanc,
2754 3140 2929 3195 Homo
2958 3141 3178 3213 quidam
3208 3150 3327 3197 erat
3347 3141 3520 3207 dives,
3543 3157 3708 3213 usque
3740 3157 3833 3199 ne-

2230 3249 2337 3305 que
2366 3235 2413 3289 si
2437 3235 2559 3304 quis
2586 3249 2651 3289 ex
2689 3236 2919 3290 mortuis
2953 3235 3337 3300 resurrexerit,
3368 3234 3619 3290 credent.

2304 3343 2334 3381 x
2368 3324 2482 3382 kal.
2532 3327 2744 3396 Agusti.
2790 3326 2980 3384 Natale
3012 3329 3190 3383 sancti
3246 3328 3599 3399 Apollinaris.
3648 3326 3835 3385 Lectio

2230 3418 2352 3476 libri
2380 3420 2697 3489 Sapientiae.
2731 3420 2859 3487 Fili,
2894 3422 3014 3477 sine
3038 3422 3266 3477 consilio
3294 3420 3425 3476 nihil
3460 3420 3646 3490 facies,
3676 3440 3836 3493 usque

2229 3525 2284 3569 et
2309 3529 2379 3570 ex
2415 3527 2559 3570 terra
2592 3513 2735 3570 unde
2762 3526 2981 3571 creatus
3010 3524 3096 3571 est
3123 3514 3322 3570 Adam.
3357 3515 3727 3586 Evaugelium‘
3747 3530 3836 3573 sc-

2228 3611 2465 3666 cundum
2499 3611 2747 3683 (Lucam)
2778 3626 2898 3684 cap.
2950 3628 3148 3680 cccxx,
3201 3611 3366 3669 Facta
3414 3623 3495 3669 est
3545 3611 3836 3670 contentio

2228 3702 2373 3760 inter
2399 3704 2722 3777 discipulos,
2748 3721 2911 3778 usque
2944 3707 3117 3763 tribus
3148 3706 3377 3763 Israhel.

2298 3799 2581 3855 Dominica
2636 3816 2685 3856 tv
2748 3811 2871 3872 post
2938 3801 3121 3857 natale
3176 3800 3569 3871 apostolorum.
3644 3799 3836 3858 Lectio

2228 3892 2483 3964 Epistulae
2511 3895 2655 3951 beati
2690 3895 2841 3951 Pauli
2877 3896 3109 3965 apostoli
3143 3895 3209 3952 ad
3253 3896 3553 3952 Romanos.
3587 3894 3831 3964 Fratres,

2228 3983 2360 4040 niltil
2395 4001 2539 4042 nunc
2568 3986 2945 4042 damnationis
2975 3994 3059 4043 est
3084 3985 3168 4042 his
3209 3986 3303 4059 qui
3333 3994 3459 4042 sunt
3512 3990 3564 4042 itt
3609 3983 3834 4043 Christo

2226 4076 2378 4146 Jesu,
2421 4096 2582 4147 usque
2609 4081 2716 4135 vita
2748 4090 2803 4136 et
2844 4096 2951 4150 pax
2995 4080 3046 4135 iit
3079 4077 3295 4135 Christo
3322 4080 3451 4138 Jesu
3468 4079 3699 4136 Domino
3727 4096 3831 4135 no-

2227 4184 2365 4231 stro.
2416 4176 2769 4247 Evangelium
2807 4175 3107 4231 secundum
3136 4174 3338 4230 Lucam
3373 4191 3495 4244 cap.
3526 4191 3653 4242 cxc,
3688 4173 3834 4230 Dixit

2226 4266 2387 4325 Jesus
2420 4269 2703 4339 discipulis
2729 4271 2840 4325 suis
2870 4269 3182 4339 parabolant
3213 4272 3373 4335 hanc,
3414 4268 3588 4323 llonto
3612 4267 3831 4338 quidam

2226 4369 2343 4415 erat
2362 4359 2535 4425 dives,
2562 4362 2653 4431 qui
2680 4360 2916 4416 habebat
2940 4361 3200 4430 villicum,
3231 4377 3389 4432 usque
3407 4359 3620 4416 interna
3647 4359 3829 4415 taber-

2228 4455 2442 4509 nacula.

2300 4562 2395 4602 vttt
2428 4546 2536 4602 kal.
2573 4547 2785 4620 Agttsti.
2830 4547 3020 4605 Natale
3056 4559 3369 4604 sanctorum
3396 4546 3582 4604 Jacobi
3612 4555 3833 4620 aposto-

2227 4638 2293 4706 li,
2347 4640 2728 4712 Cltristophori
2778 4646 3055 4715 martyris.
3105 4641 3173 4697 Et
3217 4639 3500 4697 Ambianis
3547 4639 3835 4695 translatio

2225 4734 2399 4787 sancti
2431 4731 2677 4789 Firmini.
2716 4733 2904 4789 Lectio
2932 4734 3056 4791 libri
3086 4734 3397 4804 Sapientiae.
3424 4732 3611 4788 lllusio
3638 4741 3693 4788 et
3724 4735 3833 4787 int-

2225 4827 2542 4897 properiuzn
2576 4828 2961 4897 snperborum,
3024 4844 3185 4899 usque
3234 4828 3325 4897 qui
3360 4826 3685 4881 interierunt
3732 4839 3839 4896 per

2229 4921 2475 4991 linguam
2509 4936 2684 4975 suam.
2730 4922 3087 4991 Evangeliunt
3132 4919 3428 4975 secundum
3468 4917 3665 4972 Lucam
3707 4932 3836 4987 cap.

2230 5030 2375 5080 (των,
2410 5015 2554 5068 Dixit
2582 5014 2740 5070 Jesus
2769 5014 3053 5082 discipulis
3101 5016 3236 5078 suis,
3288 5012 3410 5067 Sittt
3459 5010 3626 5065 lumbi
3664 5012 3839 5065 vestri

2230 5109 2533 5181 praecincti,
2560 5126 2719 5179 usque
2754 5109 2898 5164 filius
2929 5108 3163 5162 hominis
3193 5108 3359 5161 venit.

2302 5218 2353 5257 tv
2394 5203 2506 5256 kal.
2555 5203 2766 5271 Agusti.
2797 5201 2989 5258 Natale
3019 5212 3336 5257 sanctorum
3366 5196 3583 5263 Felicis,
3607 5195 3843 5268 Simpli-

2228 5294 2320 5361 cii,
2357 5296 2617 5364 Faustini,
2650 5307 2705 5351 et
2734 5297 3019 5352 Beatricis.
3071 5297 3282 5364 Tricas,
3336 5291 3612 5365 depositio
3653 5297 3839 5349 sancti

2230 5389 2364 5459 Lupi
2396 5390 2639 5459 episcopi
2674 5401 2725 5444 et
2754 5389 3111 5446 confessoris.
3137 5390 3329 5445 Lectio
3352 5387 3478 5443 libri
3508 5384 3836 5456 Sapientiae.

2228 5482 2427 5539 Beatus
2455 5484 2543 5553 qui
2576 5491 2749 5535 tectus
2770 5492 2851 5536 est
2874 5496 2902 5534 a
2934 5483 3114 5552 lingua
3144 5497 3398 5553 nequam,
3431 5496 3593 5553 usque
3622 5488 3679 5536 et
3708 5497 3845 5549 pro-

2227 5577 2369 5631 derit
2402 5576 2495 5631 tibi
2525 5575 2692 5644 magis
2738 5588 2898 5643 quam
2955 5589 3169 5629 aurum.
3228 5571 3584 5643 Evangelium
3633 5586 3845 5627 secuti.

2226 5672 2357 5725 dum
2389 5669 2588 5723 Ltlt‘..tltl
2620 5682 2737 5736 cap.
2767 5680 2982 5734 cchtx,
3016 5669 3149 5720 Cum
3181 5666 3467 5723 audieritis
3498 5666 3709 5738 praelia,
3740 5684 3842 5723 us-

2230 5780 2330 5834 que
2374 5761 2718 5833 possidebitis
2748 5761 2959 5814 attintas
2986 5770 3219 5818 vestras.
