4050 6198
1432 283 1639 344 LIBER
1676 284 1971 345 COMITIS.

3270 294 3376 354 518

248 409 346 463 ‘eria
369 424 410 464 tv
434 405 764 465 hebdomadas
793 424 913 480 qua:
943 408 1129 480 Supra.
1160 406 1349 465 Leotio
1378 409 1503 464 libri
1529 410 1670 481 Apo-
1696 412 1750 471 Α
1774 409 1974 464 cissimi
2007 418 2063 464 et
2108 408 2337 479 Acapiti.
2374 406 2557 463 Lectio
2589 406 2711 462 libri
2752 403 3062 481 Sapientizc.
3096 408 3375 467 Retribuit

248 502 349 568 'psis
372 501 560 556 Joannis
590 501 846 569 apostoli.
882 501 939 555 In
983 499 1178 556 diebus
1222 501 1327 556 illis
1359 500 1463 556 vidi
1505 502 1672 556 alium

247 592 375 651 :elum
398 591 791 648 descendentem
833 592 902 648 de
931 592 1091 659 coalo,
1118 593 1405 650 habentem
1440 604 1674 664 putesta-

282 699 509 753 magnam,
557 701 714 754 usque
765 685 1029 755 judicavit
1088 685 1234 741 Deus
1281 687 1543 756 judicium
1581 704 1672 742 ve-

248 794 307 831 ιιι.
339 778 651 848 Evangelium
682 780 827 851 quod
867 781 918 834 in
951 780 1229 835 Dominica
1262 781 1430 852 ipsius
1471 781 1675 837 hebdo-

254 890 291 927 ἱῐξ
298 915 307 927 .

288 968 381 1022 kal.
413 968 600 1039 Agnsti.
635 968 824 1026 Natale
855 978 1168 1026 sanctorum
1198 970 1389 1027 Abdou
1438 979 1497 1026 et
1528 969 1667 1026 Sen-

266 1060 426 1115 Lectio
451 1060 556 1115 libri
597 1061 918 1131 Sapientiae.
946 1060 1051 1128 Qui
1079 1061 1249 1131 diligit
1294 1062 1459 1115 filium
1489 1076 1669 1125 suum,

248 1151 343 1207 luat
380 1151 443 1207 illi
481 1152 703 1223 ﬂagella,
747 1170 906 1221 usque
949 1154 1056 1208 vita
1113 1153 1345 1207 hominis
1382 1152 1672 1207 thesaurus

254 1241 438 1299 deﬁciet
457 1243 777 1297 sanctitatis.
805 1242 1153 1313 Evangelium
1183 1242 1482 1297 secundum
1506 1241 1670 1297 Joan—

267 1352 371 1405 cap.
408 1350 604 1399 cxxxtv,
636 1334 749 1389 Hoc
780 1344 864 1389 est
910 1344 1236 1407 praeceptum
1270 1351 1475 1400 meum,
1510 1352 1672 1408 usque

248 1437 329 1481 unt
358 1441 434 1483 me
467 1426 647 1497 gratis.

248 1519 323 1571 eria
345 1533 401 1571 vi.
422 1517 766 1572 hebdomadas
795 1531 915 1589 qum
946 1533 1127 1590 supra.
1157 1518 1345 1576 Lectio
1374 1519 1492 1575 libri
1527 1522 1670 1583 Apo-

248 1611 337 1675 asis
369 1608 575 1665 Joannis
627 1612 883 1680 apostoli.
936 1611 993 1667 in
1044 1612 1236 1669 diebus
1288 1614 1395 1668 illis
1449 1613 1667 1669 sustulit

254 1703 452 1773 angelus
473 1701 617 1758 fortis
646 1701 906 1773 lapidem,
933 1720 1097 1775 usque
1121 1706 1495 1761 testimonium
1524 1707 1667 1760 enim

1777 501 2003 571 gratiam
2048 500 2140 573 qui
2200 500 2359 557 offert
2408 500 2817 574 similaginem,
2876 519 3032 572 tuque
3080 501 3374 557 obiectabit

1774 596 1953 666 justos
2022 595 2391 651 misericordia
2464 610 2581 650 sua.
2652 592 3003 665 Evangelium
3071 596 3368 651 secundum

1781 690 2146 763 (Matthmnm)
2178 707 2297 758 cap.
2327 706 2550 756 Lxxxvt,
2584 688 2723 743 Di.\it
2746 687 2905 743 Jesus
2929 688 3207 757 discipulis
3236 692 3368 755 suis,

1778 783 1921 839 Ecce
1948 800 2048 854 rgo
2078 785 2235 838 mitto
2262 799 2380 850 vos,
2414 798 2575 852 usque
2604 783 2656 835 in
2694 781 2852 835 finem
2881 779 2969 833 hic
2997 780 3178 835 salvus
3204 779 3327 835 erit.

1853 874 2230 931 Dominica....
2272 874 2481 946 (Lectio
2508 873 2765 944 Epistolas
2795 872 2938 927 beati
2967 871 3113 927 Pauli
3145 872 3372 942 apostoli

1777 967 1844 1021 ad
1870 965 2237 1039 Corinthios.)
2265 967 2507 1030 Fratres,
2535 981 2641 1020 non
2665 967 2840 1019 omnis
2864 980 2991 1018 caro
3014 964 3199 1018 eadem
3223 977 3370 1032 caro,

1777 1075 1937 1128 usque
1960 1058 2157 1113 deinde
2186 1058 2331 1127 qttod
2361 1058 2628 1128 spiritale.
2652 1056 2919 1127 Evangel.
2948 1056 3241 1111 secundum
3270 1054 3372 1109 Lu-

1775 1166 1893 1206 cam
1922 1166 2042 1220 cap.
2078 1166 2255 1218 ccxtv,
2291 1151 2436 1205 Dixit
2466 1149 2626 1206 Jesus
2670 1152 2735 1204 ad
2780 1150 3043 1221 quosdam
3083 1151 3174 1220 qui
3223 1150 3277 1205 in
3311 1163 3369 1205 se

1774 1240 2138 1309 confidebant,
2172 1256 2331 1313 usque
2355 1242 2442 1310 qui
2468 1255 2527 1296 se
2560 1239 2809 1295 hutniliat
2837 1242 3187 1296 exaltabitur.

1848 1349 1904 1387 Vt
1934 1332 2055 1387 idus
2078 1334 2287 1403 Agusti.
2316 1332 2701 1388 Romaenataie
2722 1333 2896 1388 sancti
2925 1336 3159 1405 (Syriaci.
3184 1334 3373 1390 Lectio

1773 1425 1898 1481 libri
1928 1424 2245 1495 Sapientite.
2292 1425 2555 1497 Speciosa
2597 1427 2977 1481 misericordia
3019 1428 3111 1482 Dei
3158 1428 3211 1483 in
3242 1437 3377 1483 tcm-

1773 1534 1906 1589 pore
1940 1517 2323 1585 tribulationis,
2349 1534 2509 1588 usque
2536 1528 2591 1573 et
2626 1517 2977 1574 haereditabis
3006 1531 3102 1573 eos
3138 1518 3280 1574 sicut
3306 1520 3373 1574 ab

1775 1613 1949 1667 initio.
2000 1610 2261 1683 Evangel.
2316 1611 2615 1667 secundum
2671 1610 2984 1666 Mattbaeum
3038 1626 3157 1681 cap.
3206 1625 3371 1678 cxcu,

1776 1706 1927 1761 Dixit
1954 1704 2115 1762 Jesus
2144 1705 2425 1775 discipulis
2455 1705 2590 1760 suis.
2624 1703 2768 1760 Nihil
2796 1716 3047 1776 opertum
3087 1706 3232 1775 quod
3262 1720 3370 1760 non

258 1804 333 1850 cst
360 1796 559 1865 spiritus
602 1795 925 1865 prophetize.
960 1797 1324 1868 Evangelium
1372 1799 1669 1854 secundum
1699 1793 1748 1861 Β
1778 1798 2075 1864 reveletur,
2120 1816 2282 1870 usque
2312 1812 2494 1853 coram
2525 1797 2685 1852 Patre
2711 1814 2832 1852 meo
2863 1800 2951 1869 qni
3001 1800 3051 1853 in
3085 1800 3239 1856 caelis
3266 1810 3373 1855 est.

248 1904 291 1942 tn
324 1902 434 1959 cap.
470 1904 644 1955 cexvr,
675 1887 1037 1958 Respondens
1072 1905 1253 1947 autem
1284 1893 1671 1965 archisynaga-

256 1984 517 2053 ndignans,
549 2001 708 2055 usque
734 2002 854 2058 quae
878 1986 1117 2054 gloriose
1147 1986 1345 2040 fiebant
1375 1986 1443 2042 ab
1475 2002 1559 2041 eo.

247 2078 394 2132 bbato
423 2078 761 2134 hebdomadas
789 2092 910 2150 qua:
933 2094 1115 2147 supra.
1141 2078 1326 2135 Lectio
1360 2079 1480 2134 libri
1527 2079 1672 2150 Apo-

250 2171 320 2225 sis
352 2170 567 2227 Joannis
596 2174 846 2243 apostoli.
880 2174 936 2229 In
969 2173 1165 2230 diebus
1192 2175 1298 2230 illis
1327 2175 1441 2231 vidi
1472 2176 1671 2233 omium

247 2284 348 2335 nm,
391 2278 441 2324 et
466 2284 587 2325 ecce
617 2283 791 2337 equus
836 2271 1013 2339 albus,
1057 2287 1221 2342 usque
1258 2281 1517 2327 saturata:
1550 2281 1677 2327 sunt

247 2358 330 2413 bus
362 2375 560 2414 eorum.
616 2360 971 2431 Evangelinm
1025 2362 1324 2417 secundum
1376 2362 1567 2418 Matth.
1621 2377 1671 2417 c.

249 2466 291 2517 t,
336 2449 564 2520 Vespere
610 2463 790 2508 autem
820 2452 968 2508 facto
998 2464 1352 2510 accesserunt
1387 2454 1453 2509 ad
1491 2454 1674 2511 Jesnm

247 2541 330 2595 ιι]ῐί
377 2542 512 2611 ejus,
569 2559 733 2615 usque
785 2547 935 2615 quasi
982 2546 1225 2617 quinque
1278 2546 1445 2601 millia
1497 2547 1677 2602 homi-

248 2724 424 2781 ninica
458 2743 486 2780 ν
526 2740 648 2799 post
677 2730 857 2785 natale
898 2729 1286 2800 apostolorum.
1320 2731 1511 2788 Lectio
1548 2732 1679 2803 Epi—

268 2817 407 2872 beati
451 2818 603 2874 Pauli
630 2820 863 2889 apostoli
889 2821 955 2876 ad
989 2821 1285 2877 Romanos.
1314 2822 1561 2894 Fratres,
1588 2826 1684 2880 de-

248 2923 279 2963 ss
341 2925 527 2964 sumus
576 2927 682 2967 non
737 2912 907 2980 carni,
957 2930 1115 2984 nsque
1157 2914 1472 2970 cohmrcdes
1502 2925 1683 2972 autem

249 3003 311 3057 ti.
367 3004 719 3075 Erangeiium
777 3006 1075 3061 secundum
1123 3006 1325 3062 Lucam
1375 3022 1491 3078 cap.
1524 3022 1682 3077 cxxt,

256 3112 307 3149 tn
343 3096 476 3166 legis
501 3096 707 3167 peritus
732 3091 992 3164 surrexit,
1034 3115 1203 3168 usque
1240 3110 1295 3155 et
1322 3110 1377 3154 tu
1422 3098 1508 3155 fac
1534 3098 1682 3155 sinti-

247 3284 404 3339 endis
453 3284 668 3354 Agusti.
738 3283 926 3339 Passio
989 3284 1421 3340 Macbabzeornm
1472 3296 1682 3357 septem

252 3392 302 3427 m
336 3387 392 3430 et
421 3385 630 3430 sanetae
662 3374 964 3431 Felicitatis
994 3377 1097 3431 sub
1122 3377 1298 3433 Antic.
1344 3378 1526 3434 Lectio
1559 3380 1682 3435 libri

248 3469 387 3523 alite.
431 3468 490 3522 In
524 3469 874 3525 multitudine
904 3470 1210 3539 disciplina
1244 3472 1476 3536 Domini,
1521 3488 1684 3544 usque

248 3574 336 3614 ine
385 3561 766 3617 itmreditatetn
799 3574 966 3618 tuam.
1014 3562 1151 3619 Item
1202 3565 1364 3619 lectio
1411 3565 1538 3621 libri
1583 3565 1685 3621 Sa-

247 3666 312 3705 te.
351 3652 643 3709 Mulierem
675 3653 867 3710 fortem
909 3655 1029 3725 quis
1058 3656 1297 3712 inveniet
1341 3658 1551 3728 procul,
1598 3676 1685 3713 us-

247 3757 262 3799 t
312 3745 545 3800 laudent
582 3761 702 3801 eam
754 3748 806 3802 in
850 3750 1018 3818 portis
1061 3762 1225 3818 Opera
1257 3748 1393 3819 eius.
1435 3749 1683 3822 Evange-

247 3837 563 3892 secundum
602 3837 791 3893 Matth.
847 3854 963 3910 cap.
1021 3855 1252 3909 CXLVIII,
1299 3840 1470 3896 Jussit
1523 3841 1685 3897 Jesus

247 3930 367 3983 ulos
403 3943 539 3985 suos
580 3930 877 3987 ascendere
916 3933 967 3985 in
999 3931 1301 3987 naviculam
1324 3972 1340 3999 ,
1369 3948 1531 4003 usque
1561 3948 1685 3991 vere

247 4022 341 4078 Dei
374 4038 464 4079 es.

252 4132 349 4172 on.
378 4118 602 4188 Agusti.
630 4116 817 4173 Romae
845 4118 1229 4175 natalesancti
1254 4118 1517 4190 Stephani
1555 4135 1686 4191 pon-

292 4209 497 4265 Lectio
541 4210 667 4266 libri
722 4211 1037 4281 Sapientiae.
1088 4213 1326 4282 Spiritus
1374 4213 1682 4269 timentium

258 4320 354 4358 um
384 4304 683 4374 quaeritur,
717 4322 877 4377 usque
905 4306 1177 4377 depositio
1207 4320 1304 4376 pro
1333 4308 1571 4378 peccatis
1596 4323 1685 4363 rc-

248 4396 375 4449 :ab
432 4398 725 4465 injustitia.
784 4399 1048 4469 Evangel.
1116 4400 1415 4455 secundum
1480 4401 1679 4457 Lucam

247 4505 489 4545 cxxvut.
526 4490 675 4546 Dixit
703 4491 861 4547 Jesus
908 4495 1189 4566 discipulis
1228 4496 1343 4551 suis
1372 4497 1684 4567 parabo'lam

1844 1908 1876 1947 ν
1907 1892 2028 1946 idus
2061 1893 2269 1961 AguSIi.
2310 1891 2503 1961 Vigilia
2535 1892 2706 1945 sancti
2744 1892 3043 1947 Laurentii.
3079 1892 3270 1949 Lectio
3311 1894 3375 1948 li-

1773 1984 1855 2039 bri
1888 1983 2208 2052 Sapientiae.
2255 1980 2571 2037 Confitebor
2602 1982 2721 2049 tibi,
2762 1983 3013 2050 Domine,
3041 1985 3182 2055 Rex,
3215 2002 3377 2057 usque

1776 2077 1845 2133 de
1878 2076 2128 2131 manibus
2150 2074 2434 2144 angustiae.
2458 2074 2717 2144 Evangel.
2742 2076 3042 2129 secundum
3066 2077 3370 2132 Mattltteum

1776 2184 1899 2239 cap.
1946 2184 2068 2223 cex.
2109 2167 2258 2223 Dixit
2287 2166 2449 2222 Jesus
2501 2167 2784 2238 discipulis
2828 2167 2965 2237 suis,
3017 2167 3075 2224 Si
3112 2170 3233 2241 quis
3262 2172 3377 2226 vult

1778 2267 1903 2330 post
1930 2275 2015 2313 me
2044 2259 2251 2327 venire,
2284 2274 2441 2329 usque
2464 2260 2516 2313 in
2549 2272 2721 2329 regno
2747 2273 2868 2313 suo.

1849 2348 1983 2405 Item
2016 2351 2071 2404 in
2100 2350 2209 2413 die,
2244 2365 2296 2404 tv
2330 2350 2450 2405 idus
2477 2352 2686 2421 Agusti.
2724 2349 2907 2406 Lectio
2941 2350 3203 2422 Epistolte
3232 2352 3377 2408 beati

1779 2441 1930 2499 Pauli
1961 2442 2194 2513 apostoli
2223 2442 2288 2496 ad
2320 2442 2654 2500 Corinthios.
2688 2441 2931 2512 Fratres,
2969 2444 3062 2516 qui
3100 2460 3258 2515 parce
3286 2460 3375 2500 se-

1782 2537 1972 2601 minat,
2007 2551 2168 2606 usque
2194 2534 2405 2604 frugum
2426 2535 2651 2605 justititc
2674 2547 2888 2593 vestrm.
2916 2538 3268 2609 Evangelium
3292 2553 3381 2595 se-

1784 2627 2019 2682 cundum
2061 2625 2220 2682 Joan.
2255 2642 2375 2696 cap.
2406 2642 2512 2682 ctv.
2542 2627 2690 2683 Dixit
2716 2629 2875 2685 Jesus
2901 2630 3186 2701 discipulis
3240 2633 3373 2687 suis.

1783 2719 1895 2775 Nisi
1955 2735 2179 2790 granum
2222 2720 2519 2790 frumenti,
2572 2738 2734 2793 usque
2780 2722 2941 2780 Pater
2989 2739 3142 2782 meus
3180 2728 3272 2799 qui
3322 2726 3378 2782 in

1786 2818 1940 2874 cmlis
1974 2826 2081 2874 est.

1861 2926 1919 2965 ιιι
1948 2911 2068 2965 idus
2094 2910 2305 2982 Agusti.
2339 2910 2526 2967 Romae
2559 2913 2739 2969 natale
2776 2922 3088 2969 sanctorum
3120 2912 3377 2983 Tiburtii,

1794 3000 2085 3071 Valeriani,
2118 3003 2347 3074 Cetiiitc,
2379 3005 2663 3073 SuSannte,
2688 3006 2957 3062 Cassiani.
2995 3007 3382 3064 EtCamaraco

1793 3096 2063 3165 depositio
2104 3098 2277 3152 sancti
2310 3098 2613 3169 Gaugerici.
2652 3097 2838 3156 Lectio
2861 3100 2981 3155 libri
3024 3102 3382 3172 Apocalypsis

1702 3190 1758 3254 ‘C
1794 3190 2017 3247 Joannis
2046 3192 2299 3262 apostoli.
2322 3190 2379 3245 In
2410 3192 2603 3248 diebus
2634 3193 2739 3248 illis
2772 3193 2880 3248 vidi
2907 3192 3103 3249 ostium
3133 3206 3380 3265 apertum

1790 3282 1844 3336 in
1904 3280 2075 3349 caelo,
2135 3299 2295 3353 usque
2354 3283 2615 3339 fortitudo
2660 3283 2774 3341 Deo
2837 3297 3027 3340 nosttro
3081 3286 3133 3340 in
3188 3286 3384 3341 saecula

1786 3377 2133 3433 saeculorum.
2187 3380 2383 3432 Amen.

1860 3469 1990 3523 Item
2014 3467 2181 3523 lectio
2209 3468 2335 3522 libri
2360 3468 2671 3537 Sapientim.
2696 3468 2928 3525 Stabunt
2950 3470 3083 3539 justi
3104 3470 3162 3526 in
3190 3487 3384 3544 magna

1778 3560 2117 3623 constantia,
2149 3575 2309 3630 usque
2350 3560 2493 3615 inter
2518 3574 2738 3617 sanctos
2765 3576 2889 3617 sors
2921 3564 3136 3619 illorum
3167 3574 3272 3622 est.

1862 3653 1994 3708 Item
2026 3652 2191 3707 lectio
2218 3652 2343 3708 libri
2384 3652 2699 3725 Sapientiae.
2754 3654 2961 3712 Reddet
2994 3656 3136 3713 Deus
3179 3673 3387 3714 merce-

1786 3745 1951 3812 dem,
2020 3760 2188 3816 usque
2255 3744 2609 3802 Iaudaverunt
2664 3749 2898 3819 pariter,
2959 3748 3187 3808 Domine
3245 3751 3386 3809 Deus

1788 3848 1994 3896 noster.

1864 3932 2069 4003 Evang.
2112 3933 2408 3990 secundum
2450 3934 2609 3991 Joan.
2633 3951 2755 4008 cap.
2787 3953 3003 4005 cxxxtv,
3037 3940 3184 3996 Dixit
3227 3940 3387 3999 Jesus

1788 4026 2073 4097 discipulis
2099 4027 2234 4093 suis,
2270 4028 2385 4084 Hoc
2421 4040 2502 4085 est
2534 4039 2863 4102 praeceptum
2892 4048 3096 4100 meum,
3124 4049 3288 4105 usque
3331 4034 3386 4092 in

1791 4122 2017 4177 nomine
2045 4135 2168 4177 meo
2198 4122 2289 4177 det
2314 4123 2492 4179 vobis.

1858 4214 1990 4270 Item
2020 4214 2372 4287 Evangeliutn
2406 4216 2702 4272 secundum
2748 4217 3060 4274 Mattbacum
3100 4233 3221 4287 cap.
3263 4236 3385 4291 exn,

1790 4305 1938 4361 Dixit
1963 4306 2121 4363 Jesus
2164 4308 2446 4378 discipulis
2490 4312 2604 4365 suis
2638 4310 2959 4381 ‘paraboiam
3000 4310 3159 4381 hanc,
3202 4310 3390 4368 Simile

1790 4410 1877 4457 est
1924 4416 2147 4471 regnum
2197 4403 2459 4458 caelorum
2510 4403 2769 4458 thesauro
2821 4403 3175 4471 abscondito,
3229 4419 3390 4474 usque

1790 4510 1935 4551 nova
1974 4505 2029 4552 Εῐ
2074 4505 2280 4552 vetera.

252 4583 447 4639 Homo
478 4585 706 4656 quidam
747 4586 945 4642 nobilis
988 4589 1124 4643 abiit
1157 4590 1208 4643 in
1254 4592 1531 4660 regionem
1566 4590 1683 4645 ion-
1709 4588 1764 4651 1)
1860 4605 1896 4643 ιι
1937 4590 2055 4644 idus
2098 4592 2308 4661 Agnsti.
2362 4588 2556 4645 Natale
2610 4590 2783 4645 sancti
2835 4588 3052 4661 Eupoli.
3094 4589 3152 4645 In
3197 4588 3389 4646 diebus

257 4695 339 4747 ιιι,
379 4696 559 4750 usque
592 4681 737 4735 omni
770 4681 994 4736 habenti
1026 4681 1264 4751 dabitur,
1288 4693 1343 4739 et
1368 4684 1681 4739 abundabit.

252 4790 283 4827 a
319 4789 357 4827 γ
388 4774 761 4830 hebdomadac
786 4790 907 4847 qua:
937 4791 1119 4845 supra.
1156 4776 1342 4832 Lectio
1367 4778 1491 4833 libri
1536 4780 1684 4847 Apo-

248 4868 296 4919 is
328 4865 580 4921 Joannis
606 4871 859 4936 apostoli.
901 4868 957 4922 In
988 4869 1180 4923 diebus
1222 4869 1331 4923 illis
1360 4870 1467 4924 vidi
1515 4885 1685 4941 ange-

247 4957 654 5013 rscendentcm
681 4959 750 5014 de
780 4959 921 5015 caelo
950 4958 1236 5014 habentem
1264 4961 1493 5030 clavem,
1528 4978 1686 5031 usque

260 5058 445 5105 nocte
474 5052 536 5105 in
567 5054 764 5107 saecula
797 5052 1148 5108 saeculorum.
1202 5052 1467 5123 Evangel.
1496 5069 1691 5110 secun-

247 5157 445 5197 .ucam
480 5157 609 5214 cap.
658 5159 805 5209 sunt,
832 5144 1206 5200 Descendente
1245 5145 1373 5199 Jesu
1401 5144 1469 5198 de
1512 5156 1694 5202 monte

256 5237 517 5308 seipulis
551 5240 690 5308 suis,
725 5256 887 5311 usque
916 5238 1149 5295 reddidit
1186 5239 1335 5294 illum
1371 5239 1530 5293 matri
1560 5253 1692 5295 sum.

248 5347 281 5385 a
322 5346 387 5385 v1
422 5332 793 5387 hebdomadas
820 5348 939 5403 quae
971 5348 1155 5402 supra.
1189 5331 1379 5387 Lectio
1402 5331 1527 5387 libri
1554 5335 1699 5402 Apo-

256 5440 286 5478 s
328 5421 588 5478 Joannis
628 5426 885 5495 apostoli.
912 5426 975 5479 -Ιιι
1006 5425 1197 5480 diebus
1224 5424 1333 5479 illis
1372 5424 1523 5479 venit
1561 5439 1699 5479 unus

258 5529 384 5573 tem
428 5519 659 5589 angelis
691 5520 1019 5575 habentibus
1051 5518 1278 5589 phialas,
1320 5534 1484 5589 usque
1514 5526 1569 5574 et
1608 5534 1698 5574 rc-

250 5618 297 5662 tt
331 5611 393 5662 in
428 5611 650 5665 saecula
694 5611 1041 5666 stecnlorum.
1081 5610 1434 5682 Evangelium
1464 5612 1609 5682 quod
1647 5613 1700 5667 in

251 5704 353 5758 ica
387 5703 589 5772 ipsius
612 5704 986 5760 hebdomadas.

248 5794 381 5851 idus
417 5796 654 5867 Agnsti.
680 5796 870 5854 Romae
901 5797 1092 5853 natale
1121 5797 1296 5854 sancti
1334 5794 1527 5866 Xristi,
1558 5795 1702 5855 Feli-

1790 4680 1922 4735 illis.
1956 4679 2141 4736 Lectio
2170 4681 2294 4736 libri
2319 4681 2631 4750 Sapientiae.
2661 4680 2919 4736 Miserere
2954 4681 3131 4751 plebis
3168 4691 3271 4736 tute
3296 4697 3390 4737 su-

1790 4790 1890 4845 per
1934 4791 2092 4845 quem
2126 4776 2438 4831 invocatum
2483 4784 2589 4842 est,
2623 4791 2780 4845 usque
2819 4774 3150 4845 adiutorium
3181 4774 3272 4845 qui
3306 4791 3392 4832 se-

1790 4867 2029 4921 cundum
2073 4868 2231 4922 illum
2280 4875 2387 4933 est,
2427 4877 2479 4922 et
2516 4869 2765 4923 columna
2798 4876 2856 4920 ut
2896 4868 3130 4937 requies.
3182 4868 3389 4940 Evang.

1795 4957 2094 5013 secundum
2125 4957 2286 5013 Joan.
2320 4974 2441 5027 cap.
2490 4974 2671 5025 cxux,
2706 4957 2851 5011 Dixit
2889 4958 3048 5015 Jesus
3089 4959 3390 5032 discipulis,

1798 5054 1835 5107 Α
1851 5065 1996 5116 men,
2026 5065 2185 5104 amen
2206 5049 2330 5104 dico
2346 5050 2499 5105 vobis
2519 5050 2644 5119 quia
2675 5050 2978 5119 plorabitis,
3001 5069 3161 5124 usque
3184 5063 3239 5110 et
3265 5069 3395 5126 gau-

1799 5142 1946 5197 dium
1971 5150 2213 5197 vestrum
2241 5156 2402 5195 nemo
2437 5141 2593 5197 tollet
2614 5156 2641 5195 a
2672 5140 2851 5197 vobis.

1878 5235 2155 5290 Dominica
2187 5250 2224 5289 ιι
2253 5243 2379 5305 post
2405 5235 2575 5289 sancti
2608 5235 2905 5291 Laurentii.
2929 5236 3118 5294 Lectio
3141 5238 3397 5309 Epistulae

1801 5330 1943 5385 beati
1971 5326 2122 5383 Pauli
2160 5328 2391 5400 apostoli
2441 5324 2507 5383 ad
2539 5330 2872 5386 Corinthios.
2908 5332 3155 5399 Fratres,
3195 5333 3397 5387 scimus

1803 5420 1947 5477 enim
1970 5422 2222 5490 quoniam
2248 5420 2295 5475 si
2314 5421 2618 5488 terrestris,
2637 5437 2799 5491 usque
2819 5422 3137 5479 manifestos
3159 5436 3259 5477 nos
3278 5437 3400 5479 esse

1804 5529 1901 5585 per
1930 5512 2115 5568 Jesum
2148 5514 2423 5568 Christum
2458 5514 2744 5568 Dominum
2779 5521 3046 5569 nostrum.
3084 5516 3284 5583 Evang.
3316 5530 3401 5572 se-

1805 5607 2040 5662 cundum
2072 5606 2307 5663 Marcum
2329 5623 2450 5679 Cap.
2479 5624 2660 5677 uxw,
2694 5608 2901 5665 Exiens
2922 5608 3084 5665 Jesus
3110 5610 3179 5666 de
3204 5610 3402 5668 finibus

1808 5703 1961 5773 Tyri,
1995 5720 2158 5775 usque
2177 5714 2233 5759 et
2264 5715 2441 5759 mutos
2475 5705 2638 5775 loqui.

1834 5828 1853 5837 ι
1885 5794 2067 5855 Idibus
2121 5798 2331 5871 Agusti.
2366 5796 2553 5856 Natale
2584 5796 2755 5855 sancti
2798 5796 3019 5869 Ypoiiti.
3052 5796 3242 5856 Lectio
3282 5799 3404 5853 libri
