4050 6198
514 224 618 283 519

1572 214 1631 270 S.
1677 209 2060 269 lllERONYMl
2099 202 2385 266 OPERUM
2424 200 2789 263 MANTISSA.

3737 198 3840 261 520

516 339 861 409 Sapientiae.
890 336 1074 396 Omnis
1115 328 1319 388 amicus
1348 328 1512 393 dicet,
1543 334 1597 381 et
1628 327 1924 383 amicitiam
1968 341 2134 396 copu-
2161 326 2214 387 Α
2240 323 2519 394 discipulis
2561 322 2695 389 suis,
2732 322 2792 378 Si
2822 320 2944 393 quis
2966 320 3112 379 venit
3138 320 3206 378 ad
3242 335 3351 393 me,
3382 337 3543 394 usque
3564 321 3658 394 qui
3680 321 3840 382 habet

524 433 661 498 lavi,
697 453 869 509 usque
892 431 1082 487 animae
1106 439 1214 480 sua:
1243 420 1427 477 suavis
1455 428 1558 476 est.
1592 420 1794 491 Evang.
1829 419 2127 476 secundum

530 524 739 581 Lucam
767 542 884 596 cap.
916 535 1087 584 cxuv,
1113 516 1264 570 Dixit
1284 515 1443 570 Jesus
1464 513 1748 583 discipulis
1778 512 1912 581 suis,
1941 514 2132 567 Atten-

537 618 651 674 dite
682 635 712 673 a
747 619 1032 679 fermento,
1057 626 1220 681 usque
1240 624 1423 665 coram
1458 606 1670 678 angelis
1691 606 1806 661 Dei.

608 727 700 766 xIx
751 707 971 764 kalend.
1014 704 1373 776 Septembris.
1428 702 1618 758 Natale
1670 701 1840 756 sancti
1887 698 2127 755 Eusebii.

536 803 725 861 Lectio
748 801 873 856 libri
893 797 1210 869 Sapientiae.
1238 796 1340 864 Qui
1364 794 1663 866 sapitistice
1691 794 1950 863 loquitur,
1975 809 2134 864 usque

534 910 640 967 pax
672 896 815 950 enim
848 891 944 947 Dei
979 905 1144 961 super
1186 890 1377 944 faciem
1414 898 1597 943 terrae.
1648 884 1994 957 Evangelium
2044 899 2135 940 se-

533 987 773 1044 cundum
802 984 1111 1040 Matthamm
1141 996 1261 1052 cap.
1296 996 1514 1047 CCLXIII,
1540 979 1687 1034 Dixit
1712 978 1872 1034 Jesus
1900 977 2134 1049 discipu-

535 1080 604 1137 lis
628 1078 763 1144 suis,
793 1075 1021 1147 Vigilale
1048 1074 1172 1145 quia
1205 1073 1450 1142 nescitis,
1479 1088 1636 1143 usque
1659 1070 1959 1127 constituet
1985 1085 2129 1125 eum.

604 1187 732 1228 vaII
762 1169 872 1225 kal.
898 1167 1207 1238 Septembr.
1236 1166 1553 1235 Assumptio
1582 1172 1785 1220 sancta:
1812 1163 1995 1219 Maria:
2022 1179 2136 1217 ma-

531 1268 629 1324 tris
654 1264 892 1322 Domini.
924 1262 1114 1319 Lectio
1144 1260 1268 1317 libri
1298 1260 1616 1331 Sapientim.
1650 1258 1776 1325 Fili,
1817 1257 1871 1312 in
1920 1266 2011 1313 tua
2050 1256 2134 1311 iu-

536 1360 820 1425 ﬁrmitate,
852 1374 1014 1429 usque
1037 1366 1089 1411 et
1109 1354 1402 1411 consolare
1425 1353 1575 1408 illum
1596 1353 1648 1406 in
1674 1351 1884 1406 exitum
1913 1349 2135 1420 spiritus

535 1456 642 1511 sui.
674 1452 1034 1523 Evangelium
1088 1447 1387 1506 secundum
1420 1444 1619 1501 Lucam
1672 1458 1792 1513 cap.
1827 1458 2008 1509 cxxtv,
2052 1440 2136 1497 lu-

536 1548 701 1603 travit
728 1546 894 1603 .lesus
921 1546 973 1600 iu
1006 1542 1278 1616 quoddam
1306 1540 1617 1609 castellum,
1650 1554 1811 1610 usque
1834 1552 1940 1594 non
1977 1534 2132 1594 aufe-

537 1651 685 1699 retur
715 1641 784 1696 ab
814 1656 901 1696 eo.

2241 432 2399 473 aures
2429 415 2684 472 audiendi
2709 414 2918 471 audiat.

2306 508 2543 565 Sabbato
2581 507 2939 565 hebdomada:
2977 524 3096 581 qua:
3138 522 3319 581 supra.
3349 506 3540 566 Lectio
3580 508 3838 582 Epistolae

2235 601 2381 659 beati
2409 601 2558 657 Pauli
2589 602 2820 673 apostoli
2858 602 2925 657 ad
2957 600 3242 658 Hebraeos.
3277 601 3517 673 Fratres,
3548 605 3724 659 sancti
3750 620 3839 661 vo-

2235 700 2449 755 catione
2494 698 2733 754 cmlestis
2777 697 3090 769 participes,
3142 714 3303 769 usque
3344 699 3390 753 si
3441 698 3747 755 introibunt
3784 700 3837 755 in

2236 793 2477 865 requiem
2504 809 2700 848 meam.
2721 792 2934 863 EVang.
2967 790 3263 847 secundum
3294 791 3486 847 Matth.
3519 806 3645 861 cap.
3668 808 3834 861 cxvn,

2237 886 2511 942 Abeuntes
2539 884 2801 957 pharisaei
2824 883 3115 941 consilium
3146 883 3435 953 faciebant,
3467 902 3632 956 usque
3663 884 3720 941 in
3746 899 3837 942 no-

2237 979 2385 1035 mine
2414 979 2530 1050 ejus
2567 978 2887 1050 sperabunt.

2309 1072 2589 1130 Dominica
2631 1090 2681 1129 Iv
2733 1083 2856 1146 post
2904 1073 3075 1130 saneti
3107 1072 3412 1130 Laurentii.
3460 1072 3648 1129 Lectio
3689 1071 3837 1145 Epis-

2237 1169 2360 1225 tolte
2381 1167 2526 1224 beati
2555 1168 2703 1224 Pauli
2731 1169 2962 1240 apostoli
2985 1169 3053 1224 ad
3074 1168 3315 1225 Galatas.
3347 1166 3590 1224 Fratres.
3643 1209 3656 1221 .
3703 1208 3717 1223 .
3760 1207 3775 1222 .
3818 1206 3833 1222 .

2240 1260 3834 1332 ...................Evang.secun-

2236 1353 2365 1409 dum
2393 1353 2593 1410 Lucam
2624 1370 2747 1425 cap.
2770 1370 2876 1423 cet,
2903 1356 3040 1410 Dum
3073 1354 3179 1411 iret
3205 1353 3364 1410 Jcsus
3388 1354 3441 1410 in
3468 1354 3831 1424 llierusalem,

2237 1465 2399 1519 usque
2424 1448 2558 1505 ﬁdes
2583 1461 2671 1506 tua
2707 1462 2759 1506 te
2789 1452 2997 1507 salvum
3029 1450 3179 1508 fecit.

2308 1557 2363 1595 Ix
2414 1542 2523 1597 kal.
2561 1541 2716 1614 Sept.
2748 1543 2804 1598 In
2849 1543 2995 1599 ludia
3031 1544 3209 1599 natale
3249 1541 3422 1598 sancti
3453 1540 3837 1597 Bartholomzei

2237 1636 2488 1703 apostoli.
2526 1634 2695 1691 Reme
2723 1645 2925 1691 sancta:
2954 1637 3150 1691 Aurea:
3177 1635 3425 1706 virginis.
3458 1633 3530 1690 Et
3567 1634 3839 1705 depositio

610 1752 723 1791 χιιι
758 1734 871 1791 kal.
903 1734 1057 1804 Sept.
1099 1730 1292 1787 Natale
1331 1727 1506 1785 sancti
1545 1724 1894 1797 Leudegarii.
1943 1725 2131 1781 Lectio
2162 1724 2209 1785 B
2235 1730 2411 1784 sancti
2443 1730 2693 1786 Audoeui
2730 1731 2974 1802 episcopi
3005 1740 3059 1787 et
3105 1729 3460 1787 confessoris.
3492 1729 3682 1786 Lectio
3714 1728 3836 1785 libri

536 1828 660 1885 libri
688 1828 1004 1898 Sapientize.
1030 1824 1364 1895 Sapientiam
1392 1822 1571 1877 scribe
1592 1822 1648 1875 in
1680 1830 1947 1891 tempore,
1977 1835 2138 1887 usque

537 1919 926 1991 conquirentes
976 1918 1027 1972 in
1080 1918 1198 1987 lege
1246 1913 1533 1970 Altissimi.
1585 1913 1791 1983 Evang.
1834 1912 2136 1967 secundum

535 2011 665 2068 Luc.
694 2026 814 2083 cap.
844 2026 986 2065 CLIV.
1013 2010 1157 2064 Dixit
1181 2008 1337 2064 Jesus
1362 2006 1642 2078 discipulis
1666 2006 1803 2074 suis,
1828 2006 1949 2061 Sint
1970 2005 2136 2060 lumbi

535 2102 705 2160 vestri
739 2102 1010 2173 praedicti,
1045 2117 1204 2172 usque
1231 2098 1379 2154 ﬁlius
1410 2098 1647 2153 hominis
1679 2097 1847 2153 venit.

609 2195 772 2252 Feria
810 2212 885 2251 vr.
935 2194 1125 2250 Lectio
1158 2193 1284 2248 libri
1334 2190 1694 2263 Apocalypsis
1738 2189 1965 2246 Joannis
2008 2203 2138 2259 apo-

532 2291 680 2348 stoli.
715 2290 774 2345 In
805 2289 1003 2345 diebus
1036 2288 1147 2344 illis
1189 2287 1327 2343 dixit
1355 2285 1491 2343 mihi
1517 2286 1741 2357 angelus
1776 2305 1788 2338 :
1819 2285 1945 2341 Haec
1972 2286 2137 2341 verba

535 2383 851 2441 ﬁdelissima
898 2392 954 2439 ct
997 2397 1126 2438 vera
1172 2390 1331 2449 sunt,
1376 2397 1538 2450 usque
1586 2380 1678 2451 qui
1733 2378 1848 2433 vult
1905 2377 2136 2448 accipiat

533 2494 731 2551 aquam
764 2477 893 2532 vita:
938 2477 1133 2547 gratis.
1180 2476 1386 2547 Evang.
1420 2474 1721 2530 secundum
1771 2473 1971 2527 Lucam
2012 2487 2133 2543 cap.

535 2588 717 2639 txxIv,
743 2571 992 2643 Rogabat
1009 2570 1197 2628 Jcsum
1222 2569 1443 2641 quidam
1471 2568 1792 2639 pharisaeus,
1816 2582 1973 2637 usque
2004 2579 2136 2636 quo-

533 2668 680 2723 niam
707 2665 903 2722 dilexit
941 2664 1192 2719 multum.

607 2759 865 2818 Sabbato.
891 2758 1080 2815 Lectio
1114 2755 1243 2813 libri
1290 2756 1523 2827 Regum.
1558 2756 1617 2813 In
1644 2754 1835 2812 diebus
1872 2752 1978 2809 illis
2007 2768 2135 2809 con-

530 2855 708 2912 suluit
751 2852 918 2909 David
964 2852 1284 2919 Dominum,
1334 2868 1493 2921 usque
1541 2850 1745 2907 deserti
1786 2853 1843 2905 in
1888 2850 2135 2906 Gabaon.

533 2946 891 3017 Evangelium
923 2946 1065 3017 quod
1095 2947 1147 2999 in
1170 2943 1460 2998 Dominica
1485 2944 1728 3013 ejusdem
1754 2942 2133 3000 hebdomadte.

606 3040 887 3097 Dominica
920 3054 981 3095 III
1011 3045 1134 3109 post
1163 3036 1337 3091 sancti
1368 3035 1650 3091 Laurentii
1680 3076 1693 3089 .
1735 3075 1749 3091 .
1786 3075 1799 3089 .
1836 3076 1849 3089 .
1888 3075 1902 3090 .
1936 3074 1952 3091 .
1987 3074 2002 3091 .
2031 3073 2045 3089 .
2074 3074 2087 3089 .
2117 3075 2132 3089 .

2242 1823 2558 1893 Sapientia.
2599 1824 2896 1896 Disciplina
2944 1825 2998 1881 in
3032 1840 3163 1897 pace
3206 1832 3551 1891 conservate,
3584 1840 3746 1895 usque
3784 1822 3837 1879 in

2240 1924 2536 1988 conspectu
2568 1920 2807 1974 omnium
2840 1919 3104 1976 virorum.
3139 1919 3347 1992 Evang.
3398 1918 3704 1976 secundum
3736 1918 3841 1974 Lu-

2239 2026 2358 2067 cam
2406 2027 2527 2083 cap.
2580 2029 2737 2069 cum
2785 2014 2892 2087 [Αἱ.
2946 2014 3112 2087 chI].
3167 2014 3271 2084 Qui
3313 2029 3412 2072 vos
3459 2015 3635 2084 audit,
3683 2029 3839 2087 usque

2240 2106 2441 2176 scripta
2468 2118 2597 2162 sunt
2627 2108 2680 2162 iu
2711 2108 2887 2165 ctelis.

2312 2213 2403 2253 vIII
2435 2197 2656 2255 kalend.
2678 2200 2957 2271 Septemb.
2987 2199 3210 2257 Arelato
3230 2200 3412 2257 natale
3441 2200 3618 2256 sancti
3641 2197 3841 2256 Genesi

2240 2294 2517 2363 martyris.
2543 2292 2730 2349 Lectio
2752 2293 2873 2350 libri
2902 2294 3214 2366 Sapientia.
3249 2294 3385 2350 Filia
3416 2294 3589 2365 patris
3613 2293 3845 2349 abscon-

2241 2384 2355 2441 dita
2383 2394 2489 2450 est,
2512 2402 2677 2457 usque
2708 2386 2897 2442 videns
2925 2387 3150 2458 gloriam
3180 2387 3319 2458 ejus.
3345 2387 3607 2458 Evangel.
3644 2402 3845 2442 secun-

2240 2480 2368 2536 dum
2420 2480 2660 2536 Marcum
2706 2496 2826 2553 cap.
2868 2496 3131 2547 cxxvaII,
3169 2480 3323 2536 Dixit
3367 2480 3527 2537 Jcsus
3555 2479 3841 2549 discipulis

2238 2574 2372 2640 suis,
2433 2573 2622 2630 Videte
2653 2589 2723 2630 ne
2772 2574 2896 2645 quis
2938 2589 3035 2630 vos
3065 2574 3309 2643 seducat,
3338 2589 3500 2644 usque
3538 2572 3627 2628 hic
3658 2572 3845 2629 salvus

2239 2666 2365 2723 erit.

2312 2762 2471 2819 Feria
2499 2778 2552 2818 Iv
2580 2760 2940 2820 hebdomadac
2968 2780 3089 2835 qua:
3136 2778 3321 2835 supra.
3362 2760 3549 2819 Lectio
3582 2762 3844 2833 Epistolm

2240 2855 2385 2912 beati
2426 2856 2577 2911 Pauli
2620 2857 2849 2927 apostoli
2879 2856 2949 2912 ad
2983 2856 3268 2913 Hebraeos.
3301 2855 3543 2925 Fratres,
3588 2855 3842 2926 operibus

2239 2951 2308 3005 ab
2356 2949 2694 3005 institutione
2747 2950 2932 3005 mundi
2979 2948 3262 3020 perfectis,
3322 2965 3479 3017 usque
3532 2947 3845 3004 imbecilles

2240 3042 2369 3099 facti
2392 3042 2524 3099 estis
2546 3043 2613 3098 ad
2642 3043 2997 3099 audiendum.
3024 3044 3287 3115 Evangel.
3315 3042 3615 3099 secundum
3640 3041 3843 3098 Lucam

534 3179 549 3196 .
766 3178 781 3194 .
815 3175 831 3193 .
868 3174 929 3191 ..
966 3172 982 3188 .
1019 3171 1075 3188 ..
1112 3173 1127 3189 .
1162 3174 1176 3189 .
1213 3169 1276 3186 ..
1318 3171 1333 3186 .
1374 3171 1388 3184 .
1423 3170 1439 3185 .
1477 3170 1490 3185 .
1525 3170 1539 3185 .
1574 3170 1634 3185 ..
1673 3168 1686 3182 ο
1722 3169 1737 3185 .
1774 3169 1790 3184 .
1826 3167 1888 3183 ο·
1923 3168 1936 3183 .
1978 3168 1994 3186 .
2028 3169 2042 3185 .
2076 3121 3837 3206 HCcap.cr.vaIII,DumiretJesuspereivitatesetcastella,

534 3275 550 3291 .
584 3276 599 3290 .
638 3275 651 3290 .
690 3272 705 3289 .
743 3273 756 3287 .
795 3272 813 3288 .
840 3230 1047 3300 Evang.
1082 3225 1384 3283 secundum
1416 3224 1619 3279 Lucam
1666 3238 1786 3293 cap.
1821 3238 1947 3291 cxx,
1992 3223 2137 3279 Dixit

530 3326 692 3383 Jesus
720 3324 1003 3395 discipulis
1034 3322 1171 3389 suis,
1210 3318 1360 3376 Beati
1406 3317 1550 3375 oculi
1585 3316 1681 3389 qui
1729 3315 1939 3385 vident,
1976 3333 2137 3389 usque

534 3430 589 3477 tu
624 3420 710 3476 fac
740 3419 1015 3475 similiter.

606 3533 673 3572 xv
706 3514 925 3571 kalend.
952 3511 1230 3584 Septemb.
1262 3508 1452 3566 Natale
1478 3506 1653 3563 sancti
1679 3505 1917 3579 Agapiti.
1946 3506 2135 3564 Lectio

531 3610 659 3665 libri
708 3608 1032 3678 Sapientiae.
1082 3605 1419 3677 Sapientiam
1466 3602 1706 3658 omnium
1753 3602 2129 3673 antiquorum,

531 3717 691 3769 usque
718 3700 1021 3755 benedicite
1071 3700 1357 3754 Dominum
1390 3698 1443 3753 in
1481 3697 1741 3769 operibus
1771 3697 1907 3755 suis.
1954 3697 2134 3755 Evan-

530 3793 733 3864 gelium
764 3791 909 3862 quod
940 3792 992 3846 in
1021 3800 1362 3847 sanctorum.

607 3902 695 3941 xIv
724 3883 835 3940 kal.
866 3884 1020 3953 Sept.
1046 3884 1334 3953 Apparitio
1362 3890 1564 3939 sancta:
1606 3883 1803 3939 crucis.
1850 3884 1915 3939 Et
1954 3884 2134 3941 natale

531 3980 704 4037 sancti
756 3978 995 4035 Andrea:
1043 3976 1293 4047 magistri
1339 3978 1594 4032 militum.
1640 3976 1828 4032 Lectio
1862 3977 1986 4032 libri
2036 3977 2135 4034 Sa-

535 4071 775 4143 pientiae.
807 4070 942 4127 Date
968 4070 1175 4125 nomini
1216 4068 1429 4124 Domini
1461 4068 1941 4139 magniﬁcentiam,
1974 4086 2133 4140 usque

535 4164 756 4220 laudate
782 4174 837 4221 et
874 4161 1183 4219 benedicite
1212 4177 1415 4218 nomen
1462 4161 1700 4217 Domini.
1753 4161 2012 4233 Evangel.
2044 4176 2133 4217 se-

530 4262 768 4314 cundum
797 4255 960 4313 Joan.
994 4270 1114 4326 cap.
1160 4270 1310 4324 xxIv,
1352 4255 1483 4311 Erat
1518 4256 1680 4311 homo
1712 4269 1779 4311 ex
1820 4254 2125 4326 pharisazis,

530 4370 689 4425 usque
720 4354 888 4409 vitam
916 4364 1197 4409 atternam.

599 4466 691 4505 χιιι
721 4447 831 4505 kal.
859 4446 1012 4519 Sept.
1046 4446 1101 4501 lu
1133 4445 1456 4503 Getimauca
1502 4446 1683 4503 natale
1731 4447 1908 4503 sancti
1945 4447 2128 4505 Phili-

2240 3247 2402 3302 usque
2430 3229 2757 3287 accumbeut
2788 3232 2842 3284 in
2875 3245 3046 3301 regno
3078 3230 3196 3286 Dei.

2308 3324 2470 3380 Feria
2504 3341 2534 3380 v
2578 3323 2934 3380 hebdomadac
2963 3341 3083 3395 qua:
3114 3340 3298 3396 supra.
3353 3323 3544 3381 Lectio
3574 3322 3841 3395 Epistolas

2235 3418 2383 3475 beati
2414 3419 2565 3475 Pauli
2606 3419 2838 3490 apostoli
2887 3417 2955 3473 ad
2987 3418 3270 3475 Hebraeos.
3301 3417 3543 3486 Fratres,
3571 3434 3703 3474 cum
3740 3417 3838 3473 deo

2235 3511 2440 3568 beretis
2467 3512 2715 3585 magistri
2738 3528 2860 3568 esse
2883 3521 3108 3583 propter
3126 3521 3367 3583 tempus,
3394 3529 3554 3585 usque
3575 3512 3839 3567 interiora

2236 3607 2546 3663 velamiuis.
2578 3607 2845 3679 Evangel.
2880 3608 3182 3664 secundum
3228 3607 3430 3663 Lucam
3474 3620 3596 3677 cap.
3646 3620 3837 3675 chIx,

2234 3702 2328 3758 Ait
2356 3701 2423 3757 ad
2450 3703 2639 3758 Jesum
2669 3702 2891 3773 quidam
2920 3701 2987 3759 de
3018 3702 3198 3771 turba,
3229 3718 3392 3774 usque
3421 3710 3477 3758 et
3498 3699 3644 3756 Deus
3660 3699 3841 3772 pascit

2236 3797 2378 3855 illos.

2306 3906 2337 3945 v
2360 3889 2469 3947 kal.
2503 3890 2665 3947 Febr.
2697 3889 2885 3947 Roma:
2916 3892 3096 3948 natale
3126 3890 3304 3947 sancti
3335 3888 3627 3947 Hermetis.
3652 3888 3837 3945 Africa

2235 3982 2512 4053 depositio
2543 3985 2717 4039 sancti
2739 3983 3009 4054 Agustini.
3036 3983 3226 4039 Lectio
3248 3983 3371 4040 libri
3400 3982 3716 4054 Sapientiae.
3746 3982 3840 4037 Al-

2234 4075 2481 4131 titudinis
2503 4075 2906 4132 ﬁrmamentum
2936 4074 3295 4147 pulchritudo
3323 4075 3465 4146 ejus,
3494 4090 3655 4147 usque
3677 4074 3839 4129 cmit-

2234 4177 2353 4226 tere
2375 4169 2586 4239 jndieii.
2619 4170 2825 4241 Evang.
2858 4168 3160 4225 secundum
3210 4168 3344 4226 Luc.
3372 4184 3494 4240 cap.
3546 4184 3669 4235 xcv,
3702 4167 3837 4223 Des-

2232 4264 2474 4319 condens
2498 4262 2658 4319 Jesus
2684 4262 2751 4318 de
2780 4270 2968 4318 monte
2989 4262 3141 4318 stetit
3161 4260 3217 4316 in
3240 4260 3385 4330 loco,
3419 4277 3582 4333 usque
3609 4249 3869 4329 copiosa'

2233 4365 2321 4413 est
2349 4357 2408 4412 in
2432 4357 2611 4413 cmlis.

2307 4464 2362 4503 Iv
2406 4448 2635 4505 kalend.
2661 4448 2946 4521 Septemb.
2978 4448 3040 4505 In
3071 4449 3363 4520 Campania
3411 4447 3591 4505 natale
3625 4452 3836 4502 sanctze

522 4542 686 4601 berti.
710 4544 896 4600 Lectio
918 4542 1041 4598 libri
1061 4539 1374 4612 Sapientiae.
1398 4541 1696 4612 Occupatio
1718 4556 1914 4612 magna
1936 4554 2118 4598 creata
2154 4520 2204 4583 Ῑ)
2232 4540 2446 4597 Sabinae
2478 4520 2839 4613 virginisaEt
2874 4542 3058 4612 passio
3089 4543 3261 4598 sancti
3289 4542 3516 4598 Joannis
3544 4538 3833 4611 Baptistm.

524 4648 630 4707 est,
664 4654 823 4707 usque
868 4651 1032 4707 super
1059 4650 1277 4691 omnem
1306 4634 1535 4705 gloriam
1568 4643 1910 4704 operuerunt
1939 4635 2115 4693 illum.

524 4730 784 4802 Evangel.
810 4728 1110 4785 secundum
1135 4728 1336 4783 Lucam
1363 4741 1483 4795 cap.
1517 4742 1760 4792 cuxxxu,
1796 4725 1939 4781 Dixit
1962 4726 2120 4784 Jesus

522 4823 803 4894 discipulis
827 4824 964 4887 suis,
996 4821 1057 4876 Si
1080 4822 1202 4892 quis
1226 4820 1377 4877 venit
1401 4818 1470 4874 ad
1500 4835 1608 4888 mc,
1635 4835 1799 4889 usque
1825 4818 1918 4890 qui
1960 4818 2121 4876 habet

523 4932 687 4973 aures
708 4916 963 4972 audiendi
992 4914 1199 4970 audiat.

596 5009 759 5065 Feria
797 5026 827 5063 v
860 5007 1215 5064 hebdomadas
1242 5022 1364 5079 qua:
1409 5021 1592 5077 supra.
1639 5004 1825 5063 Lectio
1870 5007 2123 5079 Epistula:

523 5102 670 5157 beati
701 5100 854 5156 Pauli
883 5100 1113 5170 apostoli
1145 5099 1211 5155 ad
1243 5098 1524 5155 Hebraeos.
1566 5098 1807 5169 Fratres,
1838 5100 2121 5158 abundan—

522 5197 627 5251 tius
668 5200 887 5265 oportet
915 5191 1209 5248 observare
1234 5206 1355 5260 nos,
1401 5206 1561 5261 usque
1600 5190 1681 5247 eis
1709 5191 1801 5262 qui
1847 5200 2123 5250 tentantur

514 5288 786 5345 auxiliari.
804 5285 1061 5355 Evangel.
1084 5283 1380 5341 secundum
1405 5282 1536 5339 Luc.
1560 5297 1681 5354 cap.
1705 5300 1862 5353 xva,
1885 5284 2123 5357 Surgens

516 5382 677 5439 Jesus
706 5380 778 5437 de
825 5391 1121 5449 synagoga,
1153 5393 1311 5447 usque
1332 5376 1706 5446 evangelizare
1751 5394 1975 5449 regnum
2002 5380 2119 5436 Dei.

590 5490 642 5529 xI
674 5471 788 5527 kal.
834 5469 968 5539 Sep.
1008 5466 1198 5523 Natale
1239 5469 1411 5524 sancti
1440 5467 1732 5524 Timothei.
1781 5468 1967 5526 Lectio
2001 5471 2123 5527 libri

515 5564 832 5636 Sapientize.
882 5559 1010 5627 Fili,
1056 5560 1110 5615 in
1141 5570 1393 5632 tempore
1434 5563 1563 5618 vitae
1599 5569 1708 5617 tua:
1746 5580 1815 5619 ne
1854 5564 2120 5637 indigeas,

516 5674 673 5727 usque
730 5658 944 5712 bonum
990 5661 1168 5710 autem
1232 5672 1428 5713 nomen
1491 5656 1831 5727 permanebit
1882 5658 1934 5713 in
1980 5675 2117 5717 aevo.

518 5750 721 5823 Evang.
773 5743 1079 5807 secundum
1127 5746 1326 5810 Lucam
1358 5766 1478 5826 cap.
1522 5766 1723 5827 una,
1776 5753 1917 5812 Dixit
1961 5755 2118 5816 Jesus

2225 4634 2412 4691 Lectio
2460 4634 2590 4690 libri
2637 4635 2943 4707 sapientia).
2976 4636 3166 4707 Aperti
3211 4643 3339 4691 sunt
3378 4633 3642 4703 thesauri,
3674 4647 3840 4699 usque

2226 4729 2317 4799 pie
2363 4728 2648 4799 agentibus
2677 4727 2831 4785 dedit
2857 4728 3207 4799 sapientiam.
3242 4726 3597 4797 Evangelium
3639 4739 3840 4779 secun-

2226 4823 2354 4879 dum
2384 4822 2695 4879 Mattlueum
2741 4838 2864 4893 cap.
2918 4822 3091 4895 (CXL),
3143 4822 3293 4877 Dixit
3339 4820 3500 4876 Jesus
3550 4816 3841 4889 discipulis

2230 4914 2342 4970 suis
2390 4914 2701 4985 parabolam
2743 4912 2882 4969 hanc
2914 4912 3144 4970 :Simile
3179 4922 3264 4969 est
3309 4926 3534 4982 regnum
3565 4909 3839 4966 caelorum

2229 5009 2489 5066 thesauro
2514 5008 2862 5077 abscondito,
2889 5025 3051 5080 usque
3077 5023 3217 5064 nova
3246 5014 3302 5064 et
3332 5014 3541 5062 vetera.

2300 5122 2381 5163 III.
2432 5105 2541 5161 kal.
2576 5105 2710 5162 Item
2756 5104 2810 5160 in
2839 5104 3019 5160 sancti
3049 5102 3301 5160 Joannis.
3351 5101 3539 5158 Lectio
3565 5098 3841 5169 Epistolzn

2227 5200 2370 5258 beati
2400 5200 2551 5255 Pauli
2591 5199 2825 5271 apostoli
2856 5198 2925 5254 ad
2963 5197 3251 5255 Hebrmos.
3286 5196 3471 5255 Sancti
3503 5194 3741 5252 ludibria
3773 5205 3839 5252 et

2228 5292 2457 5350 verbera
2478 5295 2711 5363 experti,
2733 5309 2895 5364 usque
2917 5293 3127 5364 probati
3157 5294 3363 5351 inventi
3386 5302 3510 5350 sunt
3529 5293 3585 5349 in
3601 5291 3838 5350 Christo

2225 5388 2353 5445 Jesu
2388 5386 2618 5440 Domino
2648 5392 2858 5440 nostro.
2885 5385 3149 5457 Evangel.
3182 5387 3485 5444 secundum
3513 5386 3836 5444 Matthmum

2223 5496 2345 5550 cap.
2378 5494 2495 5545 ιιι,
2521 5476 2666 5531 Misit
2695 5476 2961 5546 Herodes,
2992 5495 3158 5551 usque
3184 5488 3239 5537 et
3268 5489 3575 5553 posuerunt
3604 5480 3742 5537 illud
3776 5482 3836 5539 in

2225 5576 2659 5630 monumentum.

2298 5658 2577 5717 Dominica
2599 5676 2628 5714 v
2663 5664 2787 5729 post
2812 5658 2986 5714 sancti
3016 5659 3317 5721 Laurentii.
3345 5665 3536 5723 Lectio
3563 5666 3835 5740 Epistula:

2224 5756 2372 5821 beati
2399 5753 2550 5815 Pauli
2570 5751 2805 5829 apostoli
2836 5751 3172 5831 adGalatas.
3209 5757 3461 5832 Fratres,
3484 5760 3682 5834 spiritu
3709 5776 3836 5821 am-
