4050 6198
1433 288 1638 348 LIBER
1672 286 1965 348 COMITIS.

3242 286 3348 346 522

235 405 1320 482 ate,usqueconcupiscentiis.Evangelium
1348 409 1647 466 secundum
1676 412 1728 472 Α
1754 410 2037 479 exspectat
2078 404 2347 462 Dominus
2388 403 2548 463 Jesus
2597 403 2779 462 donec
2820 413 3094 477 ponantur
3139 405 3349 463 inimici

242 501 308 558 th.
328 518 427 574 cap.
448 520 620 571 xtvm,
657 505 803 559 Dixit
822 504 983 562 Jesus
1011 502 1289 576 discipulis
1319 503 1454 569 suis,
1480 500 1651 558 Nemo

235 607 296 653 est
334 598 509 657 duobus
553 599 791 656 dominis
838 599 1069 669 servire,
1122 614 1283 670 usque
1333 597 1655 669 adjicientur

236 707 289 747 IS.

236 785 333 841 ’eria
373 802 404 840 ιι
438 785 779 843 hebdomadas
813 802 936 859 quae
963 802 1148 859 supra.
1181 788 1371 845 Lectio
1397 787 1655 859 Epistolz

235 879 259 933 ti
300 878 426 936 Pauli
468 880 527 937 ad
573 881 855 940 Hebraeos.
908 882 1151 949 Fratres,
1200 871 1511 955 praecursor
1556 896 1655 953 pro

235 975 269 1027 is
294 972 474 1029 introiit
495 976 651 1031 Jesus
679 977 732 1031 in
756 976 1013 1032 interiora
1039 977 1328 1033 velaminis
1356 975 1653 1032 secundum

239 1082 343 1122 nem
384 1066 787 1138 Melchisedech,
839 1085 999 1140 usque
1027 1069 1096 1126 de
1122 1086 1227 1141 qua
1254 1069 1446 1124 nullus
1473 1066 1541 1122 ad
1577 1067 1655 1122 al-

275 1169 448 1231 prtesto
482 1162 599 1219 luit.
630 1162 986 1234 Evangelium
1035 1162 1181 1233 quod
1225 1161 1282 1217 in
1320 1161 1438 1233 ipsa
1463 1158 1653 1215 Domi-

235 1346 323 1402 eria
348 1362 398 1402 m
422 1345 761 1403 hebdomadas
788 1361 909 1417 qua:
935 1359 1120 1417 supra.
1166 1345 1355 1403 Lectio
1392 1345 1652 1418 Epistolze

236 1438 405 1493 iPauli
446 1439 664 1508 apostoli
716 1438 786 1494 ad
816 1438 1098 1495 Hebraeos.
1125 1437 1375 1506 Fratres,
1424 1438 1654 1495 manife-

235 1548 243 1583 ι
284 1539 358 1585 est
403 1531 530 1599 quod
576 1546 644 1587 ex
686 1530 823 1587 Juda
853 1540 1006 1587 ortus
1041 1532 1113 1588 sit
1140 1531 1407 1588 Dominus
1437 1541 1648 1603 noster,

235 1639 257 1677 ε
281 1622 407 1694 quod
434 1623 540 1678 ﬁxit
560 1623 826 1681 Dominus
844 1619 911 1680 et
936 1639 1045 1681 non
1075 1624 1261 1681 homo.
1296 1625 1651 1697 Evangelium

235 1716 242 1770 l
266 1716 312 1771 in
343 1716 443 1787 ipsa
470 1716 770 1773 Dominica.

1755 500 1897 570 ejus,
1946 514 2106 571 usque
2158 500 2495 556 horrendum
2541 508 2625 555 est
2654 498 2903 554 incidere
2931 500 2983 554 in
3014 515 3207 556 manus
3245 501 3345 557 Dei

1754 591 2009 649 viventis.
2038 591 2398 664 Evangelium
2426 592 2570 662 quod
2600 592 2655 647 in
2687 591 2982 648 Dominica.
3316 668 3323 671 π

1827 700 1885 740 v1
1932 684 2052 741 idus
2096 684 2462 757 Septembris.
2493 683 2761 740 Nativitas
2795 693 2998 740 sanctae
3038 684 3224 740 Mariae
3248 686 3346 742 Dei

1753 778 2062 851 genitricis.
2094 782 2161 836 Et
2186 779 2369 835 natale
2393 779 2570 835 sancti
2599 778 2819 834 Adriani
2852 778 3128 850 martyris.
3161 778 3347 836 Lectio

1756 871 1884 928 libri
1917 871 2233 943 Sapientiae.
2262 872 2483 928 Audivit
2508 872 2724 944 Moyses
2752 871 3039 927 Dominum
3078 880 3133 927 et
3161 887 3347 928 vocem

1756 968 1951 1039 ipsius,
2001 985 2164 1039 usque
2207 970 2339 1024 unxi
2390 984 2511 1024 eum
2562 968 2685 1025 oleo
2735 977 2943 1024 sancto.
2996 966 3351 1038 Evangelium

1757 1061 2055 1119 secundum
2097 1061 2325 1129 Lucam,
2355 1077 2476 1133 cap.
2519 1078 2599 1131 ut,
2642 1063 2955 1134 Exsurgens
3007 1060 3176 1117 Maria
3218 1060 3354 1117 abiit

1757 1156 1812 1211 in
1839 1162 2115 1221 montana,
2146 1170 2308 1226 usque
2332 1155 2386 1210 in
2416 1155 2530 1210 Deo
2556 1154 2783 1211 salutari
2816 1171 2959 1212 meo.

1828 1247 1964 1304 Item
2017 1247 2185 1304 lectio
2232 1248 2358 1304 libri
2406 1248 2728 1318 Sapientiae.
2775 1250 3003 1307 Factum
3054 1261 3139 1309 est
3164 1258 3354 1308 sancto

1756 1339 1813 1398 in
1864 1349 2253 1397 testamentum
2284 1352 2574 1407 aeternum,
2608 1358 2765 1411 usque
2796 1343 2851 1397 in
2895 1353 3115 1414 gentem
3162 1361 3354 1402 eorum

1756 1444 2021 1493 teternam
2080 1434 2236 1491 fecit.
2288 1435 2656 1507 Evangelium
2716 1438 3017 1493 secundum
3057 1439 3350 1505 Joannem,

1758 1542 1879 1602 eap.
1931 1545 2136 1597 cxxxu,
2189 1529 2335 1585 Dixit
2386 1531 2547 1586 Jesus
2576 1530 2859 1601 discipulis
2904 1533 3042 1599 suis,
3074 1533 3189 1604 Ego
3231 1550 3355 1591 sum

1757 1626 1885 1683 vitis
1917 1639 2068 1697 vera,
2097 1641 2259 1695 usque
2288 1624 2547 1696 gaudium
2578 1634 2821 1680 vestrum
2849 1624 3093 1695 impleat.

1830 1735 1866 1774 v
1915 1717 2041 1774 idus
2082 1716 2441 1787 Septembris.
2491 1716 2774 1788 Depositio
2830 1722 3007 1783 sancti
3058 1719 3358 1776 Audomari

235 1809 284 1865 ιι.
320 1809 655 1881 Septembris.
700 1811 982 1868 Ambianis
1021 1812 1292 1883 depositio
1328 1808 1507 1868 sancti
1534 1811 1653 1868 Fir—
1685 1811 1734 1873 B
1760 1810 2007 1882 episcopi
2035 1818 2090 1865 ct
2118 1808 2472 1865 confessoris.
2506 1809 2693 1865 Lectio
2725 1810 2853 1865 libri
2880 1810 3197 1881 Sapientiae.
3230 1812 3357 1868 For-

236 1946 251 1971 ,
276 1906 494 1983 episcopi
520 1906 936 1963 etconl‘essoris.
966 1906 1154 1963 Lectio
1184 1907 1311 1963 libri
1335 1906 1651 1979 Sapientiae.

235 1997 389 2051 lemus
414 1998 549 2053 viros
579 1998 866 2069 gloriosos,
889 2016 1050 2071 usque
1069 2000 1275 2054 diluvio
1304 2000 1481 2054 omnis
1502 2013 1655 2055 caro.

235 2089 430 2159 igelium
460 2092 755 2147 secundum
790 2091 1004 2158 Matth.,
1031 2109 1080 2148 ο.
1111 2108 1363 2161 ccuxtu,
1396 2093 1532 2149 dixit
1560 2092 1657 2148 Je-

235 2180 495 2253 discipulis
530 2182 668 2255 suis,
703 2184 934 2256 Vigilate
973 2199 1125 2256 ergo,
1158 2202 1317 2257 usque
1359 2185 1661 2241 constituet

241 2366 311 2421 ria
343 2381 375 2421 v
402 2365 750 2423 hebdomada:
788 2383 910 2438 qua:
946 2384 1133 2440 supra.
1181 2368 1370 2425 Lectio
1398 2368 1659 2441 Epistolae

273 2458 420 2515 Pauli
462 2460 691 2530 apostoli
736 2460 804 2516 ad
853 2461 1132 2519 Hebraeos.
1181 2461 1432 2529 Fratres,
1482 2463 1659 2519 omnis

236 2553 326 2611 .fex
359 2555 424 2611 ad
460 2554 734 2611 offerenda
773 2570 1025 2627 munera,
1071 2574 1234 2628 usque
1278 2566 1528 2615 sanctum
1558 2572 1661 2613 sae-

238 2664 285 2704 e.
336 2648 679 2721 Evangelium
726 2649 1030 2706 secundum
1080 2649 1449 2723 Matth.,cap.
1502 2666 1656 2719 xvm,

235 2755 245 2800 ι
290 2744 355 2801 ad
400 2744 579 2802 Jesum
630 2746 904 2819 leprosus,
948 2761 1109 2819 usque
1153 2746 1548 2804 conveniebant
1591 2745 1660 2801 ad

235 2838 484 2910 undique.

235 2932 303 2985 ria
336 2947 387 2986 vr
416 2930 772 2987 hebdomadas
801 2946 923 3003 quae
955 2945 1145 3003 supra.
1182 2930 1373 2988 Lectio
1399 2932 1661 3003 Epistola:

247 3024 399 3080 Pauli
446 3026 674 3097 apostoli
708 3026 775 3082 ad
806 3027 1089 3083 Hebraaos.
1121 3026 1363 3094 Fratres,
1409 3029 1662 3084 taberna-

236 3134 249 3173 I
298 3118 496 3174 factum
548 3129 633 3175 est
680 3119 936 3190 primum,
986 3136 1147 3191 usque
1192 3128 1398 3177 aeterna
1444 3122 1659 3179 redem-

1763 1903 1841 1959 tis
1868 1904 1922 1957 in
1952 1901 2101 1957 bello
2125 1901 2255 1958 Jesu
2286 1900 2435 1958 Nave
2465 1943 2480 1969 ,
2512 1918 2670 1972 usque
2695 1917 2891 1959 nomen
2921 1919 3109 1959 eorum
3140 1920 3359 1975 perma-

1761 2008 1859 2055 net
1875 1998 1927 2052 in
1947 2005 2235 2052 aeternum.
2260 1994 2617 2064 Evangelium
2649 1995 2948 2051 secundum
2970 1996 3198 2067 Lucam,
3231 2012 3354 2067 cap.

1762 2106 1912 2158 CLIV,
1944 2088 2092 2145 Dixit
2118 2088 2277 2145 Jesus
2316 2088 2604 2159 discipulis
2634 2087 2771 2157 suis,
2798 2088 2921 2144 Sint
2964 2088 3137 2145 lumbi
3180 2090 3356 2146 vestri

1762 2183 2068 2257 praecincti,
2096 2200 2259 2255 usque
2289 2182 2462 2239 Filius
2486 2182 2723 2239 hominis
2749 2185 2921 2240 venit.

1836 2293 1891 2332 IV
1937 2277 2061 2331 idus
2106 2266 2470 2346 Septembris.
2506 2276 2786 2345 Depositio
2815 2277 2989 2332 sancti
3018 2276 3212 2334 Hilarii
3237 2278 3358 2350 epi-

1762 2369 1938 2440 scopi.
1986 2369 2177 2425 Lectio
2222 2368 2346 2424 libri
2390 2370 2702 2439 Sapientiae.
2757 2370 3000 2428 Dilectus
3041 2388 3071 2427 a
3100 2372 3214 2429 Deo
3260 2388 3362 2430 suo

1760 2462 2069 2530 Samuhel,
2128 2478 2287 2534 usque
2336 2462 2702 2519 exsultatione
2757 2463 2952 2520 Goliae.
3006 2465 3363 2537 Evangelium

1763 2554 2067 2615 secundum
2091 2554 2352 2623 Marcum,
2382 2571 2502 2627 cap.
2533 2571 2798 2625 cxxxvtu,
2829 2557 2977 2613 Dixit
3006 2557 3165 2615 Jesus
3194 2559 3365 2615 disci-

1762 2651 1908 2725 pulis
1954 2648 2094 2717 suis,
2123 2647 2319 2706 Videte
2364 2664 2433 2707 ne
2479 2650 2602 2723 quis
2646 2666 2743 2707 vos
2787 2651 3034 2721 seducat,
3080 2670 3243 2725 usque
3270 2654 3361 2713 hic

1762 2744 1949 2802 salvus
1975 2743 2100 2799 erit.

1837 2852 1897 2892 ut
1944 2835 2066 2891 idus
2110 2834 2473 2906 Septembris.
2522 2835 2712 2893 Natale
2754 2846 3069 2895 sanctorum
3112 2840 3263 2897 Proti
3308 2850 3395 2898 et‘

1764 2927 2023 2987 Jacincti.
2070 2926 2264 2985 Lectio
2314 2928 2440 2985 libri
2494 2926 2807 3001 Sapientia}.
2861 2932 3145 2989 Invocavit
3189 2933 3363 2992 David

1764 3018 2061 3077 Dominum
2092 3008 2552 3093 omnipotentem,
2581 3038 2741 3093 usque
2771 3024 3075 3095 potentiam
3112 3025 3368 3084 inimico-

1764 3129 1911 3171 rum.
1963 3114 2315 3187 Evangelium
2360 3114 2659 3171 secundum
2708 3115 2922 3185 Matth.,
2984 3133 3107 3189 cap.
3138 3134 3358 3190 Lxxxtx,

235 3230 249 3270 ε
282 3215 529 3271 inventa.
552 3214 906 3286 Evangelium
937 3215 1240 3272 secundum
1275 3216 1503 3285 Lucam,
1535 3232 1658 3288 cap,
1689 3196 1737 3262 C
1766 3207 1918 3264 Dixit
1945 3208 2105 3266 Jesus
2147 3209 2432 3281 discipulis
2478 3209 2615 3279 suis,
2659 3211 2791 3267 Cum
2824 3222 3224 3284 persequentur
3259 3228 3360 3272 vos
3406 3200 3411 3205 ⁷

236 3323 326 3377 'm,
369 3307 521 3362 Dixit
556 3304 715 3363 Jesus
756 3308 1043 3379 discipulis
1085 3309 1199 3364 suis
1247 3308 1659 3368 similitudinem

281 3400 461 3456 Homo
512 3390 733 3471 quidam
783 3400 1003 3472 nobilis,
1059 3418 1219 3475 usque
1261 3401 1563 3461 ascendens
1602 3404 1658 3461 in

235 3492 434 3549 salem.

236 3586 375 3643 bato
405 3584 765 3645 hebdomadas
798 3604 921 3662 qua:
959 3601 1144 3661 supra.
1177 3588 1366 3649 Lectio
1394 3589 1659 3663 Epistolas

235 3679 387 3736 Pauli
420 3682 661 3752 apostoli
704 3682 771 3739 ad
811 3682 1093 3740 Hebraeos.
1141 3682 1382 3752 Fratres,
1416 3686 1461 3742 si
1508 3688 1661 3743 enim

235 3776 273 3831 is
327 3776 641 3845 hircorum,
691 3795 853 3852 usque
902 3778 1221 3836 melioribus
1251 3779 1448 3837 hostiis
1494 3798 1660 3853 quam

235 3867 585 3941 Zvangelium
632 3872 931 3928 secundum
974 3872 1191 3943 Mattb.,
1241 3888 1364 3945 eap.
1415 3890 1656 3943 ccxxx",

235 3962 388 4019 Iesus
418 3964 603 4020 turbis
622 3964 934 4024 Judmorum
955 3975 1012 4022 et
1031 3966 1379 4037 principibus
1404 3968 1663 4023 sacerdo-

235 4057 325 4113 Va:
356 4058 548 4128 vobis,
579 4059 772 4117 scribae
800 4069 859 4116 et
888 4059 1166 4131 pharisaei,
1195 4075 1358 4131 usque
1403 4059 1499 4116 illa
1545 4074 1662 4117 non

242 4166 329 4205 re.

236 4242 409 4298 tinica
442 4242 655 4299 mensis
696 4257 772 4297 vt.
819 4241 1007 4298 Lectio
1036 4240 1297 4314 Epistolas
1328 4243 1471 4300 beati
1503 4242 1661 4302 Pauli

235 4336 295 4389 li.
332 4334 594 4406 Fratres,
626 4335 672 4391 si
702 4336 933 4392 vivimus
962 4336 1181 4407 spiritu,
1211 4353 1370 4410 usque
1398 4337 1659 4396 domesti-

235 4430 310 4485 ei.
349 4430 726 4503 Evangelium
753 4429 1050 4486 secundum
1079 4430 1304 4498 Lucam,
1328 4446 1451 4504 cap.
1481 4447 1658 4503 vatt,

236 4537 346 4578 sus
382 4524 442 4578 in
476 4523 780 4590 civitatem,
810 4539 969 4594 usque
996 4522 1214 4593 plebem
1244 4539 1419 4580 suam.

1762 3299 1819 3357 in
1847 3298 2068 3358 civitate
2110 3300 2239 3371 ista,
2284 3316 2449 3373 usque
2476 3316 2663 3359 coram
2700 3301 2863 3360 Patre
2908 3319 3033 3361 meo
3060 3304 3153 3377 qui
3182 3315 3266 3363 est
3301 3306 3360 3363 in

1762 3394 1940 3452 caelis.

1834 3483 2117 3542 Dominica
2144 3483 2352 3542 mensis
2379 3498 2495 3540 vm.
2526 3483 2716 3542 Lectio
2743 3485 3006 3558 Epistolis
3031 3490 3175 3548 beati
3204 3490 3359 3549 Pauli

1762 3577 2097 3651 apostoliad
2126 3575 2417 3649 Ephesios.
2447 3577 2692 3646 Fratres,
2742 3580 2974 3640 obsecro
3014 3600 3114 3642 vos
3140 3585 3359 3645 vinctus

1763 3671 1819 3728 in
1849 3671 2105 3742 Domino,
2156 3687 2319 3739 usque
2366 3670 2421 3727 in
2468 3671 2721 3727 omnibus
2770 3674 2952 3730 nobis.
3004 3676 3359 3751 Evangelium

1764 3764 2067 3822 secundum
2115 3764 2341 3833 Lucam,
2375 3781 2498 3838 cap.
2545 3782 2727 3835 CLXVI,
2760 3765 2893 3825 Cum
2940 3771 3176 3832 intraret
3201 3775 3363 3835 Jesus

1765 3859 1825 3917 in
1854 3860 2078 3917 domum
2110 3861 2419 3933 cujusdam,
2452 3880 2615 3936 usque
2638 3864 2985 3923 exaltabitur.

1838 3954 1996 4010 Feria
2024 3970 2062 4012 ιι
2093 3954 2449 4013 hebdomadze
2478 3974 2664 4029 supra.
2707 3957 2896 4016 Lectio
2927 3963 3183 4033 Epistolas
3214 3968 3364 4023 beati

1766 4046 1923 4105 Pauli
1950 4049 2182 4120 apostoli
2222 4049 2291 4105 ad
2324 4049 2606 4106 Hebraeos.
2637 4050 2883 4123 Fratres,
2916 4059 3363 4115 rememoramini

1766 4151 1951 4199 autem
1997 4143 2256 4214 pristinos
2306 4143 2443 4209 dies,
2472 4160 2634 4216 usque
2680 4160 2845 4218 super
2875 4148 3021 4204 illam
3070 4150 3363 4209 defunctus

1766 4237 1949 4294 adhuc
1979 4237 2243 4308 loquitur.
2272 4237 2622 4309 Evangelium
2645 4240 2945 4297 secundum
2972 4242 3201 4314 Lucam,
3234 4259 3356 4317 cap.

1768 4332 2204 4399 cch,'Docente
2247 4332 2378 4390 Jesu
2425 4334 2688 4407 populum
2734 4336 2791 4393 in
2824 4339 3050 4409 templo,
3100 4357 3261 4411 usque
3307 4342 3363 4398 in

1768 4441 1873 4497 qua
1902 4435 2171 4497 potestate
2199 4428 2318 4484 haec
2343 4428 2509 4485 facio.

1840 4520 2027 4578 Idibus
2072 4522 2430 4591 Septembris.
2465 4522 2700 4579 Duronis
2730 4523 3001 4595 depositio
3046 4526 3219 4581 sancti
3262 4524 3359 4583 Li-

299 4617 690 4688 Septembris.
739 4616 796 4671 ln
848 4593 1049 4686 Gallia,
1098 4618 1319 4674 civitate
1362 4618 1653 4693 Vesuntio,
1688 4593 1919 4671 Ddoris
1971 4614 2239 4687 episcopi.
2288 4614 2359 4671 Et
2404 4615 2735 4686 Andigavis,
2768 4593 3038 4685 depositio
3077 4617 3361 4675 Aureliani

254 4719 609 4765 sanctorum
649 4707 855 4765 Ferioli
898 4717 952 4765 et
981 4708 1262 4765 Ferutioni
1310 4726 1437 4767 cum
1487 4712 1659 4775 sociis

296 4803 516 4860 Lectio
569 4803 693 4859 libri
743 4802 1061 4875 Sapientiae.
1105 4804 1379 4862 Abraham
1424 4823 1663 4880 magnus

236 4898 630 4965 tultitudinis,
653 4915 816 4971 usque
836 4898 1000 4970 elegit
1023 4898 1174 4955 illum
1195 4899 1265 4957 de
1292 4902 1443 4957 omni
1464 4918 1659 4963 carne.

240 4994 398 5049 lium
430 4992 746 5049 secundum
770 4993 994 5061 Lucam,
1013 5007 1137 5063 cap.
1161 5009 1289 5061 xt.v,
1306 4994 1656 5055 Descendens

236 5100 274 5142 e
310 5092 555 5150 monte,
586 5100 749 5156 usque
776 5084 997 5156 c0piosa
1027 5092 1115 5141 est
1139 5084 1190 5140 in
1222 5087 1399 5143 caelis.

235 5206 240 5233 ι
290 5195 364 5235 tn
400 5177 777 5235 hebdomadas
812 5194 933 5250 quae
959 5193 1146 5250 supra.
1180 5179 1365 5236 Lectio
1394 5181 1658 5253 Epistolas

235 5272 355 5329 auli
394 5273 650 5344 apostoli
678 5273 745 5329 ad
772 5273 1059 5332 Hebraaos.
1090 5274 1336 5342 Fratres,
1371 5292 1478 5334 non
1504 5278 1657 5335 enim

240 5368 484 5425 ul‘actis
528 5368 752 5440 sanctis,
784 5386 943 5441 usque
971 5368 1129 5427 sedet
1174 5371 1230 5427 in
1272 5370 1495 5428 dextera
1528 5372 1657 5430 Dei.

235 5464 388 5520 lium
412 5464 730 5520 secundum
755 5463 968 5532 Mattb.,
998 5479 1121 5536 cap.
1152 5480 1345 5533 xxxix,
1380 5466 1526 5522 Dixit
1554 5466 1656 5524 Je-

235 5558 453 5630 :ipulis
490 5558 634 5629 suis,
667 5558 912 5614 Audistis
937 5559 1061 5629 quia
1091 5558 1296 5615 dictum
1321 5568 1428 5623 est,
1453 5559 1661 5632 Diliges

235 5668 333 5707 um
376 5663 579 5720 tuum,
606 5667 764 5722 usque
784 5651 839 5707 in
871 5652 1139 5707 absconso
1166 5652 1360 5710 reddet
1392 5652 1517 5708 tibi.

235 5772 242 5798 ι
280 5760 348 5800 1v
409 5743 787 5800 hebdomade
811 5759 931 5816 qute
960 5758 1144 5815 supra.
1176 5744 1367 5802 Lectio
1400 5744 1667 5816 Epistula!

236 5836 353 5891 mli
394 5835 656 5908 apostoli
688 5835 756 5890 ad
783 5836 1064 5895 Hebraeos.
1092 5833 1341 5908 Fratres,
1363 5836 1435 5896 de
1463 5846 1665 5898 caetero

264 5928 594 5998 Panos.
635 5925 850 5996 XXX.

1770 4705 1929 4785 [Lege
1959 4710 2229 4782 Maurilii]
2259 4710 2524 4781 episcopi.
2552 4710 2741 4765 Lectio
2772 4708 2898 4764 libri
2918 4708 3232 4780 Sapientiae.
3264 4712 3362 4769 Sa-

1766 4804 1953 4860 lomon
2001 4802 2315 4874 impetravit
2360 4803 2415 4856 in
2462 4802 2654 4857 diebus
2683 4801 2854 4872 pacis,
2904 4819 3065 4872 usque
3108 4802 3361 4860 liberavit

1767 4911 1885 4954 eos.
1915 4895 2279 4967 Evangelium
2304 4894 2602 4950 secundum
2630 4894 2846 4963 Matth.,
2869 4910 2988 4966 cap.
3022 4911 3243 4966 Lxxxtx,
3269 4898 3362 4955 Di-

1766 4990 1849 5046 xit
1891 4988 2051 5046 Jesus
2096 4987 2383 5059 discipulis
2411 4988 2548 5055 suis,
2590 4987 2725 5044 Cum
2754 5000 3149 5062 persequentur
3175 5007 3276 5049 vos
3302 4992 3362 5049 in

1766 5083 1992 5142 civitate
2036 5084 2173 5151 ista,
2219 5098 2378 5154 usque
2425 5095 2610 5138 coram
2652 5082 2813 5139 Patre
2862 5097 2986 5140 meo
3028 5085 3121 5157 qui
3172 5097 3258 5144 est
3304 5088 3361 5143 in

1766 5178 1944 5236 caelis.
2254 5216 2257 5219 »

1842 5288 1974 5330 xvm
2003 5268 2113 5328 kal.
2145 5266 2418 5328 Octobris.
2444 5266 2637 5324 Natale
2663 5269 2838 5325 sancti
2862 5266 3098 5328 Cornelii
3140 5272 3362 5344 pontiﬁ-

1767 5369 1852 5428 cis
1898 5376 1955 5426 et
1995 5367 2169 5424 sancti
2198 5363 2482 5437 Cypriani,
2513 5373 2676 5436 atque
2705 5366 2962 5424 exaltatio
2993 5378 3198 5425 sanctae
3223 5371 3360 5427 Cru-

1770 5464 1875 5521 cis.
1905 5461 2095 5519 Lectio
2123 5459 2249 5516 libri
2275 5458 2592 5530 Sapientiae.
2632 5458 2887 5518 Surrexit
2907 5463 3057 5519 Elias
3088 5464 3358 5536 propheta

1771 5558 1930 5632 quasi
1958 5557 2115 5629 ignis,
2147 5571 2311 5628 usque
2336 5562 2500 5626 atque
2527 5556 2831 5612 evenirent.
2876 5557 3232 5631 Evangelium
3274 5577 3364 5620 se-

1774 5651 2017 5709 cundum
2048 5650 2271 5716 Lucam,
2292 5661 2417 5719 cap.
2436 5661 2566 5715 cn,
2596 5646 2823 5704 Dicebat
2850 5648 3006 5707 Jesus
3037 5652 3208 5709 turbis
3232 5655 3365 5725 pha-

1776 5747 2067 5805 riszeorum
2094 5754 2149 5800 et
2186 5741 2554 5815 principibus,
2589 5759 2749 5814 usque
2776 5752 2836 5799 ut
2866 5755 3187 5803 accusarent
3213 5764 3360 5805 eum.

1782 5896 1793 5915 ι
1855 5834 1992 5898 Item
2041 5836 2111 5897 de
2156 5850 2341 5896 cruce.
2374 5834 2563 5895 Lectio
2589 5835 2847 5909 Epistolas
2878 5837 3022 5898 beati
3053 5840 3203 5900 Pauli
3237 5857 3371 5912 apo-

2856 5935 2937 5995 17
