  <div class='ocr_page' id='page_1' title='image "/cluster/home/n/w/nwhite01/storage/ocr_20150623/30/uva.x000826572/269.png"; bbox 0 0 4050 6198; ppageno 0'>
   <div class='ocr_carea' id='block_1_1' title="bbox 521 260 627 319">
    <p class='ocr_par' dir='ltr' id='par_1_1' title="bbox 521 260 627 319">
     <span class='ocr_line' id='line_1_1' title="bbox 521 260 627 319; baseline -0.019 -1"><span class='ocrx_word' id='word_1_1' title='bbox 521 260 627 319; x_wconf 74' lang='lat'><strong>5&#39;25</strong></span> 
     </span>
    </p>
   </div>
   <div class='ocr_carea' id='block_1_2' title="bbox 1596 240 2795 303">
    <p class='ocr_par' dir='ltr' id='par_1_2' title="bbox 1596 240 2795 303">
     <span class='ocr_line' id='line_1_2' title="bbox 1596 240 2795 303; baseline -0.007 -2"><span class='ocrx_word' id='word_1_2' title='bbox 1596 244 1654 303; x_wconf 90' lang='lat' dir='ltr'><strong>S.</strong></span> <span class='ocrx_word' id='word_1_3' title='bbox 1695 243 2072 301; x_wconf 76' lang='lat' dir='ltr'><strong>HIERONYMI</strong></span> <span class='ocrx_word' id='word_1_4' title='bbox 2110 241 2393 300; x_wconf 83' lang='lat' dir='ltr'><strong>OPERUM</strong></span> <span class='ocrx_word' id='word_1_5' title='bbox 2432 240 2795 297; x_wconf 75' lang='lat' dir='ltr'><strong>MANTISSA.</strong></span> 
     </span>
    </p>
   </div>
   <div class='ocr_carea' id='block_1_3' title="bbox 3638 226 3838 298">
    <p class='ocr_par' dir='ltr' id='par_1_3' title="bbox 3638 226 3838 298">
     <span class='ocr_line' id='line_1_3' title="bbox 3638 226 3838 298; baseline 0.02 -4"><span class='ocrx_word' id='word_1_6' title='bbox 3638 226 3644 231; x_wconf 60' lang='grc'><strong>’</strong></span> <span class='ocrx_word' id='word_1_7' title='bbox 3736 236 3838 298; x_wconf 71' lang='grc' dir='ltr'>δει</span> 
     </span>
    </p>
   </div>
   <div class='ocr_carea' id='block_1_4' title="bbox 529 346 3836 439">
    <p class='ocr_par' dir='ltr' id='par_1_4' title="bbox 529 346 3836 439">
     <span class='ocr_line' id='line_1_4' title="bbox 529 346 3836 439; baseline -0.004 -18"><span class='ocrx_word' id='word_1_8' title='bbox 529 372 661 427; x_wconf 71' lang='lat' dir='ltr'><strong>steti</strong></span> <span class='ocrx_word' id='word_1_9' title='bbox 692 374 775 430; x_wconf 72' lang='lat' dir='ltr'><strong>ad</strong></span> <span class='ocrx_word' id='word_1_10' title='bbox 805 370 1198 439; x_wconf 81' lang='lat' dir='ltr'><strong>philippenses.</strong></span> <span class='ocrx_word' id='word_1_11' title='bbox 1233 360 1477 428; x_wconf 78' lang='lat' dir='ltr'><strong>Fratres,</strong></span> <span class='ocrx_word' id='word_1_12' title='bbox 1513 357 1616 413; x_wconf 86' lang='lat' dir='ltr'><strong>hoc</strong></span> <span class='ocrx_word' id='word_1_13' title='bbox 1661 359 1805 413; x_wconf 87' lang='lat' dir='ltr'><strong>enim</strong></span> <span class='ocrx_word' id='word_1_14' title='bbox 1858 359 2056 413; x_wconf 76' lang='lat' dir='ltr'><strong>sentite</strong></span> <span class='ocrx_word' id='word_1_15' title='bbox 2090 358 2141 411; x_wconf 90' lang='lat' dir='ltr'><strong>in</strong></span> <span class='ocrx_word' id='word_1_16' title='bbox 2171 360 2223 421; x_wconf 80' lang='grc' dir='ltr'>Α</span> <span class='ocrx_word' id='word_1_17' title='bbox 2247 357 2385 411; x_wconf 87' lang='lat' dir='ltr'><strong>cimo</strong></span> <span class='ocrx_word' id='word_1_18' title='bbox 2417 354 2506 411; x_wconf 90' lang='lat' dir='ltr'><strong>die</strong></span> <span class='ocrx_word' id='word_1_19' title='bbox 2534 354 2739 413; x_wconf 83' lang='lat' dir='ltr'><strong>mensis</strong></span> <span class='ocrx_word' id='word_1_20' title='bbox 2775 346 3027 424; x_wconf 72' lang='lat' dir='ltr'><strong>septimi,</strong></span> <span class='ocrx_word' id='word_1_21' title='bbox 3062 365 3223 423; x_wconf 83' lang='lat' dir='ltr'><strong>usque</strong></span> <span class='ocrx_word' id='word_1_22' title='bbox 3252 364 3352 424; x_wconf 86' lang='lat' dir='ltr'><strong>ego</strong></span> <span class='ocrx_word' id='word_1_23' title='bbox 3390 349 3658 409; x_wconf 82' lang='lat' dir='ltr'><strong>Dominus</strong></span> <span class='ocrx_word' id='word_1_24' title='bbox 3697 348 3836 408; x_wconf 87' lang='lat' dir='ltr'><strong>Deus</strong></span> 
     </span>
    </p>
   </div>
   <div class='ocr_carea' id='block_1_5' title="bbox 538 447 2142 529">
    <p class='ocr_par' dir='ltr' id='par_1_5' title="bbox 538 447 2142 529">
     <span class='ocr_line' id='line_1_5' title="bbox 538 447 2142 529; baseline -0.012 -10"><span class='ocrx_word' id='word_1_25' title='bbox 538 462 733 529; x_wconf 83' lang='lat' dir='ltr'><strong>vobis,</strong></span> <span class='ocrx_word' id='word_1_26' title='bbox 770 478 926 529; x_wconf 83' lang='lat' dir='ltr'><strong>usque</strong></span> <span class='ocrx_word' id='word_1_27' title='bbox 973 459 1024 511; x_wconf 91' lang='lat' dir='ltr'><strong>in</strong></span> <span class='ocrx_word' id='word_1_28' title='bbox 1055 452 1227 523; x_wconf 88' lang='lat' dir='ltr'><strong>gloria</strong></span> <span class='ocrx_word' id='word_1_29' title='bbox 1278 461 1361 507; x_wconf 90' lang='lat' dir='ltr'><strong>est</strong></span> <span class='ocrx_word' id='word_1_30' title='bbox 1404 449 1499 505; x_wconf 91' lang='lat' dir='ltr'><strong>Dei</strong></span> <span class='ocrx_word' id='word_1_31' title='bbox 1546 448 1745 505; x_wconf 81' lang='lat' dir='ltr'><strong>Patris.</strong></span> <span class='ocrx_word' id='word_1_32' title='bbox 1782 447 2142 519; x_wconf 85' lang='lat' dir='ltr'><strong>Evangelium</strong></span> 
     </span>
    </p>
   </div>
   <div class='ocr_carea' id='block_1_6' title="bbox 548 541 2143 614">
    <p class='ocr_par' dir='ltr' id='par_1_6' title="bbox 548 541 2143 614">
     <span class='ocr_line' id='line_1_6' title="bbox 548 541 2143 614; baseline -0.009 -5"><span class='ocrx_word' id='word_1_33' title='bbox 548 556 860 609; x_wconf 89' lang='lat' dir='ltr'><strong>secundum</strong></span> <span class='ocrx_word' id='word_1_34' title='bbox 886 552 1170 611; x_wconf 84' lang='lat' dir='ltr'><strong>Joannem,</strong></span> <span class='ocrx_word' id='word_1_35' title='bbox 1206 560 1328 614; x_wconf 89' lang='lat' dir='ltr'><strong>cap.</strong></span> <span class='ocrx_word' id='word_1_36' title='bbox 1378 558 1524 609; x_wconf 78' lang='lat' dir='ltr'><strong>xxrv,</strong></span> <span class='ocrx_word' id='word_1_37' title='bbox 1559 541 1691 599; x_wconf 84' lang='lat' dir='ltr'><strong>Erat</strong></span> <span class='ocrx_word' id='word_1_38' title='bbox 1717 542 1881 601; x_wconf 84' lang='lat' dir='ltr'><strong>ltomo</strong></span> <span class='ocrx_word' id='word_1_39' title='bbox 1914 556 1977 596; x_wconf 86' lang='lat' dir='ltr'><strong>ex</strong></span> <span class='ocrx_word' id='word_1_40' title='bbox 2010 542 2143 611; x_wconf 82' lang='lat' dir='ltr'><strong>pha-</strong></span> 
     </span>
    </p>
   </div>
   <div class='ocr_carea' id='block_1_7' title="bbox 550 639 1726 718">
    <p class='ocr_par' dir='ltr' id='par_1_7' title="bbox 550 639 1726 718">
     <span class='ocr_line' id='line_1_7' title="bbox 550 639 1726 718; baseline -0.012 -19"><span class='ocrx_word' id='word_1_41' title='bbox 550 646 751 707; x_wconf 69' lang='lat' dir='ltr'><strong>rismis,</strong></span> <span class='ocrx_word' id='word_1_42' title='bbox 786 658 942 713; x_wconf 76' lang='lat' dir='ltr'><strong>usque</strong></span> <span class='ocrx_word' id='word_1_43' title='bbox 969 639 1132 693; x_wconf 88' lang='lat' dir='ltr'><strong>vitam</strong></span> <span class='ocrx_word' id='word_1_44' title='bbox 1162 646 1445 695; x_wconf 65' lang='lat' dir='ltr'><strong>aeternam.</strong></span> <span class='ocrx_word' id='word_1_45' title='bbox 1722 713 1726 718; x_wconf 27' lang='lat'><strong><em>.</em></strong></span> 
     </span>
    </p>
   </div>
   <div class='ocr_carea' id='block_1_8' title="bbox 624 723 2143 789">
    <p class='ocr_par' dir='ltr' id='par_1_8' title="bbox 624 723 2143 789">
     <span class='ocr_line' id='line_1_8' title="bbox 624 723 2143 789; baseline -0.005 -2"><span class='ocrx_word' id='word_1_46' title='bbox 624 749 739 787; x_wconf 88' lang='lat' dir='ltr'><strong>xvu</strong></span> <span class='ocrx_word' id='word_1_47' title='bbox 769 733 877 787; x_wconf 83' lang='lat' dir='ltr'><strong>kat.</strong></span> <span class='ocrx_word' id='word_1_48' title='bbox 912 729 1181 786; x_wconf 76' lang='lat' dir='ltr'><strong>Octobris.</strong></span> <span class='ocrx_word' id='word_1_49' title='bbox 1226 727 1413 789; x_wconf 88' lang='lat' dir='ltr'><strong>Natale</strong></span> <span class='ocrx_word' id='word_1_50' title='bbox 1451 725 1621 781; x_wconf 84' lang='lat' dir='ltr'><strong>sancti</strong></span> <span class='ocrx_word' id='word_1_51' title='bbox 1666 723 1994 781; x_wconf 84' lang='lat' dir='ltr'><strong>Nicomedis.</strong></span> <span class='ocrx_word' id='word_1_52' title='bbox 2042 723 2143 780; x_wconf 92' lang='lat' dir='ltr'><strong>Lc-</strong></span> 
     </span>
    </p>
   </div>
   <div class='ocr_carea' id='block_1_9' title="bbox 553 818 2143 895">
    <p class='ocr_par' dir='ltr' id='par_1_9' title="bbox 553 818 2143 895">
     <span class='ocr_line' id='line_1_9' title="bbox 553 818 2143 895; baseline -0.008 -12"><span class='ocrx_word' id='word_1_53' title='bbox 553 828 660 883; x_wconf 87' lang='lat' dir='ltr'><strong>ctio</strong></span> <span class='ocrx_word' id='word_1_54' title='bbox 692 826 816 881; x_wconf 87' lang='lat' dir='ltr'><strong>libri</strong></span> <span class='ocrx_word' id='word_1_55' title='bbox 848 823 1163 895; x_wconf 69' lang='lat' dir='ltr'><strong>Sapientiae.</strong></span> <span class='ocrx_word' id='word_1_56' title='bbox 1196 820 1252 877; x_wconf 92' lang='lat' dir='ltr'><strong>In</strong></span> <span class='ocrx_word' id='word_1_57' title='bbox 1285 820 1679 890; x_wconf 84' lang='lat' dir='ltr'><strong>compositione</strong></span> <span class='ocrx_word' id='word_1_58' title='bbox 1721 818 1937 883; x_wconf 91' lang='lat' dir='ltr'><strong>odoris,</strong></span> <span class='ocrx_word' id='word_1_59' title='bbox 1984 833 2143 888; x_wconf 73' lang='lat' dir='ltr'><strong>usque</strong></span> 
     </span>
    </p>
   </div>
   <div class='ocr_carea' id='block_1_10' title="bbox 551 909 2139 988">
    <p class='ocr_par' dir='ltr' id='par_1_10' title="bbox 551 909 2139 988">
     <span class='ocr_line' id='line_1_10' title="bbox 551 909 2139 988; baseline -0.009 -11"><span class='ocrx_word' id='word_1_60' title='bbox 551 921 603 977; x_wconf 90' lang='lat' dir='ltr'><strong>in</strong></span> <span class='ocrx_word' id='word_1_61' title='bbox 652 919 919 988; x_wconf 84' lang='lat' dir='ltr'><strong>originem</strong></span> <span class='ocrx_word' id='word_1_62' title='bbox 967 916 1157 971; x_wconf 84' lang='lat' dir='ltr'><strong>Adam.</strong></span> <span class='ocrx_word' id='word_1_63' title='bbox 1210 913 1561 983; x_wconf 84' lang='lat' dir='ltr'><strong>Evangelium</strong></span> <span class='ocrx_word' id='word_1_64' title='bbox 1588 911 1883 969; x_wconf 90' lang='lat' dir='ltr'><strong>secundum</strong></span> <span class='ocrx_word' id='word_1_65' title='bbox 1915 909 2139 976; x_wconf 86' lang='lat' dir='ltr'><strong>Lucam,</strong></span> 
     </span>
    </p>
   </div>
   <div class='ocr_carea' id='block_1_11' title="bbox 554 1004 2144 1082">
    <p class='ocr_par' dir='ltr' id='par_1_11' title="bbox 554 1004 2144 1082">
     <span class='ocr_line' id='line_1_11' title="bbox 554 1004 2144 1082; baseline -0.006 -14"><span class='ocrx_word' id='word_1_66' title='bbox 554 1030 673 1082; x_wconf 90' lang='lat' dir='ltr'><strong>cap.</strong></span> <span class='ocrx_word' id='word_1_67' title='bbox 706 1027 850 1076; x_wconf 81' lang='lat' dir='ltr'><strong>xcvr,</strong></span> <span class='ocrx_word' id='word_1_68' title='bbox 884 1010 1035 1066; x_wconf 85' lang='lat' dir='ltr'><strong>Dixit</strong></span> <span class='ocrx_word' id='word_1_69' title='bbox 1062 1009 1219 1066; x_wconf 85' lang='lat' dir='ltr'><strong>Jesus</strong></span> <span class='ocrx_word' id='word_1_70' title='bbox 1268 1007 1550 1078; x_wconf 84' lang='lat' dir='ltr'><strong>discipulis</strong></span> <span class='ocrx_word' id='word_1_71' title='bbox 1595 1007 1730 1072; x_wconf 89' lang='lat' dir='ltr'><strong>suis,</strong></span> <span class='ocrx_word' id='word_1_72' title='bbox 1780 1006 1840 1061; x_wconf 85' lang='lat' dir='ltr'><strong>Si</strong></span> <span class='ocrx_word' id='word_1_73' title='bbox 1877 1005 1999 1076; x_wconf 82' lang='lat' dir='ltr'><strong>quis</strong></span> <span class='ocrx_word' id='word_1_74' title='bbox 2029 1004 2144 1061; x_wconf 83' lang='lat' dir='ltr'><strong>vult</strong></span> 
     </span>
    </p>
   </div>
   <div class='ocr_carea' id='block_1_12' title="bbox 549 1099 1855 1177">
    <p class='ocr_par' dir='ltr' id='par_1_12' title="bbox 549 1099 1855 1177">
     <span class='ocr_line' id='line_1_12' title="bbox 549 1099 1855 1177; baseline -0.006 -15"><span class='ocrx_word' id='word_1_75' title='bbox 549 1115 671 1177; x_wconf 89' lang='lat' dir='ltr'><strong>post</strong></span> <span class='ocrx_word' id='word_1_76' title='bbox 698 1120 786 1161; x_wconf 91' lang='lat' dir='ltr'><strong>me</strong></span> <span class='ocrx_word' id='word_1_77' title='bbox 817 1106 1026 1171; x_wconf 87' lang='lat' dir='ltr'><strong>venire,</strong></span> <span class='ocrx_word' id='word_1_78' title='bbox 1056 1119 1215 1174; x_wconf 81' lang='lat' dir='ltr'><strong>usque</strong></span> <span class='ocrx_word' id='word_1_79' title='bbox 1238 1101 1451 1165; x_wconf 82' lang='lat' dir='ltr'><strong>videant</strong></span> <span class='ocrx_word' id='word_1_80' title='bbox 1480 1117 1707 1171; x_wconf 80' lang='lat' dir='ltr'><strong>regnum</strong></span> <span class='ocrx_word' id='word_1_81' title='bbox 1739 1099 1855 1157; x_wconf 91' lang='lat' dir='ltr'><strong>Dei.</strong></span> 
     </span>
    </p>
   </div>
   <div class='ocr_carea' id='block_1_13' title="bbox 621 1190 2139 1262">
    <p class='ocr_par' dir='ltr' id='par_1_13' title="bbox 621 1190 2139 1262">
     <span class='ocr_line' id='line_1_13' title="bbox 621 1190 2139 1262; baseline -0.006 -8"><span class='ocrx_word' id='word_1_82' title='bbox 621 1215 715 1254; x_wconf 81' lang='lat' dir='ltr'><strong>xvr</strong></span> <span class='ocrx_word' id='word_1_83' title='bbox 766 1197 877 1253; x_wconf 88' lang='lat' dir='ltr'><strong>kal.</strong></span> <span class='ocrx_word' id='word_1_84' title='bbox 942 1194 1213 1251; x_wconf 84' lang='lat' dir='ltr'><strong>Octobris.</strong></span> <span class='ocrx_word' id='word_1_85' title='bbox 1267 1194 1457 1250; x_wconf 81' lang='lat' dir='ltr'><strong>Natale</strong></span> <span class='ocrx_word' id='word_1_86' title='bbox 1509 1204 1816 1249; x_wconf 88' lang='lat' dir='ltr'><strong>sanctarum</strong></span> <span class='ocrx_word' id='word_1_87' title='bbox 1877 1190 2139 1262; x_wconf 91' lang='lat' dir='ltr'><strong>virginum</strong></span> 
     </span>
    </p>
   </div>
   <div class='ocr_carea' id='block_1_14' title="bbox 545 1284 2141 1357">
    <p class='ocr_par' dir='ltr' id='par_1_14' title="bbox 545 1284 2141 1357">
     <span class='ocr_line' id='line_1_14' title="bbox 545 1284 2141 1357; baseline -0.007 -8"><span class='ocrx_word' id='word_1_88' title='bbox 545 1290 732 1351; x_wconf 83' lang='lat' dir='ltr'><strong>Luciae</strong></span> <span class='ocrx_word' id='word_1_89' title='bbox 757 1300 808 1345; x_wconf 90' lang='lat' dir='ltr'><strong>et</strong></span> <span class='ocrx_word' id='word_1_90' title='bbox 830 1289 1111 1345; x_wconf 70' lang='lat' dir='ltr'><strong>Eulcmize.</strong></span> <span class='ocrx_word' id='word_1_91' title='bbox 1137 1286 1323 1343; x_wconf 88' lang='lat' dir='ltr'><strong>Lectio</strong></span> <span class='ocrx_word' id='word_1_92' title='bbox 1351 1287 1473 1342; x_wconf 87' lang='lat' dir='ltr'><strong>libri</strong></span> <span class='ocrx_word' id='word_1_93' title='bbox 1507 1285 1817 1357; x_wconf 65' lang='lat' dir='ltr'><strong>Sapientiae.</strong></span> <span class='ocrx_word' id='word_1_94' title='bbox 1852 1286 1966 1356; x_wconf 90' lang='lat' dir='ltr'><strong>Ego</strong></span> <span class='ocrx_word' id='word_1_95' title='bbox 1987 1284 2141 1355; x_wconf 87' lang='lat' dir='ltr'><strong>quasi</strong></span> 
     </span>
    </p>
   </div>
   <div class='ocr_carea' id='block_1_15' title="bbox 546 1376 2137 1450">
    <p class='ocr_par' dir='ltr' id='par_1_15' title="bbox 546 1376 2137 1450">
     <span class='ocr_line' id='line_1_15' title="bbox 546 1376 2137 1450; baseline -0.003 -16"><span class='ocrx_word' id='word_1_96' title='bbox 546 1384 672 1439; x_wconf 80' lang='lat' dir='ltr'><strong>vitis</strong></span> <span class='ocrx_word' id='word_1_97' title='bbox 719 1381 1063 1447; x_wconf 85' lang='lat' dir='ltr'><strong>fruotilicavi,</strong></span> <span class='ocrx_word' id='word_1_98' title='bbox 1118 1396 1274 1450; x_wconf 81' lang='lat' dir='ltr'><strong>usque</strong></span> <span class='ocrx_word' id='word_1_99' title='bbox 1320 1378 1487 1435; x_wconf 89' lang='lat' dir='ltr'><strong>vitam</strong></span> <span class='ocrx_word' id='word_1_100' title='bbox 1533 1386 1792 1433; x_wconf 65' lang='lat' dir='ltr'><strong>aeternam</strong></span> <span class='ocrx_word' id='word_1_101' title='bbox 1840 1376 2137 1433; x_wconf 89' lang='lat' dir='ltr'><strong>habebunt.</strong></span> 
     </span>
    </p>
   </div>
   <div class='ocr_carea' id='block_1_16' title="bbox 550 1469 2143 1545">
    <p class='ocr_par' dir='ltr' id='par_1_16' title="bbox 550 1469 2143 1545">
     <span class='ocr_line' id='line_1_16' title="bbox 550 1469 2143 1545; baseline -0.006 -13"><span class='ocrx_word' id='word_1_102' title='bbox 550 1474 902 1545; x_wconf 80' lang='lat' dir='ltr'><strong>Evangelium</strong></span> <span class='ocrx_word' id='word_1_103' title='bbox 954 1473 1251 1528; x_wconf 88' lang='lat' dir='ltr'><strong>secundum</strong></span> <span class='ocrx_word' id='word_1_104' title='bbox 1294 1471 1629 1539; x_wconf 76' lang='lat' dir='ltr'><strong>Mattbmum,</strong></span> <span class='ocrx_word' id='word_1_105' title='bbox 1675 1486 1796 1541; x_wconf 87' lang='lat' dir='ltr'><strong>cap.</strong></span> <span class='ocrx_word' id='word_1_106' title='bbox 1845 1486 1967 1537; x_wconf 78' lang='lat' dir='ltr'><strong>CXL,</strong></span> <span class='ocrx_word' id='word_1_107' title='bbox 1999 1469 2143 1529; x_wconf 85' lang='lat' dir='ltr'><strong>Dixit</strong></span> 
     </span>
    </p>
   </div>
   <div class='ocr_carea' id='block_1_17' title="bbox 548 1562 2137 1639">
    <p class='ocr_par' dir='ltr' id='par_1_17' title="bbox 548 1562 2137 1639">
     <span class='ocr_line' id='line_1_17' title="bbox 548 1562 2137 1639; baseline -0.006 -11"><span class='ocrx_word' id='word_1_108' title='bbox 548 1572 707 1628; x_wconf 81' lang='lat' dir='ltr'><strong>.lesus</strong></span> <span class='ocrx_word' id='word_1_109' title='bbox 754 1569 1035 1639; x_wconf 87' lang='lat' dir='ltr'><strong>discipulis</strong></span> <span class='ocrx_word' id='word_1_110' title='bbox 1079 1568 1208 1636; x_wconf 81' lang='lat' dir='ltr'><strong>suis,</strong></span> <span class='ocrx_word' id='word_1_111' title='bbox 1244 1565 1435 1623; x_wconf 87' lang='lat' dir='ltr'><strong>Simile</strong></span> <span class='ocrx_word' id='word_1_112' title='bbox 1486 1574 1573 1622; x_wconf 88' lang='lat' dir='ltr'><strong>est</strong></span> <span class='ocrx_word' id='word_1_113' title='bbox 1600 1581 1829 1637; x_wconf 79' lang='lat' dir='ltr'><strong>regnum</strong></span> <span class='ocrx_word' id='word_1_114' title='bbox 1874 1562 2137 1627; x_wconf 70' lang='lat' dir='ltr'><strong>cmlorum</strong></span> 
     </span>
    </p>
   </div>
   <div class='ocr_carea' id='block_1_18' title="bbox 552 1660 1850 1731">
    <p class='ocr_par' dir='ltr' id='par_1_18' title="bbox 552 1660 1850 1731">
     <span class='ocr_line' id='line_1_18' title="bbox 552 1660 1850 1731; baseline -0.005 -10"><span class='ocrx_word' id='word_1_115' title='bbox 552 1664 810 1721; x_wconf 80' lang='lat' dir='ltr'><strong>thesauro</strong></span> <span class='ocrx_word' id='word_1_116' title='bbox 835 1660 1177 1726; x_wconf 86' lang='lat' dir='ltr'><strong>abscondito,</strong></span> <span class='ocrx_word' id='word_1_117' title='bbox 1213 1675 1368 1731; x_wconf 82' lang='lat' dir='ltr'><strong>usque</strong></span> <span class='ocrx_word' id='word_1_118' title='bbox 1398 1673 1535 1717; x_wconf 86' lang='lat' dir='ltr'><strong>nova</strong></span> <span class='ocrx_word' id='word_1_119' title='bbox 1567 1667 1621 1713; x_wconf 89' lang='lat' dir='ltr'><strong>et</strong></span> <span class='ocrx_word' id='word_1_120' title='bbox 1646 1667 1850 1721; x_wconf 81' lang='lat' dir='ltr'><strong>vetera.</strong></span> 
     </span>
    </p>
   </div>
   <div class='ocr_carea' id='block_1_19' title="bbox 2253 456 2449 504">
    <p class='ocr_par' dir='ltr' id='par_1_19' title="bbox 2253 456 2449 504">
     <span class='ocr_line' id='line_1_19' title="bbox 2253 456 2449 504; baseline -0.015 0"><span class='ocrx_word' id='word_1_121' title='bbox 2253 456 2449 504; x_wconf 87' lang='lat' dir='ltr'><strong>vester.</strong></span> 
     </span>
    </p>
   </div>
   <div class='ocr_carea' id='block_1_20' title="bbox 2316 542 3830 617">
    <p class='ocr_par' dir='ltr' id='par_1_20' title="bbox 2316 542 3830 617">
     <span class='ocr_line' id='line_1_20' title="bbox 2316 542 3830 617; baseline -0.001 -17"><span class='ocrx_word' id='word_1_122' title='bbox 2316 545 2450 603; x_wconf 88' lang='lat' dir='ltr'><strong>Item</strong></span> <span class='ocrx_word' id='word_1_123' title='bbox 2501 545 2663 601; x_wconf 90' lang='lat' dir='ltr'><strong>lectio</strong></span> <span class='ocrx_word' id='word_1_124' title='bbox 2695 544 2888 602; x_wconf 78' lang='lat' dir='ltr'><strong>Micbte</strong></span> <span class='ocrx_word' id='word_1_125' title='bbox 2938 543 3245 617; x_wconf 71' lang='lat' dir='ltr'><strong>pr0phette,</strong></span> <span class='ocrx_word' id='word_1_126' title='bbox 3279 543 3510 601; x_wconf 86' lang='lat' dir='ltr'><strong>Domine</strong></span> <span class='ocrx_word' id='word_1_127' title='bbox 3539 542 3688 601; x_wconf 87' lang='lat' dir='ltr'><strong>Deus</strong></span> <span class='ocrx_word' id='word_1_128' title='bbox 3737 558 3830 599; x_wconf 83' lang='lat' dir='ltr'><strong>no-</strong></span> 
     </span>
    </p>
   </div>
   <div class='ocr_carea' id='block_1_21' title="bbox 2245 635 3838 710">
    <p class='ocr_par' dir='ltr' id='par_1_21' title="bbox 2245 635 3838 710">
     <span class='ocr_line' id='line_1_21' title="bbox 2245 635 3838 710; baseline 0 -16"><span class='ocrx_word' id='word_1_129' title='bbox 2245 648 2368 702; x_wconf 90' lang='lat' dir='ltr'><strong>ster,</strong></span> <span class='ocrx_word' id='word_1_130' title='bbox 2410 654 2569 709; x_wconf 89' lang='lat' dir='ltr'><strong>pasce</strong></span> <span class='ocrx_word' id='word_1_131' title='bbox 2593 640 2873 710; x_wconf 86' lang='lat' dir='ltr'><strong>pepulum,</strong></span> <span class='ocrx_word' id='word_1_132' title='bbox 2889 655 3048 707; x_wconf 82' lang='lat' dir='ltr'><strong>usque</strong></span> <span class='ocrx_word' id='word_1_133' title='bbox 3068 655 3097 691; x_wconf 85' lang='lat' dir='ltr'><strong>a</strong></span> <span class='ocrx_word' id='word_1_134' title='bbox 3121 637 3313 693; x_wconf 91' lang='lat' dir='ltr'><strong>diebus</strong></span> <span class='ocrx_word' id='word_1_135' title='bbox 3338 637 3597 708; x_wconf 84' lang='lat' dir='ltr'><strong>antiquis,</strong></span> <span class='ocrx_word' id='word_1_136' title='bbox 3618 635 3838 695; x_wconf 86' lang='lat' dir='ltr'><strong>Domine</strong></span> 
     </span>
    </p>
   </div>
   <div class='ocr_carea' id='block_1_22' title="bbox 2246 730 2622 786">
    <p class='ocr_par' dir='ltr' id='par_1_22' title="bbox 2246 730 2622 786">
     <span class='ocr_line' id='line_1_22' title="bbox 2246 730 2622 786; baseline -0.003 -1"><span class='ocrx_word' id='word_1_137' title='bbox 2246 730 2387 786; x_wconf 86' lang='lat' dir='ltr'><strong>Deus</strong></span> <span class='ocrx_word' id='word_1_138' title='bbox 2416 738 2622 786; x_wconf 86' lang='lat' dir='ltr'><strong>noster.</strong></span> 
     </span>
    </p>
   </div>
   <div class='ocr_carea' id='block_1_23' title="bbox 2315 820 3835 893">
    <p class='ocr_par' dir='ltr' id='par_1_23' title="bbox 2315 820 3835 893">
     <span class='ocr_line' id='line_1_23' title="bbox 2315 820 3835 893; baseline -0.001 -16"><span class='ocrx_word' id='word_1_139' title='bbox 2315 822 2445 877; x_wconf 90' lang='lat' dir='ltr'><strong>ltem</strong></span> <span class='ocrx_word' id='word_1_140' title='bbox 2494 822 2653 877; x_wconf 80' lang='lat' dir='ltr'><strong>lectio</strong></span> <span class='ocrx_word' id='word_1_141' title='bbox 2699 820 2979 881; x_wconf 77' lang='lat' dir='ltr'><strong>Zacharize</strong></span> <span class='ocrx_word' id='word_1_142' title='bbox 3025 821 3331 893; x_wconf 73' lang='lat' dir='ltr'><strong>prophetae.</strong></span> <span class='ocrx_word' id='word_1_143' title='bbox 3380 820 3437 879; x_wconf 89' lang='lat' dir='ltr'><strong>In</strong></span> <span class='ocrx_word' id='word_1_144' title='bbox 3487 821 3685 879; x_wconf 90' lang='lat' dir='ltr'><strong>diebus</strong></span> <span class='ocrx_word' id='word_1_145' title='bbox 3734 822 3835 877; x_wconf 88' lang='lat' dir='ltr'><strong>illis</strong></span> 
     </span>
    </p>
   </div>
   <div class='ocr_carea' id='block_1_24' title="bbox 2244 912 3836 983">
    <p class='ocr_par' dir='ltr' id='par_1_24' title="bbox 2244 912 3836 983">
     <span class='ocr_line' id='line_1_24' title="bbox 2244 912 3836 983; baseline 0 -14"><span class='ocrx_word' id='word_1_146' title='bbox 2244 912 2446 969; x_wconf 85' lang='lat' dir='ltr'><strong>factum</strong></span> <span class='ocrx_word' id='word_1_147' title='bbox 2490 924 2576 970; x_wconf 84' lang='lat' dir='ltr'><strong>est</strong></span> <span class='ocrx_word' id='word_1_148' title='bbox 2622 915 2847 975; x_wconf 84' lang='lat' dir='ltr'><strong>verbum</strong></span> <span class='ocrx_word' id='word_1_149' title='bbox 2900 913 3110 971; x_wconf 89' lang='lat' dir='ltr'><strong>Domini</strong></span> <span class='ocrx_word' id='word_1_150' title='bbox 3160 914 3225 971; x_wconf 88' lang='lat' dir='ltr'><strong>ad</strong></span> <span class='ocrx_word' id='word_1_151' title='bbox 3275 930 3360 970; x_wconf 91' lang='lat' dir='ltr'><strong>mc</strong></span> <span class='ocrx_word' id='word_1_152' title='bbox 3404 912 3631 979; x_wconf 89' lang='lat' dir='ltr'><strong>dicens,</strong></span> <span class='ocrx_word' id='word_1_153' title='bbox 3683 930 3836 983; x_wconf 82' lang='lat' dir='ltr'><strong>usque</strong></span> 
     </span>
    </p>
   </div>
   <div class='ocr_carea' id='block_1_25' title="bbox 2244 1009 3835 1082">
    <p class='ocr_par' dir='ltr' id='par_1_25' title="bbox 2244 1009 3835 1082">
     <span class='ocr_line' id='line_1_25' title="bbox 2244 1009 3835 1082; baseline -0.003 -13"><span class='ocrx_word' id='word_1_154' title='bbox 2244 1026 2435 1081; x_wconf 83' lang='lat' dir='ltr'><strong>pacem</strong></span> <span class='ocrx_word' id='word_1_155' title='bbox 2483 1009 2718 1081; x_wconf 77' lang='lat' dir='ltr'><strong>diligite,</strong></span> <span class='ocrx_word' id='word_1_156' title='bbox 2770 1010 2901 1067; x_wconf 88' lang='lat' dir='ltr'><strong>dicit</strong></span> <span class='ocrx_word' id='word_1_157' title='bbox 2931 1009 3195 1066; x_wconf 90' lang='lat' dir='ltr'><strong>Dominus</strong></span> <span class='ocrx_word' id='word_1_158' title='bbox 3241 1009 3590 1082; x_wconf 89' lang='lat' dir='ltr'><strong>omnipotens</strong></span> <span class='ocrx_word' id='word_1_159' title='bbox 3630 1010 3835 1065; x_wconf 82' lang='lat' dir='ltr'><strong>exerci-</strong></span> 
     </span>
    </p>
   </div>
   <div class='ocr_carea' id='block_1_26' title="bbox 2244 1116 3833 1247">
    <p class='ocr_par' dir='ltr' id='par_1_26' title="bbox 2244 1116 3833 1247">
     <span class='ocr_line' id='line_1_26' title="bbox 2244 1116 3833 1247; baseline -0.003 -14"><span class='ocrx_word' id='word_1_160' title='bbox 2244 1116 2445 1233; x_wconf 41' lang='lat' dir='ltr'><strong>m&#39;lli‘din</strong></span> <span class='ocrx_word' id='word_1_161' title='bbox 2489 1177 2658 1233; x_wconf 89' lang='lat' dir='ltr'><strong>lectio</strong></span> <span class='ocrx_word' id='word_1_162' title='bbox 2706 1175 2834 1233; x_wconf 87' lang='lat' dir='ltr'><strong>libri</strong></span> <span class='ocrx_word' id='word_1_163' title='bbox 2884 1174 3079 1247; x_wconf 80' lang='lat' dir='ltr'><strong>Exodi.</strong></span> <span class='ocrx_word' id='word_1_164' title='bbox 3133 1174 3193 1231; x_wconf 93' lang='lat' dir='ltr'><strong>ln</strong></span> <span class='ocrx_word' id='word_1_165' title='bbox 3244 1173 3438 1231; x_wconf 91' lang='lat' dir='ltr'><strong>diebus</strong></span> <span class='ocrx_word' id='word_1_166' title='bbox 3498 1174 3610 1229; x_wconf 89' lang='lat' dir='ltr'><strong>illis</strong></span> <span class='ocrx_word' id='word_1_167' title='bbox 3659 1173 3833 1229; x_wconf 86' lang='lat' dir='ltr'><strong>oravit</strong></span> 
     </span>
    </p>
   </div>
   <div class='ocr_carea' id='block_1_27' title="bbox 2243 1266 3831 1347">
    <p class='ocr_par' dir='ltr' id='par_1_27' title="bbox 2243 1266 3831 1347">
     <span class='ocr_line' id='line_1_27' title="bbox 2243 1266 3831 1347; baseline -0.004 -18"><span class='ocrx_word' id='word_1_168' title='bbox 2243 1274 2455 1347; x_wconf 82' lang='lat' dir='ltr'><strong>Moyses</strong></span> <span class='ocrx_word' id='word_1_169' title='bbox 2496 1274 2561 1329; x_wconf 90' lang='lat' dir='ltr'><strong>ad</strong></span> <span class='ocrx_word' id='word_1_170' title='bbox 2591 1274 2874 1328; x_wconf 89' lang='lat' dir='ltr'><strong>Dominum</strong></span> <span class='ocrx_word' id='word_1_171' title='bbox 2906 1272 3073 1327; x_wconf 90' lang='lat' dir='ltr'><strong>Deum</strong></span> <span class='ocrx_word' id='word_1_172' title='bbox 3102 1287 3258 1327; x_wconf 91' lang='lat' dir='ltr'><strong>suum</strong></span> <span class='ocrx_word' id='word_1_173' title='bbox 3317 1271 3527 1334; x_wconf 88' lang='lat' dir='ltr'><strong>dicens,</strong></span> <span class='ocrx_word' id='word_1_174' title='bbox 3566 1266 3697 1337; x_wconf 89' lang='lat' dir='ltr'><strong>Cur,</strong></span> <span class='ocrx_word' id='word_1_175' title='bbox 3733 1268 3831 1323; x_wconf 91' lang='lat' dir='ltr'><strong>Do-</strong></span> 
     </span>
    </p>
   </div>
   <div class='ocr_carea' id='block_1_28' title="bbox 2242 1360 3831 1437">
    <p class='ocr_par' dir='ltr' id='par_1_28' title="bbox 2242 1360 3831 1437">
     <span class='ocr_line' id='line_1_28' title="bbox 2242 1360 3831 1437; baseline -0.004 -15"><span class='ocrx_word' id='word_1_176' title='bbox 2242 1368 2408 1433; x_wconf 90' lang='lat' dir='ltr'><strong>mine,</strong></span> <span class='ocrx_word' id='word_1_177' title='bbox 2454 1367 2711 1423; x_wconf 79' lang='lat' dir='ltr'><strong>irascitur</strong></span> <span class='ocrx_word' id='word_1_178' title='bbox 2740 1365 2887 1421; x_wconf 77' lang='lat' dir='ltr'><strong>furor</strong></span> <span class='ocrx_word' id='word_1_179' title='bbox 2920 1373 3064 1433; x_wconf 81' lang='lat' dir='ltr'><strong>tuus,</strong></span> <span class='ocrx_word' id='word_1_180' title='bbox 3094 1381 3253 1437; x_wconf 83' lang='lat' dir='ltr'><strong>usque</strong></span> <span class='ocrx_word' id='word_1_181' title='bbox 3283 1362 3545 1417; x_wconf 79' lang='lat' dir='ltr'><strong>adversus</strong></span> <span class='ocrx_word' id='word_1_182' title='bbox 3572 1360 3831 1433; x_wconf 90' lang='lat' dir='ltr'><strong>populum</strong></span> 
     </span>
    </p>
   </div>
   <div class='ocr_carea' id='block_1_29' title="bbox 2240 1458 3187 1532">
    <p class='ocr_par' dir='ltr' id='par_1_29' title="bbox 2240 1458 3187 1532">
     <span class='ocr_line' id='line_1_29' title="bbox 2240 1458 3187 1532; baseline -0.006 -15"><span class='ocrx_word' id='word_1_183' title='bbox 2240 1469 2509 1532; x_wconf 83' lang='lat' dir='ltr'><strong>sanctum,</strong></span> <span class='ocrx_word' id='word_1_184' title='bbox 2552 1462 2779 1517; x_wconf 89' lang='lat' dir='ltr'><strong>Domine</strong></span> <span class='ocrx_word' id='word_1_185' title='bbox 2803 1458 2945 1515; x_wconf 85' lang='lat' dir='ltr'><strong>Deus</strong></span> <span class='ocrx_word' id='word_1_186' title='bbox 2975 1467 3187 1516; x_wconf 91' lang='lat' dir='ltr'><strong>noster.</strong></span> 
     </span>
    </p>
   </div>
   <div class='ocr_carea' id='block_1_30' title="bbox 2312 1544 3829 1626">
    <p class='ocr_par' dir='ltr' id='par_1_30' title="bbox 2312 1544 3829 1626">
     <span class='ocr_line' id='line_1_30' title="bbox 2312 1544 3829 1626; baseline -0.005 -16"><span class='ocrx_word' id='word_1_187' title='bbox 2312 1554 2497 1611; x_wconf 79' lang='lat' dir='ltr'><strong>Lectio</strong></span> <span class='ocrx_word' id='word_1_188' title='bbox 2534 1554 2794 1626; x_wconf 60' lang='lat' dir='ltr'><strong>Epistolas</strong></span> <span class='ocrx_word' id='word_1_189' title='bbox 2831 1552 2973 1609; x_wconf 87' lang='lat' dir='ltr'><strong>beati</strong></span> <span class='ocrx_word' id='word_1_190' title='bbox 3007 1550 3154 1608; x_wconf 84' lang='lat' dir='ltr'><strong>Pauli</strong></span> <span class='ocrx_word' id='word_1_191' title='bbox 3186 1548 3420 1623; x_wconf 84' lang='lat' dir='ltr'><strong>apostoli</strong></span> <span class='ocrx_word' id='word_1_192' title='bbox 3452 1548 3516 1607; x_wconf 88' lang='lat' dir='ltr'><strong>ad</strong></span> <span class='ocrx_word' id='word_1_193' title='bbox 3544 1544 3829 1606; x_wconf 68' lang='lat' dir='ltr'><strong>ilebrtcos.</strong></span> 
     </span>
    </p>
   </div>
   <div class='ocr_carea' id='block_1_31' title="bbox 2239 1640 3833 1715">
    <p class='ocr_par' dir='ltr' id='par_1_31' title="bbox 2239 1640 3833 1715">
     <span class='ocr_line' id='line_1_31' title="bbox 2239 1640 3833 1715; baseline -0.006 -11"><span class='ocrx_word' id='word_1_194' title='bbox 2239 1640 2483 1715; x_wconf 83' lang='lat' dir='ltr'><strong>Fratres,</strong></span> <span class='ocrx_word' id='word_1_195' title='bbox 2533 1646 2945 1702; x_wconf 86' lang='lat' dir='ltr'><strong>tabernaculum</strong></span> <span class='ocrx_word' id='word_1_196' title='bbox 3002 1645 3197 1699; x_wconf 80' lang='lat' dir='ltr'><strong>factum</strong></span> <span class='ocrx_word' id='word_1_197' title='bbox 3231 1649 3316 1698; x_wconf 88' lang='lat' dir='ltr'><strong>est</strong></span> <span class='ocrx_word' id='word_1_198' title='bbox 3363 1641 3623 1714; x_wconf 88' lang='lat' dir='ltr'><strong>primum,</strong></span> <span class='ocrx_word' id='word_1_199' title='bbox 3672 1657 3833 1713; x_wconf 75' lang='lat' dir='ltr'><strong>usque</strong></span> 
     </span>
    </p>
   </div>
   <div class='ocr_carea' id='block_1_32' title="bbox 619 1735 3830 1823">
    <p class='ocr_par' dir='ltr' id='par_1_32' title="bbox 619 1735 3830 1823">
     <span class='ocr_line' id='line_1_32' title="bbox 619 1735 3830 1823; baseline -0.007 -11"><span class='ocrx_word' id='word_1_200' title='bbox 619 1774 687 1812; x_wconf 84' lang='lat' dir='ltr'><strong>xv</strong></span> <span class='ocrx_word' id='word_1_201' title='bbox 717 1756 827 1812; x_wconf 78' lang='lat' dir='ltr'><strong>kal.</strong></span> <span class='ocrx_word' id='word_1_202' title='bbox 856 1754 1129 1811; x_wconf 87' lang='lat' dir='ltr'><strong>Octobris.</strong></span> <span class='ocrx_word' id='word_1_203' title='bbox 1181 1755 1237 1808; x_wconf 91' lang='lat' dir='ltr'><strong>In</strong></span> <span class='ocrx_word' id='word_1_204' title='bbox 1270 1752 1460 1817; x_wconf 88' lang='lat' dir='ltr'><strong>Ledio,</strong></span> <span class='ocrx_word' id='word_1_205' title='bbox 1497 1752 1765 1823; x_wconf 90' lang='lat' dir='ltr'><strong>depositio</strong></span> <span class='ocrx_word' id='word_1_206' title='bbox 1795 1752 1965 1811; x_wconf 80' lang='lat' dir='ltr'><strong>sancti</strong></span> <span class='ocrx_word' id='word_1_207' title='bbox 1997 1750 2137 1807; x_wconf 88' lang='lat' dir='ltr'><strong>Lan-</strong></span> <span class='ocrx_word' id='word_1_208' title='bbox 2166 1750 2213 1813; x_wconf 85' lang='lat' dir='ltr'><strong>B</strong></span> <span class='ocrx_word' id='word_1_209' title='bbox 2240 1753 2441 1800; x_wconf 60' lang='lat' dir='ltr'><strong>aeterna</strong></span> <span class='ocrx_word' id='word_1_210' title='bbox 2474 1742 2850 1813; x_wconf 90' lang='lat' dir='ltr'><strong>redemptione</strong></span> <span class='ocrx_word' id='word_1_211' title='bbox 2883 1741 3123 1797; x_wconf 88' lang='lat' dir='ltr'><strong>inventa.</strong></span> <span class='ocrx_word' id='word_1_212' title='bbox 3154 1737 3505 1809; x_wconf 84' lang='lat' dir='ltr'><strong>Evangelium</strong></span> <span class='ocrx_word' id='word_1_213' title='bbox 3532 1735 3830 1791; x_wconf 89' lang='lat' dir='ltr'><strong>secundum</strong></span> 
     </span>
    </p>
   </div>
   <div class='ocr_carea' id='block_1_33' title="bbox 547 1841 2137 1921">
    <p class='ocr_par' dir='ltr' id='par_1_33' title="bbox 547 1841 2137 1921">
     <span class='ocr_line' id='line_1_33' title="bbox 547 1841 2137 1921; baseline -0.004 -18"><span class='ocrx_word' id='word_1_214' title='bbox 547 1849 745 1911; x_wconf 72' lang='lat' dir='ltr'><strong>(liberti</strong></span> <span class='ocrx_word' id='word_1_215' title='bbox 774 1845 1039 1921; x_wconf 88' lang='lat' dir='ltr'><strong>episcopi.</strong></span> <span class='ocrx_word' id='word_1_216' title='bbox 1066 1845 1251 1905; x_wconf 86' lang='lat' dir='ltr'><strong>Lectio</strong></span> <span class='ocrx_word' id='word_1_217' title='bbox 1283 1845 1406 1900; x_wconf 88' lang='lat' dir='ltr'><strong>libri</strong></span> <span class='ocrx_word' id='word_1_218' title='bbox 1428 1843 1742 1914; x_wconf 68' lang='lat' dir='ltr'><strong>Sapientim.</strong></span> <span class='ocrx_word' id='word_1_219' title='bbox 1776 1843 1963 1899; x_wconf 90' lang='lat' dir='ltr'><strong>Simon</strong></span> <span class='ocrx_word' id='word_1_220' title='bbox 1986 1841 2137 1897; x_wconf 75' lang='lat' dir='ltr'><strong>Onia:</strong></span> 
     </span>
    </p>
   </div>
   <div class='ocr_carea' id='block_1_34' title="bbox 547 1936 2135 2010">
    <p class='ocr_par' dir='ltr' id='par_1_34' title="bbox 547 1936 2135 2010">
     <span class='ocr_line' id='line_1_34' title="bbox 547 1936 2135 2010; baseline -0.004 -12"><span class='ocrx_word' id='word_1_221' title='bbox 547 1947 691 1998; x_wconf 88' lang='lat' dir='ltr'><strong>tilius</strong></span> <span class='ocrx_word' id='word_1_222' title='bbox 721 1941 973 1997; x_wconf 85' lang='lat' dir='ltr'><strong>sacerdos</strong></span> <span class='ocrx_word' id='word_1_223' title='bbox 1019 1954 1245 2010; x_wconf 83' lang='lat' dir='ltr'><strong>magnus</strong></span> <span class='ocrx_word' id='word_1_224' title='bbox 1267 1978 1281 2001; x_wconf 91' lang='lat'><strong>,</strong></span> <span class='ocrx_word' id='word_1_225' title='bbox 1332 1954 1495 2009; x_wconf 85' lang='lat' dir='ltr'><strong>usque</strong></span> <span class='ocrx_word' id='word_1_226' title='bbox 1523 1937 1992 1993; x_wconf 88' lang='lat' dir='ltr'><strong>consummatione</strong></span> <span class='ocrx_word' id='word_1_227' title='bbox 2021 1936 2135 1991; x_wconf 87' lang='lat' dir='ltr'><strong>vir-</strong></span> 
     </span>
    </p>
   </div>
   <div class='ocr_carea' id='block_1_35' title="bbox 544 2028 2137 2104">
    <p class='ocr_par' dir='ltr' id='par_1_35' title="bbox 544 2028 2137 2104">
     <span class='ocr_line' id='line_1_35' title="bbox 544 2028 2137 2104; baseline -0.005 -13"><span class='ocrx_word' id='word_1_228' title='bbox 544 2038 693 2095; x_wconf 89' lang='lat' dir='ltr'><strong>tutis.</strong></span> <span class='ocrx_word' id='word_1_229' title='bbox 728 2032 1081 2104; x_wconf 82' lang='lat' dir='ltr'><strong>Evangelinm</strong></span> <span class='ocrx_word' id='word_1_230' title='bbox 1129 2031 1425 2087; x_wconf 89' lang='lat' dir='ltr'><strong>secundum</strong></span> <span class='ocrx_word' id='word_1_231' title='bbox 1460 2028 1685 2098; x_wconf 91' lang='lat' dir='ltr'><strong>Lucam,</strong></span> <span class='ocrx_word' id='word_1_232' title='bbox 1718 2046 1838 2096; x_wconf 86' lang='lat' dir='ltr'><strong>cap.</strong></span> <span class='ocrx_word' id='word_1_233' title='bbox 1869 2044 2013 2097; x_wconf 77' lang='lat' dir='ltr'><strong>xcvr,</strong></span> <span class='ocrx_word' id='word_1_234' title='bbox 2049 2028 2137 2084; x_wconf 84' lang='lat' dir='ltr'><strong>Di-</strong></span> 
     </span>
    </p>
   </div>
   <div class='ocr_carea' id='block_1_36' title="bbox 543 2125 2136 2198">
    <p class='ocr_par' dir='ltr' id='par_1_36' title="bbox 543 2125 2136 2198">
     <span class='ocr_line' id='line_1_36' title="bbox 543 2125 2136 2198; baseline -0.003 -14"><span class='ocrx_word' id='word_1_235' title='bbox 543 2131 622 2184; x_wconf 86' lang='lat' dir='ltr'><strong>xit</strong></span> <span class='ocrx_word' id='word_1_236' title='bbox 665 2128 826 2185; x_wconf 86' lang='lat' dir='ltr'><strong>Jesus</strong></span> <span class='ocrx_word' id='word_1_237' title='bbox 875 2126 1152 2197; x_wconf 88' lang='lat' dir='ltr'><strong>discipulis</strong></span> <span class='ocrx_word' id='word_1_238' title='bbox 1201 2128 1348 2193; x_wconf 89' lang='lat' dir='ltr'><strong>suis,</strong></span> <span class='ocrx_word' id='word_1_239' title='bbox 1402 2125 1459 2181; x_wconf 89' lang='lat' dir='ltr'><strong>Si</strong></span> <span class='ocrx_word' id='word_1_240' title='bbox 1490 2125 1611 2196; x_wconf 86' lang='lat' dir='ltr'><strong>quis</strong></span> <span class='ocrx_word' id='word_1_241' title='bbox 1638 2125 1756 2183; x_wconf 81' lang='lat' dir='ltr'><strong>vult</strong></span> <span class='ocrx_word' id='word_1_242' title='bbox 1783 2134 1905 2198; x_wconf 88' lang='lat' dir='ltr'><strong>post</strong></span> <span class='ocrx_word' id='word_1_243' title='bbox 1933 2139 2020 2179; x_wconf 91' lang='lat' dir='ltr'><strong>me</strong></span> <span class='ocrx_word' id='word_1_244' title='bbox 2041 2138 2136 2180; x_wconf 86' lang='lat' dir='ltr'><strong>vc-</strong></span> 
     </span>
    </p>
   </div>
   <div class='ocr_carea' id='block_1_37' title="bbox 543 2216 1523 2291">
    <p class='ocr_par' dir='ltr' id='par_1_37' title="bbox 543 2216 1523 2291">
     <span class='ocr_line' id='line_1_37' title="bbox 543 2216 1523 2291; baseline -0.005 -15"><span class='ocrx_word' id='word_1_245' title='bbox 543 2222 682 2286; x_wconf 89' lang='lat' dir='ltr'><strong>nire,</strong></span> <span class='ocrx_word' id='word_1_246' title='bbox 712 2236 872 2291; x_wconf 85' lang='lat' dir='ltr'><strong>usque</strong></span> <span class='ocrx_word' id='word_1_247' title='bbox 905 2218 1121 2273; x_wconf 84' lang='lat' dir='ltr'><strong>videant</strong></span> <span class='ocrx_word' id='word_1_248' title='bbox 1149 2233 1375 2291; x_wconf 88' lang='lat' dir='ltr'><strong>regnum</strong></span> <span class='ocrx_word' id='word_1_249' title='bbox 1404 2216 1523 2274; x_wconf 89' lang='lat' dir='ltr'><strong>Dei.</strong></span> 
     </span>
    </p>
   </div>
   <div class='ocr_carea' id='block_1_38' title="bbox 616 2305 2134 2379">
    <p class='ocr_par' dir='ltr' id='par_1_38' title="bbox 616 2305 2134 2379">
     <span class='ocr_line' id='line_1_38' title="bbox 616 2305 2134 2379; baseline -0.004 -11"><span class='ocrx_word' id='word_1_250' title='bbox 616 2311 894 2368; x_wconf 78' lang='lat' dir='ltr'><strong>Dominica</strong></span> <span class='ocrx_word' id='word_1_251' title='bbox 926 2309 1129 2378; x_wconf 83' lang='lat' dir='ltr'><strong>mensis</strong></span> <span class='ocrx_word' id='word_1_252' title='bbox 1160 2324 1251 2363; x_wconf 81' lang='lat' dir='ltr'><strong>vn.</strong></span> <span class='ocrx_word' id='word_1_253' title='bbox 1284 2308 1473 2363; x_wconf 89' lang='lat' dir='ltr'><strong>Lectio</strong></span> <span class='ocrx_word' id='word_1_254' title='bbox 1508 2306 1762 2379; x_wconf 59' lang='lat' dir='ltr'><strong>Epistolas</strong></span> <span class='ocrx_word' id='word_1_255' title='bbox 1804 2305 1950 2362; x_wconf 88' lang='lat' dir='ltr'><strong>beati</strong></span> <span class='ocrx_word' id='word_1_256' title='bbox 1985 2306 2134 2363; x_wconf 85' lang='lat' dir='ltr'><strong>Pauli</strong></span> 
     </span>
    </p>
   </div>
   <div class='ocr_carea' id='block_1_39' title="bbox 539 2396 2132 2475">
    <p class='ocr_par' dir='ltr' id='par_1_39' title="bbox 539 2396 2132 2475">
     <span class='ocr_line' id='line_1_39' title="bbox 539 2396 2132 2475; baseline -0.003 -17"><span class='ocrx_word' id='word_1_257' title='bbox 539 2404 768 2475; x_wconf 84' lang='lat' dir='ltr'><strong>apostoli</strong></span> <span class='ocrx_word' id='word_1_258' title='bbox 815 2402 882 2460; x_wconf 89' lang='lat' dir='ltr'><strong>ad</strong></span> <span class='ocrx_word' id='word_1_259' title='bbox 935 2396 1272 2465; x_wconf 88' lang='lat' dir='ltr'><strong>Corinthios.</strong></span> <span class='ocrx_word' id='word_1_260' title='bbox 1328 2399 1568 2469; x_wconf 85' lang='lat' dir='ltr'><strong>Fratres,</strong></span> <span class='ocrx_word' id='word_1_261' title='bbox 1622 2397 1825 2471; x_wconf 81' lang='lat' dir='ltr'><strong>gratias</strong></span> <span class='ocrx_word' id='word_1_262' title='bbox 1870 2414 1972 2470; x_wconf 88' lang='lat' dir='ltr'><strong>ago</strong></span> <span class='ocrx_word' id='word_1_263' title='bbox 2018 2399 2132 2455; x_wconf 89' lang='lat' dir='ltr'><strong>Deo</strong></span> 
     </span>
    </p>
   </div>
   <div class='ocr_carea' id='block_1_40' title="bbox 544 2482 2130 2565">
    <p class='ocr_par' dir='ltr' id='par_1_40' title="bbox 544 2482 2130 2565">
     <span class='ocr_line' id='line_1_40' title="bbox 544 2482 2130 2565; baseline -0.004 -13"><span class='ocrx_word' id='word_1_264' title='bbox 544 2512 698 2565; x_wconf 88' lang='lat' dir='ltr'><strong>meo,</strong></span> <span class='ocrx_word' id='word_1_265' title='bbox 750 2510 909 2564; x_wconf 85' lang='lat' dir='ltr'><strong>usque</strong></span> <span class='ocrx_word' id='word_1_266' title='bbox 954 2496 1223 2550; x_wconf 80' lang='lat' dir='ltr'><strong>adventus</strong></span> <span class='ocrx_word' id='word_1_267' title='bbox 1254 2484 1469 2548; x_wconf 89' lang='lat' dir='ltr'><strong>Domini</strong></span> <span class='ocrx_word' id='word_1_268' title='bbox 1516 2492 1685 2548; x_wconf 91' lang='lat' dir='ltr'><strong>nostri</strong></span> <span class='ocrx_word' id='word_1_269' title='bbox 1732 2484 1858 2549; x_wconf 68' lang='lat' dir='ltr'><strong>Iesu</strong></span> <span class='ocrx_word' id='word_1_270' title='bbox 1909 2482 2130 2547; x_wconf 87' lang='lat' dir='ltr'><strong>Christi.</strong></span> 
     </span>
    </p>
   </div>
   <div class='ocr_carea' id='block_1_41' title="bbox 546 2585 2130 2661">
    <p class='ocr_par' dir='ltr' id='par_1_41' title="bbox 546 2585 2130 2661">
     <span class='ocr_line' id='line_1_41' title="bbox 546 2585 2130 2661; baseline -0.007 -11"><span class='ocrx_word' id='word_1_271' title='bbox 546 2590 893 2661; x_wconf 80' lang='lat' dir='ltr'><strong>Evangeliunt</strong></span> <span class='ocrx_word' id='word_1_272' title='bbox 924 2588 1223 2644; x_wconf 85' lang='lat' dir='ltr'><strong>secundum</strong></span> <span class='ocrx_word' id='word_1_273' title='bbox 1253 2585 1588 2651; x_wconf 73' lang='lat' dir='ltr'><strong>Matthazum,</strong></span> <span class='ocrx_word' id='word_1_274' title='bbox 1618 2600 1738 2658; x_wconf 83' lang='lat' dir='ltr'><strong>cap.</strong></span> <span class='ocrx_word' id='word_1_275' title='bbox 1767 2600 1987 2651; x_wconf 85' lang='lat' dir='ltr'><strong>ccxxtu,</strong></span> <span class='ocrx_word' id='word_1_276' title='bbox 2021 2588 2130 2640; x_wconf 84' lang='lat' dir='ltr'><strong>Ac-</strong></span> 
     </span>
    </p>
   </div>
   <div class='ocr_carea' id='block_1_42' title="bbox 540 2676 2133 2747">
    <p class='ocr_par' dir='ltr' id='par_1_42' title="bbox 540 2676 2133 2747">
     <span class='ocr_line' id='line_1_42' title="bbox 540 2676 2133 2747; baseline -0.003 -9"><span class='ocrx_word' id='word_1_277' title='bbox 540 2682 797 2740; x_wconf 88' lang='lat' dir='ltr'><strong>cedentes</strong></span> <span class='ocrx_word' id='word_1_278' title='bbox 841 2678 908 2736; x_wconf 90' lang='lat' dir='ltr'><strong>ad</strong></span> <span class='ocrx_word' id='word_1_279' title='bbox 937 2678 1121 2736; x_wconf 85' lang='lat' dir='ltr'><strong>Jcsum</strong></span> <span class='ocrx_word' id='word_1_280' title='bbox 1151 2676 1460 2746; x_wconf 71' lang='lat' dir='ltr'><strong>Sadductei,</strong></span> <span class='ocrx_word' id='word_1_281' title='bbox 1492 2694 1655 2747; x_wconf 82' lang='lat' dir='ltr'><strong>usque</strong></span> <span class='ocrx_word' id='word_1_282' title='bbox 1693 2676 2031 2735; x_wconf 85' lang='lat' dir='ltr'><strong>mirabantur</strong></span> <span class='ocrx_word' id='word_1_283' title='bbox 2078 2676 2133 2733; x_wconf 89' lang='lat' dir='ltr'><strong>in</strong></span> 
     </span>
    </p>
   </div>
   <div class='ocr_carea' id='block_1_43' title="bbox 541 2773 958 2845">
    <p class='ocr_par' dir='ltr' id='par_1_43' title="bbox 541 2773 958 2845">
     <span class='ocr_line' id='line_1_43' title="bbox 541 2773 958 2845; baseline -0.012 -13"><span class='ocrx_word' id='word_1_284' title='bbox 541 2776 787 2832; x_wconf 86' lang='lat' dir='ltr'><strong>doctrina</strong></span> <span class='ocrx_word' id='word_1_285' title='bbox 818 2773 958 2845; x_wconf 85' lang='lat' dir='ltr'><strong>ejus.</strong></span> 
     </span>
    </p>
   </div>
   <div class='ocr_carea' id='block_1_44' title="bbox 615 2852 2133 2937">
    <p class='ocr_par' dir='ltr' id='par_1_44' title="bbox 615 2852 2133 2937">
     <span class='ocr_line' id='line_1_44' title="bbox 615 2852 2133 2937; baseline -0.003 -13"><span class='ocrx_word' id='word_1_286' title='bbox 615 2867 771 2926; x_wconf 84' lang='lat' dir='ltr'><strong>Fcria</strong></span> <span class='ocrx_word' id='word_1_287' title='bbox 820 2882 859 2922; x_wconf 80' lang='grc' dir='ltr'><strong>ιι</strong></span> <span class='ocrx_word' id='word_1_288' title='bbox 906 2863 1261 2921; x_wconf 62' lang='lat' dir='ltr'><strong>hebdomadas</strong></span> <span class='ocrx_word' id='word_1_289' title='bbox 1293 2879 1414 2937; x_wconf 71' lang='lat' dir='ltr'><strong>quae</strong></span> <span class='ocrx_word' id='word_1_290' title='bbox 1443 2878 1628 2937; x_wconf 89' lang='lat' dir='ltr'><strong>supra.</strong></span> <span class='ocrx_word' id='word_1_291' title='bbox 1660 2852 1845 2928; x_wconf 74' lang='lat' dir='ltr'><strong>Lectio</strong></span> <span class='ocrx_word' id='word_1_292' title='bbox 1872 2852 2133 2935; x_wconf 61' lang='lat' dir='ltr'><strong>Epistolm</strong></span> 
     </span>
    </p>
   </div>
   <div class='ocr_carea' id='block_1_45' title="bbox 488 2955 2131 3032">
    <p class='ocr_par' dir='ltr' id='par_1_45' title="bbox 488 2955 2131 3032">
     <span class='ocr_line' id='line_1_45' title="bbox 488 2955 2131 3032; baseline -0.003 -14"><span class='ocrx_word' id='word_1_293' title='bbox 488 3008 489 3011; x_wconf 54' lang='grc' dir='ltr'><strong>η</strong></span> <span class='ocrx_word' id='word_1_294' title='bbox 544 2964 683 3018; x_wconf 89' lang='lat' dir='ltr'><strong>beati</strong></span> <span class='ocrx_word' id='word_1_295' title='bbox 714 2959 871 3017; x_wconf 86' lang='lat' dir='ltr'><strong>Pauli</strong></span> <span class='ocrx_word' id='word_1_296' title='bbox 894 2959 1123 3032; x_wconf 89' lang='lat' dir='ltr'><strong>apostoli</strong></span> <span class='ocrx_word' id='word_1_297' title='bbox 1151 2958 1217 3013; x_wconf 91' lang='lat' dir='ltr'><strong>ad</strong></span> <span class='ocrx_word' id='word_1_298' title='bbox 1241 2956 1521 3014; x_wconf 74' lang='lat' dir='ltr'><strong>llebrzeos.</strong></span> <span class='ocrx_word' id='word_1_299' title='bbox 1549 2956 1789 3027; x_wconf 87' lang='lat' dir='ltr'><strong>Fratres,</strong></span> <span class='ocrx_word' id='word_1_300' title='bbox 1816 2956 1922 3013; x_wconf 85' lang='lat' dir='ltr'><strong>ﬁde</strong></span> <span class='ocrx_word' id='word_1_301' title='bbox 1946 2955 2131 3015; x_wconf 85' lang='lat' dir='ltr'><strong>Enoch</strong></span> 
     </span>
    </p>
   </div>
   <div class='ocr_carea' id='block_1_46' title="bbox 543 3048 2132 3120">
    <p class='ocr_par' dir='ltr' id='par_1_46' title="bbox 543 3048 2132 3120">
     <span class='ocr_line' id='line_1_46' title="bbox 543 3048 2132 3120; baseline -0.005 -9"><span class='ocrx_word' id='word_1_302' title='bbox 543 3055 838 3113; x_wconf 87' lang='lat' dir='ltr'><strong>translatus</strong></span> <span class='ocrx_word' id='word_1_303' title='bbox 869 3062 975 3119; x_wconf 88' lang='lat' dir='ltr'><strong>est,</strong></span> <span class='ocrx_word' id='word_1_304' title='bbox 1006 3066 1166 3120; x_wconf 80' lang='lat' dir='ltr'><strong>usque</strong></span> <span class='ocrx_word' id='word_1_305' title='bbox 1194 3048 1438 3120; x_wconf 85' lang='lat' dir='ltr'><strong>hospites</strong></span> <span class='ocrx_word' id='word_1_306' title='bbox 1480 3063 1645 3117; x_wconf 80' lang='lat' dir='ltr'><strong>super</strong></span> <span class='ocrx_word' id='word_1_307' title='bbox 1688 3058 1911 3104; x_wconf 87' lang='lat' dir='ltr'><strong>terram.</strong></span> <span class='ocrx_word' id='word_1_308' title='bbox 1954 3048 2132 3103; x_wconf 85' lang='lat' dir='ltr'><strong>Evan-</strong></span> 
     </span>
    </p>
   </div>
   <div class='ocr_carea' id='block_1_47' title="bbox 2243 1830 3826 1907">
    <p class='ocr_par' dir='ltr' id='par_1_47' title="bbox 2243 1830 3826 1907">
     <span class='ocr_line' id='line_1_47' title="bbox 2243 1830 3826 1907; baseline -0.006 -13"><span class='ocrx_word' id='word_1_309' title='bbox 2243 1838 2469 1904; x_wconf 89' lang='lat' dir='ltr'><strong>Lucam,</strong></span> <span class='ocrx_word' id='word_1_310' title='bbox 2500 1852 2621 1906; x_wconf 86' lang='lat' dir='ltr'><strong>cap.</strong></span> <span class='ocrx_word' id='word_1_311' title='bbox 2653 1851 2832 1904; x_wconf 67' lang='lat' dir='ltr'><strong>ccxxv,</strong></span> <span class='ocrx_word' id='word_1_312' title='bbox 2854 1834 2988 1890; x_wconf 86' lang='lat' dir='ltr'><strong>Erat</strong></span> <span class='ocrx_word' id='word_1_313' title='bbox 3013 1834 3172 1891; x_wconf 86' lang='lat' dir='ltr'><strong>Jesus</strong></span> <span class='ocrx_word' id='word_1_314' title='bbox 3199 1833 3400 1895; x_wconf 88' lang='lat' dir='ltr'><strong>docens</strong></span> <span class='ocrx_word' id='word_1_315' title='bbox 3428 1831 3483 1887; x_wconf 92' lang='lat' dir='ltr'><strong>in</strong></span> <span class='ocrx_word' id='word_1_316' title='bbox 3512 1830 3826 1907; x_wconf 82' lang='lat' dir='ltr'><strong>synagogis,</strong></span> 
     </span>
    </p>
   </div>
   <div class='ocr_carea' id='block_1_48' title="bbox 2241 1925 3105 2003">
    <p class='ocr_par' dir='ltr' id='par_1_48' title="bbox 2241 1925 3105 2003">
     <span class='ocr_line' id='line_1_48' title="bbox 2241 1925 3105 2003; baseline -0.003 -18"><span class='ocrx_word' id='word_1_317' title='bbox 2241 1947 2402 2003; x_wconf 78' lang='lat' dir='ltr'><strong>usque</strong></span> <span class='ocrx_word' id='word_1_318' title='bbox 2426 1927 2661 2000; x_wconf 77' lang='lat' dir='ltr'><strong>gloriose</strong></span> <span class='ocrx_word' id='word_1_319' title='bbox 2694 1925 2895 1982; x_wconf 81' lang='lat' dir='ltr'><strong>ﬁebant</strong></span> <span class='ocrx_word' id='word_1_320' title='bbox 2919 1927 2986 1981; x_wconf 89' lang='lat' dir='ltr'><strong>ab</strong></span> <span class='ocrx_word' id='word_1_321' title='bbox 3015 1942 3105 1982; x_wconf 91' lang='lat' dir='ltr'><strong>eo.</strong></span> 
     </span>
    </p>
   </div>
   <div class='ocr_carea' id='block_1_49' title="bbox 2313 2013 3826 2091">
    <p class='ocr_par' dir='ltr' id='par_1_49' title="bbox 2313 2013 3826 2091">
     <span class='ocr_line' id='line_1_49' title="bbox 2313 2013 3826 2091; baseline -0.003 -15"><span class='ocrx_word' id='word_1_322' title='bbox 2313 2018 2593 2076; x_wconf 88' lang='lat' dir='ltr'><strong>Dominica</strong></span> <span class='ocrx_word' id='word_1_323' title='bbox 2626 2019 2832 2074; x_wconf 88' lang='lat' dir='ltr'><strong>mensis</strong></span> <span class='ocrx_word' id='word_1_324' title='bbox 2864 2034 2954 2074; x_wconf 84' lang='lat' dir='ltr'><strong>vn.</strong></span> <span class='ocrx_word' id='word_1_325' title='bbox 2986 2016 3173 2076; x_wconf 89' lang='lat' dir='ltr'><strong>Lectio</strong></span> <span class='ocrx_word' id='word_1_326' title='bbox 3201 2014 3461 2091; x_wconf 66' lang='lat' dir='ltr'><strong>Epistula:</strong></span> <span class='ocrx_word' id='word_1_327' title='bbox 3499 2015 3647 2073; x_wconf 88' lang='lat' dir='ltr'><strong>beati</strong></span> <span class='ocrx_word' id='word_1_328' title='bbox 3675 2013 3826 2071; x_wconf 84' lang='lat' dir='ltr'><strong>Pauli</strong></span> 
     </span>
    </p>
   </div>
   <div class='ocr_carea' id='block_1_50' title="bbox 2238 2107 3832 2184">
    <p class='ocr_par' dir='ltr' id='par_1_50' title="bbox 2238 2107 3832 2184">
     <span class='ocr_line' id='line_1_50' title="bbox 2238 2107 3832 2184; baseline -0.004 -15"><span class='ocrx_word' id='word_1_329' title='bbox 2238 2110 2469 2184; x_wconf 84' lang='lat' dir='ltr'><strong>apostoli</strong></span> <span class='ocrx_word' id='word_1_330' title='bbox 2520 2109 2585 2165; x_wconf 90' lang='lat' dir='ltr'><strong>ad</strong></span> <span class='ocrx_word' id='word_1_331' title='bbox 2637 2108 2927 2180; x_wconf 89' lang='lat' dir='ltr'><strong>Ephesios.</strong></span> <span class='ocrx_word' id='word_1_332' title='bbox 2978 2107 3220 2179; x_wconf 84' lang='lat' dir='ltr'><strong>Fratres,</strong></span> <span class='ocrx_word' id='word_1_333' title='bbox 3264 2107 3605 2165; x_wconf 89' lang='lat' dir='ltr'><strong>renovamini</strong></span> <span class='ocrx_word' id='word_1_334' title='bbox 3637 2108 3832 2179; x_wconf 88' lang='lat' dir='ltr'><strong>spiritu</strong></span> 
     </span>
    </p>
   </div>
   <div class='ocr_carea' id='block_1_51' title="bbox 2238 2202 3828 2276">
    <p class='ocr_par' dir='ltr' id='par_1_51' title="bbox 2238 2202 3828 2276">
     <span class='ocr_line' id='line_1_51' title="bbox 2238 2202 3828 2276; baseline -0.003 -15"><span class='ocrx_word' id='word_1_335' title='bbox 2238 2204 2439 2261; x_wconf 91' lang='lat' dir='ltr'><strong>mentis</strong></span> <span class='ocrx_word' id='word_1_336' title='bbox 2507 2215 2742 2274; x_wconf 75' lang='lat' dir='ltr'><strong>vestrm,</strong></span> <span class='ocrx_word' id='word_1_337' title='bbox 2806 2221 2967 2276; x_wconf 80' lang='lat' dir='ltr'><strong>usque</strong></span> <span class='ocrx_word' id='word_1_338' title='bbox 3029 2205 3413 2261; x_wconf 89' lang='lat' dir='ltr'><strong>necessitatem</strong></span> <span class='ocrx_word' id='word_1_339' title='bbox 3476 2202 3828 2274; x_wconf 86' lang='lat' dir='ltr'><strong>patientibus.</strong></span> 
     </span>
    </p>
   </div>
   <div class='ocr_carea' id='block_1_52' title="bbox 2238 2298 3832 2371">
    <p class='ocr_par' dir='ltr' id='par_1_52' title="bbox 2238 2298 3832 2371">
     <span class='ocr_line' id='line_1_52' title="bbox 2238 2298 3832 2371; baseline -0.001 -15"><span class='ocrx_word' id='word_1_340' title='bbox 2238 2300 2593 2371; x_wconf 81' lang='lat' dir='ltr'><strong>Evangelium</strong></span> <span class='ocrx_word' id='word_1_341' title='bbox 2623 2300 2923 2355; x_wconf 88' lang='lat' dir='ltr'><strong>secundum</strong></span> <span class='ocrx_word' id='word_1_342' title='bbox 2957 2298 3293 2365; x_wconf 79' lang='lat' dir='ltr'><strong>Matthteum,</strong></span> <span class='ocrx_word' id='word_1_343' title='bbox 3324 2314 3444 2370; x_wconf 88' lang='lat' dir='ltr'><strong>cap.</strong></span> <span class='ocrx_word' id='word_1_344' title='bbox 3483 2299 3832 2364; x_wconf 80' lang='lat' dir='ltr'><strong>t.xx,Ascen-</strong></span> 
     </span>
    </p>
   </div>
   <div class='ocr_carea' id='block_1_53' title="bbox 2236 2390 3837 2465">
    <p class='ocr_par' dir='ltr' id='par_1_53' title="bbox 2236 2390 3837 2465">
     <span class='ocr_line' id='line_1_53' title="bbox 2236 2390 3837 2465; baseline -0.006 -15"><span class='ocrx_word' id='word_1_345' title='bbox 2236 2395 2371 2455; x_wconf 86' lang='lat' dir='ltr'><strong>dens</strong></span> <span class='ocrx_word' id='word_1_346' title='bbox 2400 2394 2558 2451; x_wconf 89' lang='lat' dir='ltr'><strong>Jesus</strong></span> <span class='ocrx_word' id='word_1_347' title='bbox 2600 2390 2654 2451; x_wconf 91' lang='lat' dir='ltr'><strong>in</strong></span> <span class='ocrx_word' id='word_1_348' title='bbox 2685 2393 2956 2461; x_wconf 83' lang='lat' dir='ltr'><strong>navicula,</strong></span> <span class='ocrx_word' id='word_1_349' title='bbox 2986 2410 3143 2465; x_wconf 80' lang='lat' dir='ltr'><strong>usque</strong></span> <span class='ocrx_word' id='word_1_350' title='bbox 3176 2402 3500 2464; x_wconf 85' lang='lat' dir='ltr'><strong>potestatem</strong></span> <span class='ocrx_word' id='word_1_351' title='bbox 3532 2390 3691 2449; x_wconf 87' lang='lat' dir='ltr'><strong>talem</strong></span> <span class='ocrx_word' id='word_1_352' title='bbox 3725 2392 3837 2447; x_wconf 83' lang='lat' dir='ltr'><strong>ho-.</strong></span> 
     </span>
    </p>
   </div>
   <div class='ocr_carea' id='block_1_54' title="bbox 2237 2486 2500 2543">
    <p class='ocr_par' dir='ltr' id='par_1_54' title="bbox 2237 2486 2500 2543">
     <span class='ocr_line' id='line_1_54' title="bbox 2237 2486 2500 2543; baseline -0.004 0"><span class='ocrx_word' id='word_1_353' title='bbox 2237 2486 2500 2543; x_wconf 84' lang='lat' dir='ltr'><strong>minibus.</strong></span> 
     </span>
    </p>
   </div>
   <div class='ocr_carea' id='block_1_55' title="bbox 2306 2570 3829 2645">
    <p class='ocr_par' dir='ltr' id='par_1_55' title="bbox 2306 2570 3829 2645">
     <span class='ocr_line' id='line_1_55' title="bbox 2306 2570 3829 2645; baseline -0.001 -11"><span class='ocrx_word' id='word_1_354' title='bbox 2306 2596 2380 2634; x_wconf 86' lang='lat' dir='ltr'><strong>xu</strong></span> <span class='ocrx_word' id='word_1_355' title='bbox 2409 2577 2521 2634; x_wconf 81' lang='lat' dir='ltr'><strong>kal.</strong></span> <span class='ocrx_word' id='word_1_356' title='bbox 2566 2576 2838 2637; x_wconf 85' lang='lat' dir='ltr'><strong>Octobris.</strong></span> <span class='ocrx_word' id='word_1_357' title='bbox 2890 2577 3081 2636; x_wconf 88' lang='lat' dir='ltr'><strong>Natale</strong></span> <span class='ocrx_word' id='word_1_358' title='bbox 3129 2589 3442 2636; x_wconf 89' lang='lat' dir='ltr'><strong>sanctorum</strong></span> <span class='ocrx_word' id='word_1_359' title='bbox 3488 2570 3829 2645; x_wconf 86' lang='lat' dir='ltr'><strong>Dorondoni,</strong></span> 
     </span>
    </p>
   </div>
   <div class='ocr_carea' id='block_1_56' title="bbox 2236 2670 3831 2745">
    <p class='ocr_par' dir='ltr' id='par_1_56' title="bbox 2236 2670 3831 2745">
     <span class='ocr_line' id='line_1_56' title="bbox 2236 2670 3831 2745; baseline -0.001 -16"><span class='ocrx_word' id='word_1_360' title='bbox 2236 2671 2531 2738; x_wconf 74' lang='lat' dir='ltr'><strong>Dorothmi,</strong></span> <span class='ocrx_word' id='word_1_361' title='bbox 2580 2672 2812 2741; x_wconf 86' lang='lat' dir='ltr'><strong>Privati,</strong></span> <span class='ocrx_word' id='word_1_362' title='bbox 2864 2672 3080 2740; x_wconf 88' lang='lat' dir='ltr'><strong>Felicis,</strong></span> <span class='ocrx_word' id='word_1_363' title='bbox 3130 2670 3495 2740; x_wconf 58' lang='lat' dir='ltr'><strong>Constantia,</strong></span> <span class='ocrx_word' id='word_1_364' title='bbox 3544 2673 3637 2745; x_wconf 89' lang='lat' dir='ltr'><strong>qui</strong></span> <span class='ocrx_word' id='word_1_365' title='bbox 3681 2672 3831 2744; x_wconf 88' lang='lat' dir='ltr'><strong>passi</strong></span> 
     </span>
    </p>
   </div>
   <div class='ocr_carea' id='block_1_57' title="bbox 2235 2763 3829 2837">
    <p class='ocr_par' dir='ltr' id='par_1_57' title="bbox 2235 2763 3829 2837">
     <span class='ocr_line' id='line_1_57' title="bbox 2235 2763 3829 2837; baseline -0.002 -14"><span class='ocrx_word' id='word_1_366' title='bbox 2235 2776 2362 2823; x_wconf 90' lang='lat' dir='ltr'><strong>sunt</strong></span> <span class='ocrx_word' id='word_1_367' title='bbox 2390 2767 2490 2823; x_wconf 90' lang='lat' dir='ltr'><strong>sub</strong></span> <span class='ocrx_word' id='word_1_368' title='bbox 2520 2765 2757 2823; x_wconf 82' lang='lat' dir='ltr'><strong>Nerone.</strong></span> <span class='ocrx_word' id='word_1_369' title='bbox 2787 2766 2974 2823; x_wconf 90' lang='lat' dir='ltr'><strong>Lectio</strong></span> <span class='ocrx_word' id='word_1_370' title='bbox 3004 2767 3127 2822; x_wconf 90' lang='lat' dir='ltr'><strong>libri</strong></span> <span class='ocrx_word' id='word_1_371' title='bbox 3158 2765 3475 2837; x_wconf 81' lang='lat' dir='ltr'><strong>Sapientiae.</strong></span> <span class='ocrx_word' id='word_1_372' title='bbox 3503 2763 3562 2821; x_wconf 86' lang='lat' dir='ltr'><strong>in</strong></span> <span class='ocrx_word' id='word_1_373' title='bbox 3595 2779 3829 2821; x_wconf 88' lang='lat' dir='ltr'><strong>ascensu</strong></span> 
     </span>
    </p>
   </div>
   <div class='ocr_carea' id='block_1_58' title="bbox 2234 2860 3826 2933">
    <p class='ocr_par' dir='ltr' id='par_1_58' title="bbox 2234 2860 3826 2933">
     <span class='ocr_line' id='line_1_58' title="bbox 2234 2860 3826 2933; baseline -0.002 -16"><span class='ocrx_word' id='word_1_374' title='bbox 2234 2862 2421 2917; x_wconf 84' lang='lat' dir='ltr'><strong>altaris</strong></span> <span class='ocrx_word' id='word_1_375' title='bbox 2447 2862 2644 2927; x_wconf 89' lang='lat' dir='ltr'><strong>sancti,</strong></span> <span class='ocrx_word' id='word_1_376' title='bbox 2676 2879 2840 2933; x_wconf 83' lang='lat' dir='ltr'><strong>usque</strong></span> <span class='ocrx_word' id='word_1_377' title='bbox 2867 2861 3165 2918; x_wconf 91' lang='lat' dir='ltr'><strong>secundum</strong></span> <span class='ocrx_word' id='word_1_378' title='bbox 3193 2875 3347 2918; x_wconf 90' lang='lat' dir='ltr'><strong>suam</strong></span> <span class='ocrx_word' id='word_1_379' title='bbox 3368 2860 3826 2918; x_wconf 89' lang='lat' dir='ltr'><strong>misericordiam.</strong></span> 
     </span>
    </p>
   </div>
   <div class='ocr_carea' id='block_1_59' title="bbox 2235 2953 3833 3026">
    <p class='ocr_par' dir='ltr' id='par_1_59' title="bbox 2235 2953 3833 3026">
     <span class='ocr_line' id='line_1_59' title="bbox 2235 2953 3833 3026; baseline -0.003 -13"><span class='ocrx_word' id='word_1_380' title='bbox 2235 2954 2589 3026; x_wconf 84' lang='lat' dir='ltr'><strong>Evangelinm</strong></span> <span class='ocrx_word' id='word_1_381' title='bbox 2619 2955 2917 3013; x_wconf 89' lang='lat' dir='ltr'><strong>secundum</strong></span> <span class='ocrx_word' id='word_1_382' title='bbox 2964 2954 3300 3021; x_wconf 69' lang='lat' dir='ltr'><strong>Matthzcum,</strong></span> <span class='ocrx_word' id='word_1_383' title='bbox 3341 2969 3391 3014; x_wconf 90' lang='lat' dir='ltr'><strong>c.</strong></span> <span class='ocrx_word' id='word_1_384' title='bbox 3419 2970 3651 3019; x_wconf 73' lang='grc' dir='ltr'>οεωιιι,</span> <span class='ocrx_word' id='word_1_385' title='bbox 3688 2953 3833 3009; x_wconf 82' lang='lat' dir='ltr'><strong>Dixit</strong></span> 
     </span>
    </p>
   </div>
   <div class='ocr_carea' id='block_1_60' title="bbox 2234 3046 3828 3123">
    <p class='ocr_par' dir='ltr' id='par_1_60' title="bbox 2234 3046 3828 3123">
     <span class='ocr_line' id='line_1_60' title="bbox 2234 3046 3828 3123; baseline 0 -18"><span class='ocrx_word' id='word_1_386' title='bbox 2234 3050 2392 3106; x_wconf 79' lang='lat' dir='ltr'><strong>Jesus</strong></span> <span class='ocrx_word' id='word_1_387' title='bbox 2438 3049 2719 3122; x_wconf 75' lang='lat' dir='ltr'><strong>discipulis</strong></span> <span class='ocrx_word' id='word_1_388' title='bbox 2765 3051 2900 3120; x_wconf 88' lang='lat' dir='ltr'><strong>suis,</strong></span> <span class='ocrx_word' id='word_1_389' title='bbox 2955 3046 3188 3123; x_wconf 82' lang='lat' dir='ltr'><strong>Vigilate</strong></span> <span class='ocrx_word' id='word_1_390' title='bbox 3229 3048 3355 3121; x_wconf 88' lang='lat' dir='ltr'><strong>quia</strong></span> <span class='ocrx_word' id='word_1_391' title='bbox 3398 3050 3626 3108; x_wconf 85' lang='lat' dir='ltr'><strong>nescitis</strong></span> <span class='ocrx_word' id='word_1_392' title='bbox 3657 3048 3828 3121; x_wconf 87' lang='lat' dir='ltr'><strong>diem,</strong></span> 
     </span>
    </p>
   </div>
   <div class='ocr_carea' id='block_1_61' title="bbox 539 3139 2891 3219">
    <p class='ocr_par' dir='ltr' id='par_1_61' title="bbox 539 3139 2891 3219">
     <span class='ocr_line' id='line_1_61' title="bbox 539 3139 2891 3219; baseline -0.003 -16"><span class='ocrx_word' id='word_1_393' title='bbox 539 3147 742 3219; x_wconf 88' lang='lat' dir='ltr'><strong>gelium</strong></span> <span class='ocrx_word' id='word_1_394' title='bbox 788 3140 1341 3210; x_wconf 88' lang='lat' dir='ltr'><strong>secundum&#39;Lucam,</strong></span> <span class='ocrx_word' id='word_1_395' title='bbox 1370 3156 1489 3210; x_wconf 85' lang='lat' dir='ltr'><strong>cap.</strong></span> <span class='ocrx_word' id='word_1_396' title='bbox 1520 3155 1759 3206; x_wconf 82' lang='lat' dir='ltr'><strong>xxxvut,</strong></span> <span class='ocrx_word' id='word_1_397' title='bbox 1798 3139 1939 3195; x_wconf 84' lang='lat' dir='ltr'><strong>Vidit</strong></span> <span class='ocrx_word' id='word_1_398' title='bbox 1973 3139 2132 3197; x_wconf 84' lang='lat' dir='ltr'><strong>Jesus</strong></span> <span class='ocrx_word' id='word_1_399' title='bbox 2159 3150 2207 3217; x_wconf 71' lang='grc' dir='ltr'>ο</span> <span class='ocrx_word' id='word_1_400' title='bbox 2236 3160 2395 3214; x_wconf 75' lang='lat' dir='ltr'><strong>usque</strong></span> <span class='ocrx_word' id='word_1_401' title='bbox 2424 3144 2720 3199; x_wconf 90' lang='lat' dir='ltr'><strong>constituet</strong></span> <span class='ocrx_word' id='word_1_402' title='bbox 2745 3160 2891 3199; x_wconf 90' lang='lat' dir='ltr'><strong>eum.</strong></span> 
     </span>
    </p>
   </div>
   <div class='ocr_carea' id='block_1_62' title="bbox 542 3234 2132 3317">
    <p class='ocr_par' dir='ltr' id='par_1_62' title="bbox 542 3234 2132 3317">
     <span class='ocr_line' id='line_1_62' title="bbox 542 3234 2132 3317; baseline -0.003 -20"><span class='ocrx_word' id='word_1_403' title='bbox 542 3241 895 3317; x_wconf 87' lang='lat' dir='ltr'><strong>publicanum</strong></span> <span class='ocrx_word' id='word_1_404' title='bbox 921 3236 1143 3293; x_wconf 87' lang='lat' dir='ltr'><strong>nomine</strong></span> <span class='ocrx_word' id='word_1_405' title='bbox 1168 3234 1319 3305; x_wconf 84' lang='lat' dir='ltr'><strong>Levi,</strong></span> <span class='ocrx_word' id='word_1_406' title='bbox 1352 3250 1511 3306; x_wconf 77' lang='lat' dir='ltr'><strong>usque</strong></span> <span class='ocrx_word' id='word_1_407' title='bbox 1538 3244 1853 3309; x_wconf 87' lang='lat' dir='ltr'><strong>peccatores</strong></span> <span class='ocrx_word' id='word_1_408' title='bbox 1880 3234 1932 3291; x_wconf 89' lang='lat' dir='ltr'><strong>in</strong></span> <span class='ocrx_word' id='word_1_409' title='bbox 1961 3234 2132 3308; x_wconf 78' lang='lat' dir='ltr'><strong>pteni-</strong></span> 
     </span>
    </p>
   </div>
   <div class='ocr_carea' id='block_1_63' title="bbox 542 3323 791 3391">
    <p class='ocr_par' dir='ltr' id='par_1_63' title="bbox 542 3323 791 3391">
     <span class='ocr_line' id='line_1_63' title="bbox 542 3323 791 3391; baseline -0.02 0"><span class='ocrx_word' id='word_1_410' title='bbox 542 3323 791 3391; x_wconf 86' lang='lat' dir='ltr'><strong>tentiam.</strong></span> 
     </span>
    </p>
   </div>
   <div class='ocr_carea' id='block_1_64' title="bbox 613 3420 2132 3505">
    <p class='ocr_par' dir='ltr' id='par_1_64' title="bbox 613 3420 2132 3505">
     <span class='ocr_line' id='line_1_64' title="bbox 613 3420 2132 3505; baseline -0.001 -23"><span class='ocrx_word' id='word_1_411' title='bbox 613 3426 771 3487; x_wconf 87' lang='lat' dir='ltr'><strong>Feria</strong></span> <span class='ocrx_word' id='word_1_412' title='bbox 804 3442 862 3484; x_wconf 84' lang='lat' dir='ltr'><strong>tu</strong></span> <span class='ocrx_word' id='word_1_413' title='bbox 892 3424 1252 3483; x_wconf 77' lang='lat' dir='ltr'><strong>hebdomadte</strong></span> <span class='ocrx_word' id='word_1_414' title='bbox 1280 3439 1401 3496; x_wconf 66' lang='lat' dir='ltr'><strong>qua:</strong></span> <span class='ocrx_word' id='word_1_415' title='bbox 1432 3439 1617 3505; x_wconf 86' lang='lat' dir='ltr'><strong>supra.</strong></span> <span class='ocrx_word' id='word_1_416' title='bbox 1642 3422 1833 3487; x_wconf 85' lang='lat' dir='ltr'><strong>Lectio</strong></span> <span class='ocrx_word' id='word_1_417' title='bbox 1878 3420 2132 3496; x_wconf 65' lang='lat' dir='ltr'><strong>Epistulae</strong></span> 
     </span>
    </p>
   </div>
   <div class='ocr_carea' id='block_1_65' title="bbox 544 3508 2133 3590">
    <p class='ocr_par' dir='ltr' id='par_1_65' title="bbox 544 3508 2133 3590">
     <span class='ocr_line' id='line_1_65' title="bbox 544 3508 2133 3590; baseline 0.002 -17"><span class='ocrx_word' id='word_1_418' title='bbox 544 3518 690 3576; x_wconf 83' lang='lat' dir='ltr'><strong>beati</strong></span> <span class='ocrx_word' id='word_1_419' title='bbox 721 3519 869 3575; x_wconf 86' lang='lat' dir='ltr'><strong>Pauli</strong></span> <span class='ocrx_word' id='word_1_420' title='bbox 900 3519 1133 3590; x_wconf 87' lang='lat' dir='ltr'><strong>apostoli</strong></span> <span class='ocrx_word' id='word_1_421' title='bbox 1164 3519 1229 3572; x_wconf 89' lang='lat' dir='ltr'><strong>ad</strong></span> <span class='ocrx_word' id='word_1_422' title='bbox 1261 3508 1547 3575; x_wconf 64' lang='lat' dir='ltr'><strong>llebrmos.</strong></span> <span class='ocrx_word' id='word_1_423' title='bbox 1582 3517 1824 3588; x_wconf 81' lang='lat' dir='ltr'><strong>Fratres,</strong></span> <span class='ocrx_word' id='word_1_424' title='bbox 1854 3518 1946 3590; x_wconf 84' lang='lat' dir='ltr'><strong>qui</strong></span> <span class='ocrx_word' id='word_1_425' title='bbox 1974 3521 2133 3579; x_wconf 87' lang='lat' dir='ltr'><strong>sedu-</strong></span> 
     </span>
    </p>
   </div>
   <div class='ocr_carea' id='block_1_66' title="bbox 545 3609 2135 3685">
    <p class='ocr_par' dir='ltr' id='par_1_66' title="bbox 545 3609 2135 3685">
     <span class='ocr_line' id='line_1_66' title="bbox 545 3609 2135 3685; baseline 0 -17"><span class='ocrx_word' id='word_1_426' title='bbox 545 3622 677 3668; x_wconf 79' lang='lat' dir='ltr'><strong>Cum.</strong></span> <span class='ocrx_word' id='word_1_427' title='bbox 702 3611 1019 3685; x_wconf 86' lang='lat' dir='ltr'><strong>peregrinos</strong></span> <span class='ocrx_word' id='word_1_428' title='bbox 1039 3620 1093 3667; x_wconf 87' lang='lat' dir='ltr'><strong>et</strong></span> <span class='ocrx_word' id='word_1_429' title='bbox 1115 3609 1360 3682; x_wconf 88' lang='lat' dir='ltr'><strong>hospites</strong></span> <span class='ocrx_word' id='word_1_430' title='bbox 1387 3624 1551 3681; x_wconf 89' lang='lat' dir='ltr'><strong>super</strong></span> <span class='ocrx_word' id='word_1_431' title='bbox 1574 3620 1798 3678; x_wconf 88' lang='lat' dir='ltr'><strong>terram,</strong></span> <span class='ocrx_word' id='word_1_432' title='bbox 1824 3610 2135 3682; x_wconf 82' lang='lat' dir='ltr'><strong>signiﬁcant</strong></span> 
     </span>
    </p>
   </div>
   <div class='ocr_carea' id='block_1_67' title="bbox 546 3701 2133 3775">
    <p class='ocr_par' dir='ltr' id='par_1_67' title="bbox 546 3701 2133 3775">
     <span class='ocr_line' id='line_1_67' title="bbox 546 3701 2133 3775; baseline 0 -16"><span class='ocrx_word' id='word_1_433' title='bbox 546 3719 625 3769; x_wconf 89' lang='lat' dir='ltr'><strong>se,</strong></span> <span class='ocrx_word' id='word_1_434' title='bbox 656 3718 815 3773; x_wconf 83' lang='lat' dir='ltr'><strong>usque</strong></span> <span class='ocrx_word' id='word_1_435' title='bbox 842 3701 1071 3758; x_wconf 89' lang='lat' dir='ltr'><strong>circuitu</strong></span> <span class='ocrx_word' id='word_1_436' title='bbox 1101 3703 1313 3761; x_wconf 89' lang='lat' dir='ltr'><strong>dierum</strong></span> <span class='ocrx_word' id='word_1_437' title='bbox 1344 3711 1575 3774; x_wconf 88' lang='lat' dir='ltr'><strong>septem.</strong></span> <span class='ocrx_word' id='word_1_438' title='bbox 1602 3702 1960 3775; x_wconf 81' lang='lat' dir='ltr'><strong>Evangeliqu</strong></span> <span class='ocrx_word' id='word_1_439' title='bbox 1990 3704 2133 3775; x_wconf 88' lang='lat' dir='ltr'><strong>quod</strong></span> 
     </span>
    </p>
   </div>
   <div class='ocr_carea' id='block_1_68' title="bbox 549 3792 995 3866">
    <p class='ocr_par' dir='ltr' id='par_1_68' title="bbox 549 3792 995 3866">
     <span class='ocr_line' id='line_1_68' title="bbox 549 3792 995 3866; baseline -0.011 -14"><span class='ocrx_word' id='word_1_440' title='bbox 549 3796 665 3866; x_wconf 90' lang='lat' dir='ltr'><strong>ipsa</strong></span> <span class='ocrx_word' id='word_1_441' title='bbox 698 3792 995 3850; x_wconf 86' lang='lat' dir='ltr'><strong>Dominica.</strong></span> 
     </span>
    </p>
   </div>
   <div class='ocr_carea' id='block_1_69' title="bbox 618 3879 2135 3961">
    <p class='ocr_par' dir='ltr' id='par_1_69' title="bbox 618 3879 2135 3961">
     <span class='ocr_line' id='line_1_69' title="bbox 618 3879 2135 3961; baseline 0.001 -16"><span class='ocrx_word' id='word_1_442' title='bbox 618 3889 777 3945; x_wconf 88' lang='lat' dir='ltr'><strong>Feria</strong></span> <span class='ocrx_word' id='word_1_443' title='bbox 809 3903 862 3942; x_wconf 88' lang='lat' dir='ltr'><strong>tv</strong></span> <span class='ocrx_word' id='word_1_444' title='bbox 890 3888 942 3943; x_wconf 94' lang='lat' dir='ltr'><strong>in</strong></span> <span class='ocrx_word' id='word_1_445' title='bbox 968 3886 1178 3959; x_wconf 84' lang='lat' dir='ltr'><strong>jejunio</strong></span> <span class='ocrx_word' id='word_1_446' title='bbox 1208 3879 1560 3945; x_wconf 74' lang='lat' dir='ltr'><strong>ltebdmnada:</strong></span> <span class='ocrx_word' id='word_1_447' title='bbox 1587 3905 1708 3961; x_wconf 69' lang='lat' dir='ltr'><strong>qum</strong></span> <span class='ocrx_word' id='word_1_448' title='bbox 1734 3905 1917 3961; x_wconf 87' lang='lat' dir='ltr'><strong>supra.</strong></span> <span class='ocrx_word' id='word_1_449' title='bbox 1948 3887 2135 3947; x_wconf 86' lang='lat' dir='ltr'><strong>Lectio</strong></span> 
     </span>
    </p>
   </div>
   <div class='ocr_carea' id='block_1_70' title="bbox 546 3980 2137 4054">
    <p class='ocr_par' dir='ltr' id='par_1_70' title="bbox 546 3980 2137 4054">
     <span class='ocr_line' id='line_1_70' title="bbox 546 3980 2137 4054; baseline 0 -13"><span class='ocrx_word' id='word_1_450' title='bbox 546 3984 714 4041; x_wconf 78' lang='lat' dir='ltr'><strong>Amos</strong></span> <span class='ocrx_word' id='word_1_451' title='bbox 745 3980 1047 4054; x_wconf 82' lang='lat' dir='ltr'><strong>prophetae.</strong></span> <span class='ocrx_word' id='word_1_452' title='bbox 1077 3980 1207 4037; x_wconf 72' lang='grc' dir='ltr'>Ηίεε</span> <span class='ocrx_word' id='word_1_453' title='bbox 1232 3980 1364 4041; x_wconf 89' lang='lat' dir='ltr'><strong>dicit</strong></span> <span class='ocrx_word' id='word_1_454' title='bbox 1392 3982 1675 4051; x_wconf 89' lang='lat' dir='ltr'><strong>Dominus,</strong></span> <span class='ocrx_word' id='word_1_455' title='bbox 1708 3982 1849 4041; x_wconf 87' lang='lat' dir='ltr'><strong>Ecce</strong></span> <span class='ocrx_word' id='word_1_456' title='bbox 1888 3982 2003 4039; x_wconf 89' lang='lat' dir='ltr'><strong>dies</strong></span> <span class='ocrx_word' id='word_1_457' title='bbox 2048 4000 2137 4041; x_wconf 84' lang='lat' dir='ltr'><strong>vc—</strong></span> 
     </span>
    </p>
   </div>
   <div class='ocr_carea' id='block_1_71' title="bbox 549 4074 2133 4147">
    <p class='ocr_par' dir='ltr' id='par_1_71' title="bbox 549 4074 2133 4147">
     <span class='ocr_line' id='line_1_71' title="bbox 549 4074 2133 4147; baseline 0 -13"><span class='ocrx_word' id='word_1_458' title='bbox 549 4079 724 4144; x_wconf 90' lang='lat' dir='ltr'><strong>nient,</strong></span> <span class='ocrx_word' id='word_1_459' title='bbox 768 4085 823 4131; x_wconf 88' lang='lat' dir='ltr'><strong>et</strong></span> <span class='ocrx_word' id='word_1_460' title='bbox 852 4074 1283 4147; x_wconf 87' lang='lat' dir='ltr'><strong>comprehendet</strong></span> <span class='ocrx_word' id='word_1_461' title='bbox 1310 4084 1515 4145; x_wconf 88' lang='lat' dir='ltr'><strong>arator,</strong></span> <span class='ocrx_word' id='word_1_462' title='bbox 1562 4094 1723 4145; x_wconf 76' lang='lat' dir='ltr'><strong>usque</strong></span> <span class='ocrx_word' id='word_1_463' title='bbox 1750 4077 1818 4143; x_wconf 87' lang='lat' dir='ltr'><strong>de</strong></span> <span class='ocrx_word' id='word_1_464' title='bbox 1862 4088 2005 4133; x_wconf 89' lang='lat' dir='ltr'><strong>terra</strong></span> <span class='ocrx_word' id='word_1_465' title='bbox 2038 4094 2133 4134; x_wconf 89' lang='lat' dir='ltr'><strong>sua</strong></span> 
     </span>
    </p>
   </div>
   <div class='ocr_carea' id='block_1_72' title="bbox 548 4167 2135 4242">
    <p class='ocr_par' dir='ltr' id='par_1_72' title="bbox 548 4167 2135 4242">
     <span class='ocr_line' id='line_1_72' title="bbox 548 4167 2135 4242; baseline -0.001 -16"><span class='ocrx_word' id='word_1_466' title='bbox 548 4187 705 4242; x_wconf 89' lang='lat' dir='ltr'><strong>quam</strong></span> <span class='ocrx_word' id='word_1_467' title='bbox 744 4167 869 4224; x_wconf 90' lang='lat' dir='ltr'><strong>dedi</strong></span> <span class='ocrx_word' id='word_1_468' title='bbox 900 4168 1001 4235; x_wconf 90' lang='lat' dir='ltr'><strong>eis,</strong></span> <span class='ocrx_word' id='word_1_469' title='bbox 1032 4167 1163 4222; x_wconf 90' lang='lat' dir='ltr'><strong>dicit</strong></span> <span class='ocrx_word' id='word_1_470' title='bbox 1199 4168 1453 4225; x_wconf 89' lang='lat' dir='ltr'><strong>Dominus</strong></span> <span class='ocrx_word' id='word_1_471' title='bbox 1494 4170 1858 4239; x_wconf 87' lang='lat' dir='ltr'><strong>omnipotens.</strong></span> <span class='ocrx_word' id='word_1_472' title='bbox 1890 4169 2135 4241; x_wconf 88' lang='lat' dir='ltr'><strong>Evange-</strong></span> 
     </span>
    </p>
   </div>
   <div class='ocr_carea' id='block_1_73' title="bbox 544 4258 2135 4334">
    <p class='ocr_par' dir='ltr' id='par_1_73' title="bbox 544 4258 2135 4334">
     <span class='ocr_line' id='line_1_73' title="bbox 544 4258 2135 4334; baseline -0.001 -13"><span class='ocrx_word' id='word_1_473' title='bbox 544 4266 677 4321; x_wconf 91' lang='lat' dir='ltr'><strong>lium</strong></span> <span class='ocrx_word' id='word_1_474' title='bbox 705 4261 1001 4319; x_wconf 86' lang='lat' dir='ltr'><strong>secundum</strong></span> <span class='ocrx_word' id='word_1_475' title='bbox 1027 4258 1287 4331; x_wconf 79' lang='lat' dir='ltr'><strong>Marcum,</strong></span> <span class='ocrx_word' id='word_1_476' title='bbox 1320 4278 1442 4334; x_wconf 87' lang='lat' dir='ltr'><strong>cap.</strong></span> <span class='ocrx_word' id='word_1_477' title='bbox 1469 4278 1579 4331; x_wconf 80' lang='lat' dir='ltr'><strong>xei,</strong></span> <span class='ocrx_word' id='word_1_478' title='bbox 1608 4262 1970 4334; x_wconf 79' lang='lat' dir='ltr'><strong>Respondeas</strong></span> <span class='ocrx_word' id='word_1_479' title='bbox 1996 4279 2135 4319; x_wconf 88' lang='lat' dir='ltr'><strong>unus</strong></span> 
     </span>
    </p>
   </div>
   <div class='ocr_carea' id='block_1_74' title="bbox 545 4356 1881 4428">
    <p class='ocr_par' dir='ltr' id='par_1_74' title="bbox 545 4356 1881 4428">
     <span class='ocr_line' id='line_1_74' title="bbox 545 4356 1881 4428; baseline -0.001 -15"><span class='ocrx_word' id='word_1_480' title='bbox 545 4361 612 4415; x_wconf 88' lang='lat' dir='ltr'><strong>de</strong></span> <span class='ocrx_word' id='word_1_481' title='bbox 642 4358 799 4413; x_wconf 87' lang='lat' dir='ltr'><strong>turba</strong></span> <span class='ocrx_word' id='word_1_482' title='bbox 830 4356 988 4419; x_wconf 80' lang='lat' dir='ltr'><strong>dixit,</strong></span> <span class='ocrx_word' id='word_1_483' title='bbox 1018 4373 1181 4427; x_wconf 81' lang='lat' dir='ltr'><strong>usque</strong></span> <span class='ocrx_word' id='word_1_484' title='bbox 1210 4357 1265 4411; x_wconf 91' lang='lat' dir='ltr'><strong>in</strong></span> <span class='ocrx_word' id='word_1_485' title='bbox 1296 4357 1544 4413; x_wconf 87' lang='lat' dir='ltr'><strong>oratione</strong></span> <span class='ocrx_word' id='word_1_486' title='bbox 1569 4368 1626 4414; x_wconf 86' lang='lat' dir='ltr'><strong>ct</strong></span> <span class='ocrx_word' id='word_1_487' title='bbox 1651 4358 1881 4428; x_wconf 86' lang='lat' dir='ltr'><strong>jejunio.</strong></span> 
     </span>
    </p>
   </div>
   <div class='ocr_carea' id='block_1_75' title="bbox 614 4447 2137 4522">
    <p class='ocr_par' dir='ltr' id='par_1_75' title="bbox 614 4447 2137 4522">
     <span class='ocr_line' id='line_1_75' title="bbox 614 4447 2137 4522; baseline -0.002 -14"><span class='ocrx_word' id='word_1_488' title='bbox 614 4450 774 4509; x_wconf 85' lang='lat' dir='ltr'><strong>Feria</strong></span> <span class='ocrx_word' id='word_1_489' title='bbox 819 4463 853 4503; x_wconf 90' lang='lat' dir='ltr'><strong>v</strong></span> <span class='ocrx_word' id='word_1_490' title='bbox 900 4447 1255 4504; x_wconf 84' lang='lat' dir='ltr'><strong>hebdomadae</strong></span> <span class='ocrx_word' id='word_1_491' title='bbox 1293 4464 1415 4518; x_wconf 80' lang='lat' dir='ltr'><strong>quae</strong></span> <span class='ocrx_word' id='word_1_492' title='bbox 1440 4464 1625 4521; x_wconf 88' lang='lat' dir='ltr'><strong>supra.</strong></span> <span class='ocrx_word' id='word_1_493' title='bbox 1662 4447 1848 4506; x_wconf 90' lang='lat' dir='ltr'><strong>Lectio</strong></span> <span class='ocrx_word' id='word_1_494' title='bbox 1881 4448 2137 4522; x_wconf 69' lang='lat' dir='ltr'><strong>EpiStola:</strong></span> 
     </span>
    </p>
   </div>
   <div class='ocr_carea' id='block_1_76' title="bbox 2302 3232 3830 3305">
    <p class='ocr_par' dir='ltr' id='par_1_76' title="bbox 2302 3232 3830 3305">
     <span class='ocr_line' id='line_1_76' title="bbox 2302 3232 3830 3305; baseline 0.001 -14"><span class='ocrx_word' id='word_1_495' title='bbox 2302 3252 2355 3291; x_wconf 81' lang='lat' dir='ltr'><strong>x1</strong></span> <span class='ocrx_word' id='word_1_496' title='bbox 2386 3235 2497 3292; x_wconf 82' lang='lat' dir='ltr'><strong>kal.</strong></span> <span class='ocrx_word' id='word_1_497' title='bbox 2520 3236 2791 3292; x_wconf 88' lang='lat' dir='ltr'><strong>Octobris.</strong></span> <span class='ocrx_word' id='word_1_498' title='bbox 2821 3234 2876 3292; x_wconf 85' lang='lat' dir='ltr'><strong>In</strong></span> <span class='ocrx_word' id='word_1_499' title='bbox 2910 3235 3152 3305; x_wconf 87' lang='lat' dir='ltr'><strong>Persida,</strong></span> <span class='ocrx_word' id='word_1_500' title='bbox 3179 3233 3361 3292; x_wconf 89' lang='lat' dir='ltr'><strong>natale</strong></span> <span class='ocrx_word' id='word_1_501' title='bbox 3394 3235 3567 3293; x_wconf 89' lang='lat' dir='ltr'><strong>sancti</strong></span> <span class='ocrx_word' id='word_1_502' title='bbox 3592 3232 3830 3292; x_wconf 76' lang='lat' dir='ltr'><strong>Mattbzei</strong></span> 
     </span>
    </p>
   </div>
   <div class='ocr_carea' id='block_1_77' title="bbox 2232 3328 3831 3405">
    <p class='ocr_par' dir='ltr' id='par_1_77' title="bbox 2232 3328 3831 3405">
     <span class='ocr_line' id='line_1_77' title="bbox 2232 3328 3831 3405; baseline 0.003 -23"><span class='ocrx_word' id='word_1_503' title='bbox 2232 3328 2463 3399; x_wconf 83' lang='lat' dir='ltr'><strong>apostoli</strong></span> <span class='ocrx_word' id='word_1_504' title='bbox 2511 3337 2563 3383; x_wconf 91' lang='lat' dir='ltr'><strong>et</strong></span> <span class='ocrx_word' id='word_1_505' title='bbox 2592 3328 2954 3401; x_wconf 57' lang='lat' dir='ltr'><strong>evangelista.</strong></span> <span class='ocrx_word' id='word_1_506' title='bbox 2982 3330 3048 3389; x_wconf 87' lang='lat' dir='ltr'><strong>Et</strong></span> <span class='ocrx_word' id='word_1_507' title='bbox 3074 3329 3244 3385; x_wconf 91' lang='lat' dir='ltr'><strong>sancti</strong></span> <span class='ocrx_word' id='word_1_508' title='bbox 3268 3329 3425 3391; x_wconf 68' lang='lat' dir='ltr'><strong>Luca:</strong></span> <span class='ocrx_word' id='word_1_509' title='bbox 3457 3332 3831 3405; x_wconf 72' lang='lat' dir='ltr'><strong>evangelistaa.</strong></span> 
     </span>
    </p>
   </div>
   <div class='ocr_carea' id='block_1_78' title="bbox 2234 3418 3834 3493">
    <p class='ocr_par' dir='ltr' id='par_1_78' title="bbox 2234 3418 3834 3493">
     <span class='ocr_line' id='line_1_78' title="bbox 2234 3418 3834 3493; baseline 0.003 -18"><span class='ocrx_word' id='word_1_510' title='bbox 2234 3420 2419 3475; x_wconf 86' lang='lat' dir='ltr'><strong>Lectio</strong></span> <span class='ocrx_word' id='word_1_511' title='bbox 2447 3418 2571 3475; x_wconf 89' lang='lat' dir='ltr'><strong>libri</strong></span> <span class='ocrx_word' id='word_1_512' title='bbox 2598 3419 2951 3492; x_wconf 74' lang='lat' dir='ltr'><strong>Apocalypsis</strong></span> <span class='ocrx_word' id='word_1_513' title='bbox 2993 3421 3216 3478; x_wconf 84' lang='lat' dir='ltr'><strong>Joannis</strong></span> <span class='ocrx_word' id='word_1_514' title='bbox 3259 3422 3511 3493; x_wconf 85' lang='lat' dir='ltr'><strong>apostoli.</strong></span> <span class='ocrx_word' id='word_1_515' title='bbox 3545 3421 3601 3479; x_wconf 83' lang='grc' dir='ltr'><strong>ιιι</strong></span> <span class='ocrx_word' id='word_1_516' title='bbox 3640 3422 3834 3480; x_wconf 88' lang='lat' dir='ltr'><strong>diebus</strong></span> 
     </span>
    </p>
   </div>
   <div class='ocr_carea' id='block_1_79' title="bbox 2235 3510 3835 3586">
    <p class='ocr_par' dir='ltr' id='par_1_79' title="bbox 2235 3510 3835 3586">
     <span class='ocr_line' id='line_1_79' title="bbox 2235 3510 3835 3586; baseline 0.003 -21"><span class='ocrx_word' id='word_1_517' title='bbox 2235 3510 2343 3567; x_wconf 90' lang='lat' dir='ltr'><strong>illis</strong></span> <span class='ocrx_word' id='word_1_518' title='bbox 2371 3511 2479 3567; x_wconf 89' lang='lat' dir='ltr'><strong>vidi</strong></span> <span class='ocrx_word' id='word_1_519' title='bbox 2524 3514 2718 3567; x_wconf 87' lang='lat' dir='ltr'><strong>ostium</strong></span> <span class='ocrx_word' id='word_1_520' title='bbox 2753 3522 3000 3585; x_wconf 89' lang='lat' dir='ltr'><strong>apertum</strong></span> <span class='ocrx_word' id='word_1_521' title='bbox 3040 3516 3094 3570; x_wconf 92' lang='lat' dir='ltr'><strong>in</strong></span> <span class='ocrx_word' id='word_1_522' title='bbox 3133 3515 3295 3583; x_wconf 66' lang='lat' dir='ltr'><strong>caelo,</strong></span> <span class='ocrx_word' id='word_1_523' title='bbox 3326 3532 3483 3586; x_wconf 74' lang='lat' dir='ltr'><strong>usque</strong></span> <span class='ocrx_word' id='word_1_524' title='bbox 3529 3516 3835 3575; x_wconf 88' lang='lat' dir='ltr'><strong>adorabunt</strong></span> 
     </span>
    </p>
   </div>
   <div class='ocr_carea' id='block_1_80' title="bbox 2233 3604 3834 3680">
    <p class='ocr_par' dir='ltr' id='par_1_80' title="bbox 2233 3604 3834 3680">
     <span class='ocr_line' id='line_1_80' title="bbox 2233 3604 3834 3680; baseline 0.004 -22"><span class='ocrx_word' id='word_1_525' title='bbox 2233 3604 2501 3660; x_wconf 78' lang='lat' dir='ltr'><strong>viventem</strong></span> <span class='ocrx_word' id='word_1_526' title='bbox 2535 3606 2587 3660; x_wconf 91' lang='lat' dir='ltr'><strong>in</strong></span> <span class='ocrx_word' id='word_1_527' title='bbox 2622 3605 2820 3663; x_wconf 63' lang='lat' dir='ltr'><strong>sarcula</strong></span> <span class='ocrx_word' id='word_1_528' title='bbox 2864 3608 3206 3665; x_wconf 73' lang='lat' dir='ltr'><strong>smculorum.</strong></span> <span class='ocrx_word' id='word_1_529' title='bbox 3258 3608 3597 3680; x_wconf 81' lang='lat' dir='ltr'><strong>Evangelium</strong></span> <span class='ocrx_word' id='word_1_530' title='bbox 3631 3624 3834 3665; x_wconf 87' lang='lat' dir='ltr'><strong>secun-</strong></span> 
     </span>
    </p>
   </div>
   <div class='ocr_carea' id='block_1_81' title="bbox 2235 3693 3832 3774">
    <p class='ocr_par' dir='ltr' id='par_1_81' title="bbox 2235 3693 3832 3774">
     <span class='ocr_line' id='line_1_81' title="bbox 2235 3693 3832 3774; baseline 0.006 -24"><span class='ocrx_word' id='word_1_531' title='bbox 2235 3693 2362 3751; x_wconf 90' lang='lat' dir='ltr'><strong>dum</strong></span> <span class='ocrx_word' id='word_1_532' title='bbox 2408 3696 2631 3765; x_wconf 89' lang='lat' dir='ltr'><strong>Lucam,</strong></span> <span class='ocrx_word' id='word_1_533' title='bbox 2663 3714 2783 3771; x_wconf 87' lang='lat' dir='ltr'><strong>cap.</strong></span> <span class='ocrx_word' id='word_1_534' title='bbox 2840 3715 3062 3766; x_wconf 80' lang='lat' dir='ltr'><strong>xxxvm,</strong></span> <span class='ocrx_word' id='word_1_535' title='bbox 3096 3701 3243 3756; x_wconf 84' lang='lat' dir='ltr'><strong>Vidit</strong></span> <span class='ocrx_word' id='word_1_536' title='bbox 3279 3698 3437 3758; x_wconf 82' lang='lat' dir='ltr'><strong>Jesus</strong></span> <span class='ocrx_word' id='word_1_537' title='bbox 3483 3700 3832 3774; x_wconf 86' lang='lat' dir='ltr'><strong>publicanum</strong></span> 
     </span>
    </p>
   </div>
   <div class='ocr_carea' id='block_1_82' title="bbox 2236 3788 3685 3865">
    <p class='ocr_par' dir='ltr' id='par_1_82' title="bbox 2236 3788 3685 3865">
     <span class='ocr_line' id='line_1_82' title="bbox 2236 3788 3685 3865; baseline 0.004 -22"><span class='ocrx_word' id='word_1_538' title='bbox 2236 3789 2458 3845; x_wconf 90' lang='lat' dir='ltr'><strong>nomine</strong></span> <span class='ocrx_word' id='word_1_539' title='bbox 2487 3788 2637 3858; x_wconf 89' lang='lat' dir='ltr'><strong>Levi,</strong></span> <span class='ocrx_word' id='word_1_540' title='bbox 2670 3807 2830 3862; x_wconf 79' lang='lat' dir='ltr'><strong>usque</strong></span> <span class='ocrx_word' id='word_1_541' title='bbox 2859 3804 3174 3865; x_wconf 87' lang='lat' dir='ltr'><strong>peccatores</strong></span> <span class='ocrx_word' id='word_1_542' title='bbox 3206 3794 3258 3848; x_wconf 93' lang='lat' dir='ltr'><strong>in</strong></span> <span class='ocrx_word' id='word_1_543' title='bbox 3289 3793 3685 3864; x_wconf 78' lang='lat' dir='ltr'><strong>paenitentiam.</strong></span> 
     </span>
    </p>
   </div>
   <div class='ocr_carea' id='block_1_83' title="bbox 2311 3882 3834 3958">
    <p class='ocr_par' dir='ltr' id='par_1_83' title="bbox 2311 3882 3834 3958">
     <span class='ocr_line' id='line_1_83' title="bbox 2311 3882 3834 3958; baseline 0.003 -20"><span class='ocrx_word' id='word_1_544' title='bbox 2311 3900 2344 3938; x_wconf 74' lang='grc' dir='ltr'>χ</span> <span class='ocrx_word' id='word_1_545' title='bbox 2372 3882 2485 3940; x_wconf 87' lang='lat' dir='ltr'><strong>kal.</strong></span> <span class='ocrx_word' id='word_1_546' title='bbox 2516 3884 2789 3941; x_wconf 89' lang='lat' dir='ltr'><strong>Octobris.</strong></span> <span class='ocrx_word' id='word_1_547' title='bbox 2837 3885 3085 3958; x_wconf 83' lang='lat' dir='ltr'><strong>Agauno,</strong></span> <span class='ocrx_word' id='word_1_548' title='bbox 3119 3886 3297 3942; x_wconf 89' lang='lat' dir='ltr'><strong>natale</strong></span> <span class='ocrx_word' id='word_1_549' title='bbox 3326 3896 3645 3943; x_wconf 89' lang='lat' dir='ltr'><strong>sanctorum</strong></span> <span class='ocrx_word' id='word_1_550' title='bbox 3685 3886 3834 3943; x_wconf 80' lang='lat' dir='ltr'><strong>Mau-</strong></span> 
     </span>
    </p>
   </div>
   <div class='ocr_carea' id='block_1_84' title="bbox 2238 3978 3834 4055">
    <p class='ocr_par' dir='ltr' id='par_1_84' title="bbox 2238 3978 3834 4055">
     <span class='ocr_line' id='line_1_84' title="bbox 2238 3978 3834 4055; baseline -0.001 -19"><span class='ocrx_word' id='word_1_551' title='bbox 2238 3981 2377 4050; x_wconf 87' lang='lat' dir='ltr'><strong>rici,</strong></span> <span class='ocrx_word' id='word_1_552' title='bbox 2428 3978 2733 4050; x_wconf 85' lang='lat' dir='ltr'><strong>Exsuperi,</strong></span> <span class='ocrx_word' id='word_1_553' title='bbox 2784 3980 3035 4044; x_wconf 84' lang='lat' dir='ltr'><strong>Candidi,</strong></span> <span class='ocrx_word' id='word_1_554' title='bbox 3088 3996 3209 4037; x_wconf 92' lang='lat' dir='ltr'><strong>cum</strong></span> <span class='ocrx_word' id='word_1_555' title='bbox 3260 3980 3382 4036; x_wconf 89' lang='lat' dir='ltr'><strong>aliis</strong></span> <span class='ocrx_word' id='word_1_556' title='bbox 3429 3980 3670 4055; x_wconf 86' lang='lat' dir='ltr'><strong>quinque</strong></span> <span class='ocrx_word' id='word_1_557' title='bbox 3711 3983 3834 4035; x_wconf 90' lang='lat' dir='ltr'><strong>mil-</strong></span> 
     </span>
    </p>
   </div>
   <div class='ocr_carea' id='block_1_85' title="bbox 2238 4070 3832 4144">
    <p class='ocr_par' dir='ltr' id='par_1_85' title="bbox 2238 4070 3832 4144">
     <span class='ocr_line' id='line_1_85' title="bbox 2238 4070 3832 4144; baseline 0.001 -16"><span class='ocrx_word' id='word_1_558' title='bbox 2238 4073 2306 4128; x_wconf 88' lang='lat' dir='ltr'><strong>lla</strong></span> <span class='ocrx_word' id='word_1_559' title='bbox 2376 4088 2644 4129; x_wconf 82' lang='lat' dir='ltr'><strong>DCLxxxv.</strong></span> <span class='ocrx_word' id='word_1_560' title='bbox 2712 4072 2899 4129; x_wconf 90' lang='lat' dir='ltr'><strong>Lectio</strong></span> <span class='ocrx_word' id='word_1_561' title='bbox 2957 4074 3083 4129; x_wconf 85' lang='lat' dir='ltr'><strong>libri</strong></span> <span class='ocrx_word' id='word_1_562' title='bbox 3140 4073 3451 4144; x_wconf 65' lang='lat' dir='ltr'><strong>Sapientiae.</strong></span> <span class='ocrx_word' id='word_1_563' title='bbox 3512 4070 3618 4130; x_wconf 87' lang='lat' dir='ltr'><strong>Det</strong></span> <span class='ocrx_word' id='word_1_564' title='bbox 3677 4074 3832 4130; x_wconf 89' lang='lat' dir='ltr'><strong>nobis</strong></span> 
     </span>
    </p>
   </div>
   <div class='ocr_carea' id='block_1_86' title="bbox 2240 4165 3831 4238">
    <p class='ocr_par' dir='ltr' id='par_1_86' title="bbox 2240 4165 3831 4238">
     <span class='ocr_line' id='line_1_86' title="bbox 2240 4165 3831 4238; baseline 0.003 -19"><span class='ocrx_word' id='word_1_565' title='bbox 2240 4165 2383 4222; x_wconf 89' lang='lat' dir='ltr'><strong>Deus</strong></span> <span class='ocrx_word' id='word_1_566' title='bbox 2430 4166 2819 4236; x_wconf 80' lang='lat' dir='ltr'><strong>iucunditatem</strong></span> <span class='ocrx_word' id='word_1_567' title='bbox 2876 4167 3096 4235; x_wconf 86' lang='lat' dir='ltr'><strong>cordis,</strong></span> <span class='ocrx_word' id='word_1_568' title='bbox 3158 4183 3320 4238; x_wconf 79' lang='lat' dir='ltr'><strong>usque</strong></span> <span class='ocrx_word' id='word_1_569' title='bbox 3379 4167 3506 4238; x_wconf 88' lang='lat' dir='ltr'><strong>quia</strong></span> <span class='ocrx_word' id='word_1_570' title='bbox 3576 4167 3668 4222; x_wconf 82' lang='lat' dir='ltr'><strong>lux</strong></span> <span class='ocrx_word' id='word_1_571' title='bbox 3740 4168 3831 4223; x_wconf 89' lang='lat' dir='ltr'><strong>Dei</strong></span> 
     </span>
    </p>
   </div>
   <div class='ocr_carea' id='block_1_87' title="bbox 2237 4260 3833 4331">
    <p class='ocr_par' dir='ltr' id='par_1_87' title="bbox 2237 4260 3833 4331">
     <span class='ocr_line' id='line_1_87' title="bbox 2237 4260 3833 4331; baseline 0.003 -18"><span class='ocrx_word' id='word_1_572' title='bbox 2237 4261 2521 4331; x_wconf 86' lang='lat' dir='ltr'><strong>vestigium</strong></span> <span class='ocrx_word' id='word_1_573' title='bbox 2565 4262 2684 4331; x_wconf 90' lang='lat' dir='ltr'><strong>ejus</strong></span> <span class='ocrx_word' id='word_1_574' title='bbox 2723 4269 2826 4316; x_wconf 83' lang='lat' dir='ltr'><strong>est.</strong></span> <span class='ocrx_word' id='word_1_575' title='bbox 2865 4260 3215 4331; x_wconf 87' lang='lat' dir='ltr'><strong>Evangelium</strong></span> <span class='ocrx_word' id='word_1_576' title='bbox 3261 4262 3558 4319; x_wconf 89' lang='lat' dir='ltr'><strong>secundum</strong></span> <span class='ocrx_word' id='word_1_577' title='bbox 3600 4261 3833 4331; x_wconf 80' lang='lat' dir='ltr'><strong>Joann.,</strong></span> 
     </span>
    </p>
   </div>
   <div class='ocr_carea' id='block_1_88' title="bbox 2238 4352 3835 4427">
    <p class='ocr_par' dir='ltr' id='par_1_88' title="bbox 2238 4352 3835 4427">
     <span class='ocr_line' id='line_1_88' title="bbox 2238 4352 3835 4427; baseline 0.004 -20"><span class='ocrx_word' id='word_1_578' title='bbox 2238 4366 2355 4424; x_wconf 88' lang='lat' dir='ltr'><strong>cap.</strong></span> <span class='ocrx_word' id='word_1_579' title='bbox 2417 4370 2692 4422; x_wconf 82' lang='lat' dir='ltr'><strong>cxxxvnr,</strong></span> <span class='ocrx_word' id='word_1_580' title='bbox 2748 4353 2891 4410; x_wconf 92' lang='lat' dir='ltr'><strong>Dixit</strong></span> <span class='ocrx_word' id='word_1_581' title='bbox 2949 4356 3110 4411; x_wconf 85' lang='lat' dir='ltr'><strong>Jcsns</strong></span> <span class='ocrx_word' id='word_1_582' title='bbox 3166 4352 3446 4427; x_wconf 91' lang='lat' dir='ltr'><strong>discipulis</strong></span> <span class='ocrx_word' id='word_1_583' title='bbox 3498 4358 3648 4422; x_wconf 88' lang='lat' dir='ltr'><strong>suis,</strong></span> <span class='ocrx_word' id='word_1_584' title='bbox 3702 4352 3835 4413; x_wconf 65' lang='lat' dir='ltr'><strong>llaec</strong></span> 
     </span>
    </p>
   </div>
   <div class='ocr_carea' id='block_1_89' title="bbox 2242 4445 3838 4524">
    <p class='ocr_par' dir='ltr' id='par_1_89' title="bbox 2242 4445 3838 4524">
     <span class='ocr_line' id='line_1_89' title="bbox 2242 4445 3838 4524; baseline 0.006 -25"><span class='ocrx_word' id='word_1_585' title='bbox 2242 4445 2439 4500; x_wconf 88' lang='lat' dir='ltr'><strong>mando</strong></span> <span class='ocrx_word' id='word_1_586' title='bbox 2466 4445 2648 4515; x_wconf 85' lang='lat' dir='ltr'><strong>vobis,</strong></span> <span class='ocrx_word' id='word_1_587' title='bbox 2682 4454 2743 4502; x_wconf 90' lang='lat' dir='ltr'><strong>ut</strong></span> <span class='ocrx_word' id='word_1_588' title='bbox 2768 4446 3008 4518; x_wconf 84' lang='lat' dir='ltr'><strong>diligatis</strong></span> <span class='ocrx_word' id='word_1_589' title='bbox 3047 4447 3317 4520; x_wconf 77' lang='lat' dir='ltr'><strong>invicem,</strong></span> <span class='ocrx_word' id='word_1_590' title='bbox 3355 4449 3561 4524; x_wconf 84' lang='lat' dir='ltr'><strong>(usque)</strong></span> <span class='ocrx_word' id='word_1_591' title='bbox 3591 4447 3838 4508; x_wconf 80' lang='lat' dir='ltr'><strong>oderunt</strong></span> 
     </span>
    </p>
   </div>
   <div class='ocr_carea' id='block_1_90' title="bbox 545 4538 2541 4619">
    <p class='ocr_par' dir='ltr' id='par_1_90' title="bbox 545 4538 2541 4619">
     <span class='ocr_line' id='line_1_90' title="bbox 545 4538 2541 4619; baseline 0.001 -21"><span class='ocrx_word' id='word_1_592' title='bbox 545 4543 684 4599; x_wconf 81' lang='lat' dir='ltr'><strong>beati</strong></span> <span class='ocrx_word' id='word_1_593' title='bbox 708 4540 859 4598; x_wconf 89' lang='lat' dir='ltr'><strong>Pauli</strong></span> <span class='ocrx_word' id='word_1_594' title='bbox 888 4542 1121 4613; x_wconf 90' lang='lat' dir='ltr'><strong>apostoli</strong></span> <span class='ocrx_word' id='word_1_595' title='bbox 1152 4540 1219 4597; x_wconf 88' lang='lat' dir='ltr'><strong>ad</strong></span> <span class='ocrx_word' id='word_1_596' title='bbox 1260 4540 1538 4599; x_wconf 70' lang='lat' dir='ltr'><strong>llebrazos.</strong></span> <span class='ocrx_word' id='word_1_597' title='bbox 1574 4544 1816 4611; x_wconf 87' lang='lat' dir='ltr'><strong>Fratres,</strong></span> <span class='ocrx_word' id='word_1_598' title='bbox 1848 4544 1953 4601; x_wconf 89' lang='lat' dir='ltr'><strong>lide</strong></span> <span class='ocrx_word' id='word_1_599' title='bbox 1984 4543 2136 4601; x_wconf 81' lang='lat' dir='ltr'><strong>Raab</strong></span> <span class='ocrx_word' id='word_1_600' title='bbox 2159 4552 2213 4619; x_wconf 74' lang='grc' dir='ltr'>ι)</span> <span class='ocrx_word' id='word_1_601' title='bbox 2242 4554 2328 4592; x_wconf 82' lang='lat' dir='ltr'><strong>me</strong></span> <span class='ocrx_word' id='word_1_602' title='bbox 2352 4538 2541 4605; x_wconf 59' lang='lat' dir='ltr'><strong>armis.</strong></span> 
     </span>
    </p>
   </div>
   <div class='ocr_carea' id='block_1_91' title="bbox 542 4632 2132 4705">
    <p class='ocr_par' dir='ltr' id='par_1_91' title="bbox 542 4632 2132 4705">
     <span class='ocr_line' id='line_1_91' title="bbox 542 4632 2132 4705; baseline 0.004 -17"><span class='ocrx_word' id='word_1_603' title='bbox 542 4636 828 4701; x_wconf 79' lang='lat' dir='ltr'><strong>meretrix,</strong></span> <span class='ocrx_word' id='word_1_604' title='bbox 858 4649 1022 4705; x_wconf 78' lang='lat' dir='ltr'><strong>usque</strong></span> <span class='ocrx_word' id='word_1_605' title='bbox 1063 4632 1116 4687; x_wconf 94' lang='lat' dir='ltr'><strong>in</strong></span> <span class='ocrx_word' id='word_1_606' title='bbox 1147 4632 1373 4689; x_wconf 89' lang='lat' dir='ltr'><strong>dextera</strong></span> <span class='ocrx_word' id='word_1_607' title='bbox 1420 4634 1570 4691; x_wconf 88' lang='lat' dir='ltr'><strong>sedis</strong></span> <span class='ocrx_word' id='word_1_608' title='bbox 1597 4632 1695 4691; x_wconf 92' lang='lat' dir='ltr'><strong>Dei</strong></span> <span class='ocrx_word' id='word_1_609' title='bbox 1738 4634 1913 4692; x_wconf 84' lang='lat' dir='ltr'><strong>sedet.</strong></span> <span class='ocrx_word' id='word_1_610' title='bbox 1948 4634 2132 4695; x_wconf 88' lang='lat' dir='ltr'><strong>Evan-</strong></span> 
     </span>
    </p>
   </div>
   <div class='ocr_carea' id='block_1_92' title="bbox 538 4725 1523 4800">
    <p class='ocr_par' dir='ltr' id='par_1_92' title="bbox 538 4725 1523 4800">
     <span class='ocr_line' id='line_1_92' title="bbox 538 4725 1523 4800; baseline -0.001 -17"><span class='ocrx_word' id='word_1_611' title='bbox 538 4729 738 4800; x_wconf 75' lang='lat' dir='ltr'><strong>gelium</strong></span> <span class='ocrx_word' id='word_1_612' title='bbox 763 4727 907 4800; x_wconf 89' lang='lat' dir='ltr'><strong>quod</strong></span> <span class='ocrx_word' id='word_1_613' title='bbox 940 4728 995 4783; x_wconf 93' lang='lat' dir='ltr'><strong>in</strong></span> <span class='ocrx_word' id='word_1_614' title='bbox 1024 4725 1305 4784; x_wconf 89' lang='lat' dir='ltr'><strong>Dominiea</strong></span> <span class='ocrx_word' id='word_1_615' title='bbox 1332 4728 1523 4800; x_wconf 88' lang='lat' dir='ltr'><strong>ipsius.</strong></span> 
     </span>
    </p>
   </div>
   <div class='ocr_carea' id='block_1_93' title="bbox 612 4820 2131 4894">
    <p class='ocr_par' dir='ltr' id='par_1_93' title="bbox 612 4820 2131 4894">
     <span class='ocr_line' id='line_1_93' title="bbox 612 4820 2131 4894; baseline 0.003 -19"><span class='ocrx_word' id='word_1_616' title='bbox 612 4820 767 4875; x_wconf 82' lang='lat' dir='ltr'><strong>Feria</strong></span> <span class='ocrx_word' id='word_1_617' title='bbox 820 4835 877 4876; x_wconf 78' lang='lat' dir='ltr'><strong>vr</strong></span> <span class='ocrx_word' id='word_1_618' title='bbox 929 4820 1288 4883; x_wconf 75' lang='lat' dir='ltr'><strong>hebdomada:</strong></span> <span class='ocrx_word' id='word_1_619' title='bbox 1337 4838 1460 4894; x_wconf 76' lang='lat' dir='ltr'><strong>qua:</strong></span> <span class='ocrx_word' id='word_1_620' title='bbox 1505 4836 1690 4893; x_wconf 89' lang='lat' dir='ltr'><strong>supra.</strong></span> <span class='ocrx_word' id='word_1_621' title='bbox 1745 4821 1930 4879; x_wconf 84' lang='lat' dir='ltr'><strong>Lectio</strong></span> <span class='ocrx_word' id='word_1_622' title='bbox 1976 4823 2131 4880; x_wconf 71' lang='lat' dir='ltr'><strong>Osem</strong></span> 
     </span>
    </p>
   </div>
   <div class='ocr_carea' id='block_1_94' title="bbox 542 4911 2130 4981">
    <p class='ocr_par' dir='ltr' id='par_1_94' title="bbox 542 4911 2130 4981">
     <span class='ocr_line' id='line_1_94' title="bbox 542 4911 2130 4981; baseline 0.006 -16"><span class='ocrx_word' id='word_1_623' title='bbox 542 4911 843 4981; x_wconf 76' lang='lat' dir='ltr'><strong>prophette.</strong></span> <span class='ocrx_word' id='word_1_624' title='bbox 888 4912 1015 4967; x_wconf 70' lang='lat' dir='ltr'><strong>llaec</strong></span> <span class='ocrx_word' id='word_1_625' title='bbox 1062 4912 1197 4969; x_wconf 91' lang='lat' dir='ltr'><strong>dicit</strong></span> <span class='ocrx_word' id='word_1_626' title='bbox 1237 4912 1518 4980; x_wconf 87' lang='lat' dir='ltr'><strong>Dominus,</strong></span> <span class='ocrx_word' id='word_1_627' title='bbox 1551 4914 1891 4975; x_wconf 87' lang='lat' dir='ltr'><strong>Convertere</strong></span> <span class='ocrx_word' id='word_1_628' title='bbox 1919 4915 1985 4972; x_wconf 90' lang='lat' dir='ltr'><strong>ad</strong></span> <span class='ocrx_word' id='word_1_629' title='bbox 2016 4916 2130 4974; x_wconf 89' lang='lat' dir='ltr'><strong>Do-</strong></span> 
     </span>
    </p>
   </div>
   <div class='ocr_carea' id='block_1_95' title="bbox 543 5004 2129 5079">
    <p class='ocr_par' dir='ltr' id='par_1_95' title="bbox 543 5004 2129 5079">
     <span class='ocr_line' id='line_1_95' title="bbox 543 5004 2129 5079; baseline 0.007 -24"><span class='ocrx_word' id='word_1_630' title='bbox 543 5004 747 5057; x_wconf 86' lang='lat' dir='ltr'><strong>tninum</strong></span> <span class='ocrx_word' id='word_1_631' title='bbox 779 5005 949 5059; x_wconf 88' lang='lat' dir='ltr'><strong>Deum</strong></span> <span class='ocrx_word' id='word_1_632' title='bbox 980 5012 1151 5071; x_wconf 90' lang='lat' dir='ltr'><strong>tuum,</strong></span> <span class='ocrx_word' id='word_1_633' title='bbox 1188 5023 1349 5078; x_wconf 78' lang='lat' dir='ltr'><strong>usque</strong></span> <span class='ocrx_word' id='word_1_634' title='bbox 1390 5008 1522 5079; x_wconf 82' lang='lat' dir='ltr'><strong>justi</strong></span> <span class='ocrx_word' id='word_1_635' title='bbox 1553 5006 1913 5065; x_wconf 89' lang='lat' dir='ltr'><strong>ambulabunt</strong></span> <span class='ocrx_word' id='word_1_636' title='bbox 1942 5011 1994 5064; x_wconf 91' lang='lat' dir='ltr'><strong>in</strong></span> <span class='ocrx_word' id='word_1_637' title='bbox 2026 5009 2129 5068; x_wconf 88' lang='lat' dir='ltr'><strong>eis.</strong></span> 
     </span>
    </p>
   </div>
   <div class='ocr_carea' id='block_1_96' title="bbox 539 5094 2133 5173">
    <p class='ocr_par' dir='ltr' id='par_1_96' title="bbox 539 5094 2133 5173">
     <span class='ocr_line' id='line_1_96' title="bbox 539 5094 2133 5173; baseline 0.005 -24"><span class='ocrx_word' id='word_1_638' title='bbox 539 5094 895 5166; x_wconf 85' lang='lat' dir='ltr'><strong>Evangelinm</strong></span> <span class='ocrx_word' id='word_1_639' title='bbox 943 5096 1242 5154; x_wconf 85' lang='lat' dir='ltr'><strong>secundum</strong></span> <span class='ocrx_word' id='word_1_640' title='bbox 1274 5099 1500 5167; x_wconf 90' lang='lat' dir='ltr'><strong>Lucam,</strong></span> <span class='ocrx_word' id='word_1_641' title='bbox 1526 5110 1645 5173; x_wconf 87' lang='lat' dir='ltr'><strong>cap.</strong></span> <span class='ocrx_word' id='word_1_642' title='bbox 1675 5117 1862 5169; x_wconf 82' lang='lat' dir='ltr'><strong>xxxvr,</strong></span> <span class='ocrx_word' id='word_1_643' title='bbox 1895 5102 2133 5161; x_wconf 88' lang='lat' dir='ltr'><strong>Sedebat</strong></span> 
     </span>
    </p>
   </div>
   <div class='ocr_carea' id='block_1_97' title="bbox 531 5190 1900 5261">
    <p class='ocr_par' dir='ltr' id='par_1_97' title="bbox 531 5190 1900 5261">
     <span class='ocr_line' id='line_1_97' title="bbox 531 5190 1900 5261; baseline 0.004 -14"><span class='ocrx_word' id='word_1_644' title='bbox 531 5192 694 5247; x_wconf 85' lang='lat' dir='ltr'><strong>Jesus</strong></span> <span class='ocrx_word' id='word_1_645' title='bbox 723 5191 946 5258; x_wconf 90' lang='lat' dir='ltr'><strong>docens,</strong></span> <span class='ocrx_word' id='word_1_646' title='bbox 980 5207 1139 5261; x_wconf 72' lang='lat' dir='ltr'><strong>usque</strong></span> <span class='ocrx_word' id='word_1_647' title='bbox 1159 5190 1396 5245; x_wconf 88' lang='lat' dir='ltr'><strong>vidimus</strong></span> <span class='ocrx_word' id='word_1_648' title='bbox 1421 5190 1690 5257; x_wconf 86' lang='lat' dir='ltr'><strong>mirabilia</strong></span> <span class='ocrx_word' id='word_1_649' title='bbox 1718 5194 1900 5253; x_wconf 88' lang='lat' dir='ltr'><strong>hodie.</strong></span> 
     </span>
    </p>
   </div>
   <div class='ocr_carea' id='block_1_98' title="bbox 600 5280 2125 5348">
    <p class='ocr_par' dir='ltr' id='par_1_98' title="bbox 600 5280 2125 5348">
     <span class='ocr_line' id='line_1_98' title="bbox 600 5280 2125 5348; baseline 0.005 -7"><span class='ocrx_word' id='word_1_650' title='bbox 600 5282 842 5341; x_wconf 89' lang='lat' dir='ltr'><strong>Sabbato</strong></span> <span class='ocrx_word' id='word_1_651' title='bbox 892 5283 946 5338; x_wconf 91' lang='lat' dir='ltr'><strong>in</strong></span> <span class='ocrx_word' id='word_1_652' title='bbox 990 5298 1064 5339; x_wconf 80' lang='lat' dir='ltr'><strong>xit</strong></span> <span class='ocrx_word' id='word_1_653' title='bbox 1111 5280 1459 5340; x_wconf 89' lang='lat' dir='ltr'><strong>lectionibus.</strong></span> <span class='ocrx_word' id='word_1_654' title='bbox 1492 5283 1682 5342; x_wconf 88' lang='lat' dir='ltr'><strong>Lectio</strong></span> <span class='ocrx_word' id='word_1_655' title='bbox 1726 5288 1850 5342; x_wconf 89' lang='lat' dir='ltr'><strong>libri</strong></span> <span class='ocrx_word' id='word_1_656' title='bbox 1877 5286 2125 5348; x_wconf 91' lang='lat' dir='ltr'><strong>Levitici.</strong></span> 
     </span>
    </p>
   </div>
   <div class='ocr_carea' id='block_1_99' title="bbox 528 5375 2127 5454">
    <p class='ocr_par' dir='ltr' id='par_1_99' title="bbox 528 5375 2127 5454">
     <span class='ocr_line' id='line_1_99' title="bbox 528 5375 2127 5454; baseline 0.005 -23"><span class='ocrx_word' id='word_1_657' title='bbox 528 5377 584 5432; x_wconf 87' lang='lat' dir='ltr'><strong>In</strong></span> <span class='ocrx_word' id='word_1_658' title='bbox 615 5377 809 5434; x_wconf 88' lang='lat' dir='ltr'><strong>diebus</strong></span> <span class='ocrx_word' id='word_1_659' title='bbox 838 5376 953 5433; x_wconf 84' lang='lat' dir='ltr'><strong>illis</strong></span> <span class='ocrx_word' id='word_1_660' title='bbox 1002 5376 1215 5433; x_wconf 86' lang='lat' dir='ltr'><strong>locutus</strong></span> <span class='ocrx_word' id='word_1_661' title='bbox 1258 5384 1345 5433; x_wconf 84' lang='lat' dir='ltr'><strong>est</strong></span> <span class='ocrx_word' id='word_1_662' title='bbox 1372 5375 1636 5435; x_wconf 90' lang='lat' dir='ltr'><strong>Dominus</strong></span> <span class='ocrx_word' id='word_1_663' title='bbox 1666 5379 1734 5434; x_wconf 91' lang='lat' dir='ltr'><strong>ad</strong></span> <span class='ocrx_word' id='word_1_664' title='bbox 1766 5378 1989 5454; x_wconf 79' lang='lat' dir='ltr'><strong>Moysen</strong></span> <span class='ocrx_word' id='word_1_665' title='bbox 2038 5382 2127 5438; x_wconf 80' lang='lat' dir='ltr'><strong>di-</strong></span> 
     </span>
    </p>
   </div>
   <div class='ocr_carea' id='block_1_100' title="bbox 525 5469 2121 5545">
    <p class='ocr_par' dir='ltr' id='par_1_100' title="bbox 525 5469 2121 5545">
     <span class='ocr_line' id='line_1_100' title="bbox 525 5469 2121 5545; baseline 0.005 -21"><span class='ocrx_word' id='word_1_666' title='bbox 525 5486 676 5539; x_wconf 87' lang='lat' dir='ltr'><strong>cens,</strong></span> <span class='ocrx_word' id='word_1_667' title='bbox 709 5470 937 5527; x_wconf 90' lang='lat' dir='ltr'><strong>Decimo</strong></span> <span class='ocrx_word' id='word_1_668' title='bbox 966 5470 1173 5525; x_wconf 84' lang='lat' dir='ltr'><strong>mensis</strong></span> <span class='ocrx_word' id='word_1_669' title='bbox 1204 5469 1444 5541; x_wconf 87' lang='lat' dir='ltr'><strong>septimi,</strong></span> <span class='ocrx_word' id='word_1_670' title='bbox 1474 5487 1636 5544; x_wconf 79' lang='lat' dir='ltr'><strong>usque</strong></span> <span class='ocrx_word' id='word_1_671' title='bbox 1660 5472 1885 5530; x_wconf 86' lang='lat' dir='ltr'><strong>sabbata</strong></span> <span class='ocrx_word' id='word_1_672' title='bbox 1916 5484 2121 5545; x_wconf 86' lang='lat' dir='ltr'><strong>vestra,</strong></span> 
     </span>
    </p>
   </div>
   <div class='ocr_carea' id='block_1_101' title="bbox 524 5562 1347 5634">
    <p class='ocr_par' dir='ltr' id='par_1_101' title="bbox 524 5562 1347 5634">
     <span class='ocr_line' id='line_1_101' title="bbox 524 5562 1347 5634; baseline -0.001 -17"><span class='ocrx_word' id='word_1_673' title='bbox 524 5562 655 5618; x_wconf 89' lang='lat' dir='ltr'><strong>dicit</strong></span> <span class='ocrx_word' id='word_1_674' title='bbox 683 5563 951 5618; x_wconf 86' lang='lat' dir='ltr'><strong>Dominus</strong></span> <span class='ocrx_word' id='word_1_675' title='bbox 979 5563 1347 5634; x_wconf 83' lang='lat' dir='ltr'><strong>omnipotens.</strong></span> 
     </span>
    </p>
   </div>
   <div class='ocr_carea' id='block_1_102' title="bbox 593 5654 2125 5719">
    <p class='ocr_par' dir='ltr' id='par_1_102' title="bbox 593 5654 2125 5719">
     <span class='ocr_line' id='line_1_102' title="bbox 593 5654 2125 5719; baseline 0.007 -11"><span class='ocrx_word' id='word_1_676' title='bbox 593 5654 727 5710; x_wconf 85' lang='lat' dir='ltr'><strong>Item</strong></span> <span class='ocrx_word' id='word_1_677' title='bbox 777 5658 881 5712; x_wconf 84' lang='lat' dir='ltr'><strong>alia</strong></span> <span class='ocrx_word' id='word_1_678' title='bbox 936 5656 1098 5711; x_wconf 91' lang='lat' dir='ltr'><strong>lectio</strong></span> <span class='ocrx_word' id='word_1_679' title='bbox 1149 5657 1276 5713; x_wconf 87' lang='lat' dir='ltr'><strong>libri</strong></span> <span class='ocrx_word' id='word_1_680' title='bbox 1308 5656 1560 5717; x_wconf 85' lang='lat' dir='ltr'><strong>Levitici.</strong></span> <span class='ocrx_word' id='word_1_681' title='bbox 1588 5656 1654 5716; x_wconf 81' lang='lat' dir='ltr'><strong>In</strong></span> <span class='ocrx_word' id='word_1_682' title='bbox 1686 5660 1877 5719; x_wconf 87' lang='lat' dir='ltr'><strong>diebus</strong></span> <span class='ocrx_word' id='word_1_683' title='bbox 1906 5661 2013 5717; x_wconf 89' lang='lat' dir='ltr'><strong>illis</strong></span> <span class='ocrx_word' id='word_1_684' title='bbox 2043 5664 2125 5719; x_wconf 67' lang='lat' dir='ltr'><strong>lo~</strong></span> 
     </span>
    </p>
   </div>
   <div class='ocr_carea' id='block_1_103' title="bbox 524 5747 2113 5831">
    <p class='ocr_par' dir='ltr' id='par_1_103' title="bbox 524 5747 2113 5831">
     <span class='ocr_line' id='line_1_103' title="bbox 524 5747 2113 5831; baseline 0.01 -28"><span class='ocrx_word' id='word_1_685' title='bbox 524 5754 683 5805; x_wconf 67' lang='lat' dir='ltr'><strong>cuius</strong></span> <span class='ocrx_word' id='word_1_686' title='bbox 723 5758 809 5807; x_wconf 71' lang='lat' dir='ltr'><strong>est</strong></span> <span class='ocrx_word' id='word_1_687' title='bbox 851 5747 1113 5807; x_wconf 88' lang='lat' dir='ltr'><strong>Dominus</strong></span> <span class='ocrx_word' id='word_1_688' title='bbox 1158 5751 1227 5808; x_wconf 85' lang='lat' dir='ltr'><strong>ad</strong></span> <span class='ocrx_word' id='word_1_689' title='bbox 1273 5752 1500 5828; x_wconf 78' lang='lat' dir='ltr'><strong>Moysen</strong></span> <span class='ocrx_word' id='word_1_690' title='bbox 1548 5755 1763 5831; x_wconf 86' lang='lat' dir='ltr'><strong>dicens,</strong></span> <span class='ocrx_word' id='word_1_691' title='bbox 1807 5756 2113 5831; x_wconf 86' lang='lat' dir='ltr'><strong>Quintode-</strong></span> 
     </span>
    </p>
   </div>
   <div class='ocr_carea' id='block_1_104' title="bbox 2312 4626 3833 4711">
    <p class='ocr_par' dir='ltr' id='par_1_104' title="bbox 2312 4626 3833 4711">
     <span class='ocr_line' id='line_1_104' title="bbox 2312 4626 3833 4711; baseline 0.007 -26"><span class='ocrx_word' id='word_1_692' title='bbox 2312 4646 2363 4686; x_wconf 82' lang='lat' dir='ltr'><strong>1x</strong></span> <span class='ocrx_word' id='word_1_693' title='bbox 2388 4630 2500 4686; x_wconf 83' lang='lat' dir='ltr'><strong>kal.</strong></span> <span class='ocrx_word' id='word_1_694' title='bbox 2524 4632 2717 4688; x_wconf 87' lang='lat' dir='ltr'><strong>Octob.</strong></span> <span class='ocrx_word' id='word_1_695' title='bbox 2737 4631 2929 4691; x_wconf 89' lang='lat' dir='ltr'><strong>Natale</strong></span> <span class='ocrx_word' id='word_1_696' title='bbox 2948 4633 3006 4691; x_wconf 92' lang='lat' dir='ltr'><strong>S.</strong></span> <span class='ocrx_word' id='word_1_697' title='bbox 3030 4626 3210 4691; x_wconf 69' lang='lat' dir='ltr'><strong>Teclte</strong></span> <span class='ocrx_word' id='word_1_698' title='bbox 3232 4634 3479 4711; x_wconf 86' lang='lat' dir='ltr'><strong>virginis,</strong></span> <span class='ocrx_word' id='word_1_699' title='bbox 3506 4644 3561 4693; x_wconf 90' lang='lat' dir='ltr'><strong>et</strong></span> <span class='ocrx_word' id='word_1_700' title='bbox 3581 4635 3638 4693; x_wconf 92' lang='lat' dir='ltr'><strong>S.</strong></span> <span class='ocrx_word' id='word_1_701' title='bbox 3665 4630 3833 4695; x_wconf 74' lang='lat' dir='ltr'><strong>Marci</strong></span> 
     </span>
    </p>
   </div>
   <div class='ocr_carea' id='block_1_105' title="bbox 2239 4726 3833 4799">
    <p class='ocr_par' dir='ltr' id='par_1_105' title="bbox 2239 4726 3833 4799">
     <span class='ocr_line' id='line_1_105' title="bbox 2239 4726 3833 4799; baseline 0.006 -18"><span class='ocrx_word' id='word_1_702' title='bbox 2239 4727 2603 4797; x_wconf 84' lang='lat' dir='ltr'><strong>evangelistae.</strong></span> <span class='ocrx_word' id='word_1_703' title='bbox 2636 4726 2818 4783; x_wconf 89' lang='lat' dir='ltr'><strong>Lectio</strong></span> <span class='ocrx_word' id='word_1_704' title='bbox 2866 4726 2987 4784; x_wconf 90' lang='lat' dir='ltr'><strong>libri</strong></span> <span class='ocrx_word' id='word_1_705' title='bbox 3017 4728 3326 4799; x_wconf 64' lang='lat' dir='ltr'><strong>Sapientiae.</strong></span> <span class='ocrx_word' id='word_1_706' title='bbox 3366 4730 3682 4788; x_wconf 83' lang='lat' dir='ltr'><strong>Conﬁtebor</strong></span> <span class='ocrx_word' id='word_1_707' title='bbox 3712 4732 3833 4799; x_wconf 89' lang='lat' dir='ltr'><strong>tibi,</strong></span> 
     </span>
    </p>
   </div>
   <div class='ocr_carea' id='block_1_106' title="bbox 2241 4819 3836 4892">
    <p class='ocr_par' dir='ltr' id='par_1_106' title="bbox 2241 4819 3836 4892">
     <span class='ocr_line' id='line_1_106' title="bbox 2241 4819 3836 4892; baseline 0.006 -19"><span class='ocrx_word' id='word_1_708' title='bbox 2241 4820 2464 4876; x_wconf 92' lang='lat' dir='ltr'><strong>Domine</strong></span> <span class='ocrx_word' id='word_1_709' title='bbox 2488 4819 2631 4888; x_wconf 86' lang='lat' dir='ltr'><strong>Rex,</strong></span> <span class='ocrx_word' id='word_1_710' title='bbox 2666 4837 2820 4892; x_wconf 73' lang='lat' dir='ltr'><strong>usque</strong></span> <span class='ocrx_word' id='word_1_711' title='bbox 2844 4822 3159 4878; x_wconf 89' lang='lat' dir='ltr'><strong>benedicam</strong></span> <span class='ocrx_word' id='word_1_712' title='bbox 3189 4839 3383 4881; x_wconf 90' lang='lat' dir='ltr'><strong>nomen</strong></span> <span class='ocrx_word' id='word_1_713' title='bbox 3408 4835 3580 4891; x_wconf 92' lang='lat' dir='ltr'><strong>tuum,</strong></span> <span class='ocrx_word' id='word_1_714' title='bbox 3604 4826 3836 4883; x_wconf 87' lang='lat' dir='ltr'><strong>Domine</strong></span> 
     </span>
    </p>
   </div>
   <div class='ocr_carea' id='block_1_107' title="bbox 2237 4914 3833 4992">
    <p class='ocr_par' dir='ltr' id='par_1_107' title="bbox 2237 4914 3833 4992">
     <span class='ocr_line' id='line_1_107' title="bbox 2237 4914 3833 4992; baseline 0.003 -22"><span class='ocrx_word' id='word_1_715' title='bbox 2237 4914 2381 4970; x_wconf 87' lang='lat' dir='ltr'><strong>Deus</strong></span> <span class='ocrx_word' id='word_1_716' title='bbox 2421 4930 2597 4969; x_wconf 90' lang='lat' dir='ltr'><strong>meus.</strong></span> <span class='ocrx_word' id='word_1_717' title='bbox 2660 4914 3006 4985; x_wconf 81' lang='lat' dir='ltr'><strong>Evangelinm</strong></span> <span class='ocrx_word' id='word_1_718' title='bbox 3076 4918 3371 4975; x_wconf 89' lang='lat' dir='ltr'><strong>secundum</strong></span> <span class='ocrx_word' id='word_1_719' title='bbox 3434 4914 3650 4986; x_wconf 63' lang='lat' dir='ltr'><strong>Matth,</strong></span> <span class='ocrx_word' id='word_1_720' title='bbox 3706 4934 3833 4992; x_wconf 90' lang='lat' dir='ltr'><strong>cap.</strong></span> 
     </span>
    </p>
   </div>
   <div class='ocr_carea' id='block_1_108' title="bbox 2236 5004 3839 5082">
    <p class='ocr_par' dir='ltr' id='par_1_108' title="bbox 2236 5004 3839 5082">
     <span class='ocr_line' id='line_1_108' title="bbox 2236 5004 3839 5082; baseline 0.004 -20"><span class='ocrx_word' id='word_1_721' title='bbox 2236 5020 2491 5071; x_wconf 72' lang='lat' dir='ltr'><strong>ccxtvm,</strong></span> <span class='ocrx_word' id='word_1_722' title='bbox 2527 5005 2669 5061; x_wconf 87' lang='lat' dir='ltr'><strong>Dixit</strong></span> <span class='ocrx_word' id='word_1_723' title='bbox 2709 5004 2867 5062; x_wconf 84' lang='lat' dir='ltr'><strong>Jesus</strong></span> <span class='ocrx_word' id='word_1_724' title='bbox 2895 5008 3172 5079; x_wconf 89' lang='lat' dir='ltr'><strong>discipulis</strong></span> <span class='ocrx_word' id='word_1_725' title='bbox 3202 5007 3349 5078; x_wconf 89' lang='lat' dir='ltr'><strong>suis,</strong></span> <span class='ocrx_word' id='word_1_726' title='bbox 3392 5007 3580 5064; x_wconf 82' lang='lat' dir='ltr'><strong>Videte</strong></span> <span class='ocrx_word' id='word_1_727' title='bbox 3610 5024 3681 5065; x_wconf 87' lang='lat' dir='ltr'><strong>ne</strong></span> <span class='ocrx_word' id='word_1_728' title='bbox 3710 5012 3839 5082; x_wconf 90' lang='lat' dir='ltr'><strong>quis</strong></span> 
     </span>
    </p>
   </div>
   <div class='ocr_carea' id='block_1_109' title="bbox 2238 5099 3297 5172">
    <p class='ocr_par' dir='ltr' id='par_1_109' title="bbox 2238 5099 3297 5172">
     <span class='ocr_line' id='line_1_109' title="bbox 2238 5099 3297 5172; baseline 0.003 -17"><span class='ocrx_word' id='word_1_729' title='bbox 2238 5115 2331 5155; x_wconf 87' lang='lat' dir='ltr'><strong>vos</strong></span> <span class='ocrx_word' id='word_1_730' title='bbox 2355 5101 2581 5157; x_wconf 87' lang='lat' dir='ltr'><strong>seducat</strong></span> <span class='ocrx_word' id='word_1_731' title='bbox 2604 5143 2619 5167; x_wconf 90' lang='lat'><strong>,</strong></span> <span class='ocrx_word' id='word_1_732' title='bbox 2659 5117 2819 5172; x_wconf 79' lang='lat' dir='ltr'><strong>usque</strong></span> <span class='ocrx_word' id='word_1_733' title='bbox 2843 5099 2931 5155; x_wconf 85' lang='lat' dir='ltr'><strong>hic</strong></span> <span class='ocrx_word' id='word_1_734' title='bbox 2960 5101 3144 5157; x_wconf 85' lang='lat' dir='ltr'><strong>salvus</strong></span> <span class='ocrx_word' id='word_1_735' title='bbox 3174 5105 3297 5158; x_wconf 91' lang='lat' dir='ltr'><strong>erit.</strong></span> 
     </span>
    </p>
   </div>
   <div class='ocr_carea' id='block_1_110' title="bbox 2308 5191 3837 5271">
    <p class='ocr_par' dir='ltr' id='par_1_110' title="bbox 2308 5191 3837 5271">
     <span class='ocr_line' id='line_1_110' title="bbox 2308 5191 3837 5271; baseline 0.008 -26"><span class='ocrx_word' id='word_1_736' title='bbox 2308 5208 2402 5247; x_wconf 76' lang='lat' dir='ltr'><strong>vni</strong></span> <span class='ocrx_word' id='word_1_737' title='bbox 2420 5192 2527 5248; x_wconf 87' lang='lat' dir='ltr'><strong>kal.</strong></span> <span class='ocrx_word' id='word_1_738' title='bbox 2547 5191 2737 5250; x_wconf 90' lang='lat' dir='ltr'><strong>Octob.</strong></span> <span class='ocrx_word' id='word_1_739' title='bbox 2755 5192 2941 5251; x_wconf 82' lang='lat' dir='ltr'><strong>Natale</strong></span> <span class='ocrx_word' id='word_1_740' title='bbox 2963 5195 3022 5252; x_wconf 93' lang='lat' dir='ltr'><strong>S.</strong></span> <span class='ocrx_word' id='word_1_741' title='bbox 3054 5195 3211 5253; x_wconf 86' lang='lat' dir='ltr'><strong>Joan.</strong></span> <span class='ocrx_word' id='word_1_742' title='bbox 3242 5196 3510 5271; x_wconf 81' lang='lat' dir='ltr'><strong>Baptistae,</strong></span> <span class='ocrx_word' id='word_1_743' title='bbox 3538 5207 3588 5256; x_wconf 90' lang='lat' dir='ltr'><strong>et</strong></span> <span class='ocrx_word' id='word_1_744' title='bbox 3613 5210 3837 5258; x_wconf 52' lang='lat' dir='ltr'><strong>sancto.</strong></span> 
     </span>
    </p>
   </div>
   <div class='ocr_carea' id='block_1_111' title="bbox 2238 5288 3832 5366">
    <p class='ocr_par' dir='ltr' id='par_1_111' title="bbox 2238 5288 3832 5366">
     <span class='ocr_line' id='line_1_111' title="bbox 2238 5288 3832 5366; baseline 0.006 -22"><span class='ocrx_word' id='word_1_745' title='bbox 2238 5304 2357 5345; x_wconf 88' lang='lat' dir='ltr'><strong>rum</strong></span> <span class='ocrx_word' id='word_1_746' title='bbox 2395 5288 2593 5343; x_wconf 85' lang='lat' dir='ltr'><strong>Juliani</strong></span> <span class='ocrx_word' id='word_1_747' title='bbox 2621 5332 2637 5357; x_wconf 90' lang='lat'><strong>,</strong></span> <span class='ocrx_word' id='word_1_748' title='bbox 2680 5289 3080 5361; x_wconf 79' lang='lat' dir='ltr'><strong>ChriSlOplIOI‘i.</strong></span> <span class='ocrx_word' id='word_1_749' title='bbox 3130 5292 3315 5349; x_wconf 82' lang='lat' dir='ltr'><strong>Lectio</strong></span> <span class='ocrx_word' id='word_1_750' title='bbox 3345 5294 3467 5350; x_wconf 90' lang='lat' dir='ltr'><strong>libri</strong></span> <span class='ocrx_word' id='word_1_751' title='bbox 3504 5293 3832 5366; x_wconf 68' lang='lat' dir='ltr'><strong>Sapientiae.</strong></span> 
     </span>
    </p>
   </div>
   <div class='ocr_carea' id='block_1_112' title="bbox 2238 5381 3836 5462">
    <p class='ocr_par' dir='ltr' id='par_1_112' title="bbox 2238 5381 3836 5462">
     <span class='ocr_line' id='line_1_112' title="bbox 2238 5381 3836 5462; baseline 0.004 -23"><span class='ocrx_word' id='word_1_752' title='bbox 2238 5382 2398 5439; x_wconf 89' lang='lat' dir='ltr'><strong>Dedit</strong></span> <span class='ocrx_word' id='word_1_753' title='bbox 2451 5381 2581 5437; x_wconf 88' lang='lat' dir='ltr'><strong>mihi</strong></span> <span class='ocrx_word' id='word_1_754' title='bbox 2638 5382 2896 5440; x_wconf 88' lang='lat' dir='ltr'><strong>Dominus</strong></span> <span class='ocrx_word' id='word_1_755' title='bbox 2950 5387 3184 5458; x_wconf 84' lang='lat' dir='ltr'><strong>linguam</strong></span> <span class='ocrx_word' id='word_1_756' title='bbox 3238 5388 3542 5445; x_wconf 88' lang='lat' dir='ltr'><strong>mercedem</strong></span> <span class='ocrx_word' id='word_1_757' title='bbox 3602 5405 3786 5446; x_wconf 87' lang='lat' dir='ltr'><strong>meam</strong></span> <span class='ocrx_word' id='word_1_758' title='bbox 3819 5436 3836 5462; x_wconf 87' lang='lat'><strong>,</strong></span> 
     </span>
    </p>
   </div>
   <div class='ocr_carea' id='block_1_113' title="bbox 2236 5479 3839 5555">
    <p class='ocr_par' dir='ltr' id='par_1_113' title="bbox 2236 5479 3839 5555">
     <span class='ocr_line' id='line_1_113' title="bbox 2236 5479 3839 5555; baseline 0.006 -24"><span class='ocrx_word' id='word_1_759' title='bbox 2236 5494 2397 5545; x_wconf 78' lang='lat' dir='ltr'><strong>usque</strong></span> <span class='ocrx_word' id='word_1_760' title='bbox 2424 5485 2659 5533; x_wconf 87' lang='lat' dir='ltr'><strong>vestram</strong></span> <span class='ocrx_word' id='word_1_761' title='bbox 2691 5479 2743 5534; x_wconf 92' lang='lat' dir='ltr'><strong>in</strong></span> <span class='ocrx_word' id='word_1_762' title='bbox 2789 5486 3034 5550; x_wconf 89' lang='lat' dir='ltr'><strong>tempore</strong></span> <span class='ocrx_word' id='word_1_763' title='bbox 3076 5498 3196 5538; x_wconf 91' lang='lat' dir='ltr'><strong>suo.</strong></span> <span class='ocrx_word' id='word_1_764' title='bbox 3240 5481 3592 5555; x_wconf 86' lang='lat' dir='ltr'><strong>Evangelium</strong></span> <span class='ocrx_word' id='word_1_765' title='bbox 3638 5500 3839 5542; x_wconf 73' lang='lat' dir='ltr'><strong>saeuo-</strong></span> 
     </span>
    </p>
   </div>
   <div class='ocr_carea' id='block_1_114' title="bbox 2234 5566 3836 5648">
    <p class='ocr_par' dir='ltr' id='par_1_114' title="bbox 2234 5566 3836 5648">
     <span class='ocr_line' id='line_1_114' title="bbox 2234 5566 3836 5648; baseline 0.006 -25"><span class='ocrx_word' id='word_1_766' title='bbox 2234 5566 2363 5623; x_wconf 84' lang='lat' dir='ltr'><strong>dum</strong></span> <span class='ocrx_word' id='word_1_767' title='bbox 2386 5568 2573 5637; x_wconf 63' lang='lat' dir='ltr'><strong>Marc,</strong></span> <span class='ocrx_word' id='word_1_768' title='bbox 2607 5584 2724 5641; x_wconf 89' lang='lat' dir='ltr'><strong>cap.</strong></span> <span class='ocrx_word' id='word_1_769' title='bbox 2759 5586 2983 5643; x_wconf 74' lang='lat' dir='ltr'><strong>cxxxrx,</strong></span> <span class='ocrx_word' id='word_1_770' title='bbox 3005 5572 3199 5631; x_wconf 75' lang='lat' dir='ltr'><strong>Videte</strong></span> <span class='ocrx_word' id='word_1_771' title='bbox 3217 5591 3285 5631; x_wconf 90' lang='lat' dir='ltr'><strong>ne</strong></span> <span class='ocrx_word' id='word_1_772' title='bbox 3305 5575 3423 5647; x_wconf 89' lang='lat' dir='ltr'><strong>quis</strong></span> <span class='ocrx_word' id='word_1_773' title='bbox 3453 5593 3549 5633; x_wconf 87' lang='lat' dir='ltr'><strong>vos</strong></span> <span class='ocrx_word' id='word_1_774' title='bbox 3579 5577 3836 5648; x_wconf 83' lang='lat' dir='ltr'><strong>seducat,</strong></span> 
     </span>
    </p>
   </div>
   <div class='ocr_carea' id='block_1_115' title="bbox 2236 5663 2873 5734">
    <p class='ocr_par' dir='ltr' id='par_1_115' title="bbox 2236 5663 2873 5734">
     <span class='ocr_line' id='line_1_115' title="bbox 2236 5663 2873 5734; baseline 0.005 -17"><span class='ocrx_word' id='word_1_775' title='bbox 2236 5678 2395 5734; x_wconf 82' lang='lat' dir='ltr'><strong>usque</strong></span> <span class='ocrx_word' id='word_1_776' title='bbox 2424 5663 2511 5720; x_wconf 88' lang='lat' dir='ltr'><strong>hic</strong></span> <span class='ocrx_word' id='word_1_777' title='bbox 2539 5663 2719 5719; x_wconf 90' lang='lat' dir='ltr'><strong>salvus</strong></span> <span class='ocrx_word' id='word_1_778' title='bbox 2748 5664 2873 5721; x_wconf 90' lang='lat' dir='ltr'><strong>erit.</strong></span> 
     </span>
    </p>
   </div>
   <div class='ocr_carea' id='block_1_116' title="bbox 2304 5753 3838 5829">
    <p class='ocr_par' dir='ltr' id='par_1_116' title="bbox 2304 5753 3838 5829">
     <span class='ocr_line' id='line_1_116' title="bbox 2304 5753 3838 5829; baseline 0.006 -18"><span class='ocrx_word' id='word_1_779' title='bbox 2304 5770 2377 5816; x_wconf 86' lang='lat' dir='ltr'><strong>vn</strong></span> <span class='ocrx_word' id='word_1_780' title='bbox 2410 5753 2516 5816; x_wconf 79' lang='lat' dir='ltr'><strong>kal.</strong></span> <span class='ocrx_word' id='word_1_781' title='bbox 2548 5756 2668 5815; x_wconf 90' lang='lat' dir='ltr'><strong>Oct.</strong></span> <span class='ocrx_word' id='word_1_782' title='bbox 2699 5753 2760 5816; x_wconf 88' lang='lat' dir='ltr'><strong>In</strong></span> <span class='ocrx_word' id='word_1_783' title='bbox 2790 5755 2994 5829; x_wconf 84' lang='lat' dir='ltr'><strong>Gallia,</strong></span> <span class='ocrx_word' id='word_1_784' title='bbox 3035 5757 3353 5828; x_wconf 72' lang='lat' dir='ltr'><strong>Ambianis,</strong></span> <span class='ocrx_word' id='word_1_785' title='bbox 3399 5757 3579 5819; x_wconf 80' lang='lat' dir='ltr'><strong>natale</strong></span> <span class='ocrx_word' id='word_1_786' title='bbox 3617 5758 3677 5821; x_wconf 86' lang='lat' dir='ltr'><strong>S.</strong></span> <span class='ocrx_word' id='word_1_787' title='bbox 3713 5759 3838 5820; x_wconf 81' lang='lat' dir='ltr'><strong>Fir-</strong></span> 
     </span>
    </p>
   </div>
  </div>
