4050 6198
1435 224 1641 284 LIBER
1675 222 1971 284 COMI'I‘IS.

3244 234 3347 295 526

264 340 505 412 martyris.
534 338 720 397 Lectio
750 339 1008 412 Epistula
1053 340 1198 397 beati
1242 341 1393 398 Pauli
1424 342 1653 415 apostoli
1680 341 1737 405 Α
1757 341 2071 413 parabolam
2116 340 2258 399 hanc
2284 382 2299 410 ,
2337 341 2515 401 Homo
2556 344 2776 415 quidam
2804 360 3069 419 peregre,
3096 366 3256 424 usque
3286 355 3343 410 in

235 432 470 491 ilebraus.
530 434 784 502 Fratres,
836 436 1130 506 recogitate
1178 435 1509 504 Dominum,
1564 438 1655 508 qui

261 526 513 595 susunuit,
568 543 730 599 usque
783 529 1105 585 exercitatis
1160 544 1258 600 per
1307 544 1429 586 eam
1466 528 1656 587 reddet

235 625 327 676 tia.
378 622 569 692 Evang.
612 623 909 679 secundum
960 622 1175 695 Matth,
1232 638 1353 696 cap.
1406 640 1651 694 ccum,

235 714 409 770 :Jesus
453 714 727 786 discipulis
790 718 944 789 suis,
998 716 1265 790 Vigilate,
1322 735 1487 791 usque
1532 735 1657 777 con-

235 818 276 863 ει
307 824 435 865 eum.

235 901 425 963 lminica
461 920 518 965 ιιι
558 915 683 981 post
725 902 788 966 S.
836 909 1115 985 Cypriani.
1168 911 1354 971 Lectio
1395 912 1459 971 B.
1503 914 1655 971 Pauli

235 999 311 1056 tuli
331 1000 393 1057 ad
413 1002 691 1073 Ephesios.
722 1004 943 1061 Fratres
958 1048 975 1070 ,
1002 1005 1186 1063 videte
1207 1008 1478 1079 quomodo
1496 1018 1656 1065 caute

236 1094 398 1165 tlatis,
425 1112 581 1171 usque
616 1098 847 1154 invicem
877 1098 933 1155 in
970 1100 1169 1156 timore
1188 1099 1412 1156 Christi.
1435 1099 1650 1172 Evang.

236 1188 373 1245 idum
400 1188 604 1261 Matth.,
626 1206 748 1263 cap.
777 1205 1103 1248 cccxxxvm.
1136 1192 1285 1248 Dixit
1308 1192 1468 1249 Jesus
1489 1192 1654 1248 disci-

256 1284 358 1338 suis
384 1278 684 1353 parabolam
717 1283 881 1350 hanc,
905 1282 1095 1340 Simile
1121 1291 1206 1339 est
1229 1298 1458 1355 regnum
1488 1285 1655 1341 calu-

236 1374 425 1430 lioniini
451 1375 604 1446 Regi,
625 1376 720 1447 qui
740 1376 911 1432 voluit
929 1374 1223 1447 rationem,
1253 1393 1413 1449 usque
1436 1378 1505 1435 de
1530 1392 1654 1435 cur—

235 1484 239 1519 ε
268 1466 470 1524 vestris.

235 1564 305 1618 ria
346 1577 383 1619 ιι
413 1560 758 1621 bebdomada
786 1578 909 1635 qua
937 1574 1127 1637 supra.
1172 1565 1359 1624 Lectio
1397 1567 1655 1639 Epistula

235 1657 317 1712 tuli
338 1659 558 1728 apostoli
581 1659 650 1714 ad
680 1659 957 1715 Hebraos.
983 1660 1224 1727 Fratres,
1255 1661 1515 1718 remissas
1540 1677 1656 1717 ma-

1756 434 2014 506 gaudium
2042 434 2248 490 domini
2276 437 2373 491 tui.

1829 530 1989 587 Feria
2035 546 2094 587 ιι.
2149 530 2337 588 Lectio
2386 532 2644 603 Epistula
2688 533 2751 589 Β.
2803 534 2954 591 Pauli
2998 540 3224 609 apostoli
3268 541 3337 599 ad

1758 624 2052 696 Ephesios.
2099 624 2359 694 Fratres,
2409 629 2586 683 omnis
2624 643 2807 685 sermo
2842 631 3047 699 malus,
3088 651 3244 705 usque
3284 640 3338 694 in

1758 719 1984 777 odorem
2032 722 2337 777 suavitatis.
2369 721 2718 794 Evangelium
2769 726 3068 783 secundum
3116 729 3335 802 Lucam,

1757 826 1878 883 cap.
1903 828 2063 881 ccxa,
2097 813 2337 871 Docente
2366 813 2492 871 Iesu
2519 816 2577 872 in
2614 816 2838 888 templo,
2881 835 3041 891 usque
3074 829 3341 893 potestate

1757 906 1873 963 bac
1894 907 2051 965 facio.

1828 1000 2014 1055 Idibus
2031 998 2174 1056 Nov.
2203 1000 2397 1058 Natale
2423 1000 2483 1060 S.
2515 1000 2701 1059 Bricii.
2731 1002 2922 1062 Lectio
2955 1006 3079 1065 libri
3114 1008 3338 1083 Sapien-

1759 1091 1868 1149 tia.
1898 1093 2215 1149 Benedictio
2248 1094 2465 1149 Domini
2490 1108 2663 1166 super
2690 1107 2855 1168 caput
2878 1099 3043 1170 justi,
3074 1119 3237 1175 usque
3263 1120 3347 1161 co-

1757 1198 1890 1239 rens
1938 1184 2149 1253 gloria.
2183 1183 2538 1254 Evangelium
2593 1187 2896 1245 secundum
2947 1191 3171 1264 Lucam,
3222 1209 3345 1266 cap.

1758 1293 1989 1335 ccxxvm
2008 1322 2021 1347 ,
2056 1277 2203 1333 Dixit
2226 1278 2387 1335 Jesus
2412 1279 2693 1350 discipulis
2718 1284 2830 1338 suis
2853 1286 3163 1355 parabolam
3186 1289 3346 1362 hanc,

1755 1371 1934 1427 llumo
1959 1371 2179 1442 quidem
2210 1372 2410 1429 nobilis
2437 1374 2609 1441 abiit,
2635 1391 2800 1447 usque
2826 1380 3148 1438 abundabit.

1827 1461 1991 1519 Feria
2036 1475 2115 1519 ιιι.
2162 1461 2349 1518 Lectio
2378 1462 2639 1534 Epistula
2683 1465 2746 1521 Β.
2802 1467 2954 1525 Pauli
3000 1474 3234 1541 apostoli
3283 1475 3351 1531 ad

1759 1553 2054 1628 Ephesios.
2086 1554 2333 1626 Fratres,
2364 1556 2534 1613 nolite
2554 1560 2965 1618 communicare
2991 1564 3245 1632 operibus
3271 1565 3355 1620 in-

1758 1649 2083 1718 fructuosis,
2115 1666 2278 1719 usque
2303 1666 2424 1721 qua
2460 1650 2528 1705 sit
2553 1650 2806 1707 voluntas
2836 1651 3074 1710 Domini.
3107 1657 3353 1730 Evange-

235 1759 264 1806 ει
302 1752 468 1807 soluta
495 1766 691 1823 genua,
722 1767 881 1824 usque
922 1755 1121 1809 melius
1157 1755 1466 1826 loquentem
1490 1766 1653 1826 quam
1682 1740 1733 1804 Ι
1758 1743 1891 1799 lium
1937 1742 2235 1800 secundum
2277 1742 2477 1798 Lucam
2507 1758 2627 1813 cap.
2659 1758 2847 1815 Lxxiv,
2886 1744 3132 1818 Rogabat
3165 1749 3352 1809 Jesutn

267 1845 465 1917 Evang.
507 1847 805 1903 secundum
835 1847 1099 1916 Marcum,
1121 1856 1249 1919 cap.
1278 1862 1404 1905 cxxi
1429 1889 1445 1915 ,
1486 1848 1657 1905 Inter-

235 1938 287 1993 rit
314 1938 493 1995 Jesum
515 1952 659 1998 unus
680 1940 753 1998 de
776 1936 971 1999 scribis
988 1982 1005 2009 ,
1044 1956 1206 2015 usque
1233 1956 1342 2000 non
1378 1951 1463 2000 est
1493 1942 1656 2013 longe

235 2047 299 2089 no
328 2032 442 2091 Dei.

458 2202 463 2207 Α
586 2125 786 2185 Desunt
817 2126 902 2184 Mc
928 2129 1117 2185 Multa.

235 2219 487 2293 ingelium
519 2223 815 2279 secundum
842 2222 1104 2290 Marcum,
1146 2234 1270 2294 cap.
1301 2228 1478 2295 exvit,
1530 2238 1655 2283 cum

235 2324 317 2370 ius
354 2323 501 2371 esset
546 2314 709 2373 Iesus
756 2315 813 2372 in
838 2316 958 2386 via,
1008 2326 1172 2388 usque
1198 2315 1377 2387 Veni,
1420 2331 1655 2390 sequere

235 2498 293 2554 'ia
312 2512 387 2555 vr.
410 2496 597 2556 Lectio
611 2497 873 2570 Epistula
890 2500 952 2555 Β.
974 2500 1127 2556 Pauli
1143 2500 1375 2573 apostoli
1391 2501 1458 2558 ad
1477 2500 1654 2573 EpheA

239 2591 493 2660 Fratres,
544 2592 838 2664 unicuique
890 2601 1070 2649 autem
1120 2604 1363 2650 nostrum
1400 2593 1525 2649 data
1570 2603 1653 2650 est

250 2724 266 2755 ,
300 2700 455 2753 usque
490 2685 631 2742 sicut
659 2692 745 2741 est
772 2676 975 2742 veritas
1010 2684 1064 2741 in
1103 2684 1325 2743 Christo
1362 2686 1494 2744 Jesu
1546 2687 1653 2743 Do-

268 2787 473 2837 nostro.
530 2777 885 2850 Evangelium
924 2779 1225 2836 secundum
1277 2779 1473 2849 Harc.,
1526 2793 1649 2851 cap.

235 2886 259 2928 l.
285 2872 543 2928 Exierunt
568 2871 821 2943 pharisal
853 2880 910 2931 et
934 2881 1241 2946 caperunt,
1267 2889 1428 2946 usque
1446 2873 1653 2930 dimisit

242 2967 296 3021 in
328 2966 551 3022 domum
581 2981 754 3023 suam.

1763 1839 1982 1910 quidam
2012 1838 2345 1909 pharisaus,
2374 1853 2532 1908 usque
2556 1838 2748 1895 dilexit
2770 1842 3022 1898 multum.

1832 1930 1966 1987 Item
2004 1930 2139 1988 feria
2181 1946 2253 1987 iv.
2293 1929 2480 1986 Lectio
2506 1930 2684 1986 Esaia
2722 1933 3026 2004 propheta.
3069 1936 3127 1992 In
3156 1937 3355 1999 diebus

1761 2027 1871 2083 illis
1896 2025 2034 2082 dixit
2063 2026 2252 2103 Esaias
2271 2024 2559 2097 propheta,
2579 2024 2698 2081 Erit
2717 2026 2772 2081 in
2804 2027 3120 2086 novissimis
3138 2031 3352 2101 diebus,

1760 2136 1923 2195 usque
1945 2123 1999 2178 in
2024 2121 2231 2179 lumine
2259 2121 2477 2177 Domini
2506 2120 2606 2178 Dei
2629 2123 2822 2177 nostri.

1832 2214 1967 2271 Item
1996 2214 2089 2270 ubi
2114 2229 2297 2283 supra.
2324 2213 2514 2270 Lectio
2542 2214 2715 2269 Esaia
2740 2214 3042 2287 propheta.
3071 2216 3131 2274 In
3160 2217 3354 2277 diebus

1761 2307 1871 2363 illis
1900 2308 2116 2363 locutus
2136 2316 2222 2363 est
2240 2306 2501 2362 Dominus
2529 2306 2598 2361 ad
2620 2306 2805 2367 Acha:
2828 2306 3032 2373 dicens,
3063 2326 3225 2381 usque
3250 2310 3355 2367 eli-

1759 2416 1893 2473 gere
1916 2401 2141 2457 bonum.
2166 2400 2519 2471 Evangelium
2542 2401 2844 2456 secundum
2867 2400 3093 2470 Lucam,
3119 2418 3239 2475 cap.
3271 2421 3354 2473 ιιι,

1759 2490 1961 2550 Missus
2006 2503 2089 2550 est
2133 2492 2359 2550 Gabriel
2406 2492 2634 2565 angelus
2662 2510 2693 2549 a
2724 2494 2858 2565 Deo,
2889 2510 3050 2567 usque
3090 2495 3187 2553 ﬁat
3222 2498 3355 2555 mihi

1761 2588 2065 2646 secundum
2091 2588 2320 2645 verbum
2345 2597 2519 2643 tuum.

1830 2685 1988 2742 Feria
2020 2702 2093 2741 vr.
2122 2684 2313 2742 Lectio
2359 2683 2539 2741 Esaia
2565 2682 2868 2757 propheta.
2910 2684 3038 2743 Hae
3070 2686 3206 2743 dicit
3243 2687 3355 2744 Do-

1759 2780 1944 2837 minus
1992 2779 2173 2847 Deus,
2229 2778 2553 2851 Egredietur
2606 2780 2787 2850 virga,
2838 2795 3002 2851 usque
3052 2780 3188 2837 tides
3241 2780 3355 2837 ein-

1755 2874 1991 2929 cturium
2049 2885 2239 2929 renum
2292 2871 2431 2941 ejus.
2487 2870 2844 2943 Evangelium
2897 2872 3198 2929 secundum
3246 2873 3355 2929 Lu-

1755 2982 1901 3039 cam,
1933 2982 2053 3039 cap.
2085 2982 2179 3035 ιιι,
2210 2979 2512 3037 exsurgens
2553 2965 2743 3034 Maria,
2776 2981 2940 3037 usque
2967 2965 3025 3023 in
3068 2966 3181 3025 Deo
3210 2967 3357 3024 salu-

235 3059 332 3115 dus
358 3058 498 3115 Nov.
526 3058 719 3115 Natale
748 3068 1063 3117 sanctorum
1091 3071 1327 3133 quatuor
1361 3068 1653 3119 coronatu-
1690 3130 1723 3133 _
1764 3060 1873 3116 tari
1898 3075 2044 3117 meo.
2314 3094 2319 3097 ι

243 3164 301 3209 et
330 3154 390 3211 s.
423 3153 679 3225 Ragnulﬁ
719 3156 994 3226 martyris.
1030 3130 1218 3211 Lectio
1258 3156 1383 3212 libri
1424 3156 1651 3227 Sapien-
1678 3130 1731 3198 0
1831 3155 2077 3213 Sabbato
2105 3155 2161 3211 in
2190 3168 2267 3210 xu
2297 3154 2646 3211 lectionibus.
2676 3151 2867 3209 Lectio
2905 3151 3080 3208 Esaia
3118 3152 3354 3224 prophe-

236 3246 549 3316 xspectatiu
574 3244 848 3316 iustorum
878 3246 1102 3315 latitia,
1134 3263 1295 3319 usque
1320 3248 1649 3305 exaltabitur

236 3360 261 3395 ι.
296 3338 510 3411 Evang.
550 3340 847 3396 secundum
888 3341 1020 3399 Luc.
1051 3342 1225 3414 (eap.)
1252 3359 1374 3413 xcv,
1414 3345 1649 3404 Descen-

238 3447 370 3489 esus
389 3432 461 3489 de
482 3440 690 3500 monte,
717 3450 880 3505 usque
903 3439 1125 3507 copiosa
1141 3446 1228 3494 est
1248 3437 1302 3493 in
1323 3436 1497 3495 calis.

240 3524 480 3581 demada
524 3541 582 3582 ιι.
617 3525 813 3584 Lectio
837 3525 1097 3599 Epistula
1122 3532 1185 3587 Β.
1229 3530 1383 3587 Pauli
1413 3532 1648 3604 apostoli

236 3619 479 3677 intbios.
512 3620 732 3677 Fratres
751 3656 769 3689 ,
795 3622 875 3678 sic
910 3637 1013 3679 nos
1047 3623 1324 3681 existimet
1349 3624 1534 3695 homo,
1558 3643 1647 3682 ua.

235 3727 301 3767 nc
324 3712 445 3768 laus
474 3720 557 3768 est
585 3713 872 3785 unicuique
893 3730 923 3769 a
950 3715 1083 3772 Deo.
1106 3716 1317 3788 Evang.
1340 3718 1646 3777 secundum

236 3824 331 3873 ειη,
357 3818 483 3878 sap.
528 3821 611 3875 ιιι,
653 3806 919 3865 Miserum
960 3809 1133 3868 Judaei
1166 3812 1233 3869 ab
1263 3811 1602 3871 Hierusalem
1624 3855 1642 3884 ,

236 3900 323 3955 ubi
356 3908 479 3954 erat
503 3899 746 3956 Joannes
775 3901 1077 3971 haptizans.

236 4010 293 4049 ,ιε
325 3993 469 4049 Nov.
522 3993 711 4049 Passio
747 3994 805 4053 S.
840 3992 1115 4053 Theodori
1154 4001 1429 4073 martyris.
1455 4000 1644 4057 Lectio

235 4089 508 4157 ipientia.
538 4088 736 4145 Beatus
761 4088 926 4144 homo
952 4091 1043 4161 qui
1065 4090 1274 4149 invenit
1292 4095 1636 4165 sapientiam,

236 4184 420 4241 nubes
469 4198 600 4240 rure
642 4195 1021 4242 concrescunt.
1079 4186 1287 4259 Evang.
1341 4192 1641 4247 secundum

235 4320 249 4347 ,
279 4294 407 4349 cap.
444 4293 669 4346 cxxxtv,
698 4278 814 4336 Hoc
854 4291 935 4337 est
956 4292 1288 4354 praceptum
1332 4300 1513 4343 meum
1534 4328 1552 4357 ,
1580 4293 1642 4344 ut

235 4390 262 4428 s
292 4372 540 4430 invicem
562 4419 577 4443 ,
599 4388 762 4445 usque
789 4374 1023 4431 oderunt
1048 4393 1135 4433 me
1160 4380 1347 4449 gratis.

236 4480 305 4521 us
328 4464 474 4523 Nov.
510 4465 697 4523 Roma
726 4467 999 4539 depositio
1026 4468 1083 4527 S.
1115 4471 1314 4530 Leonis
1352 4475 1635 4548 episcopi,

240 4574 433 4616 enna.
464 4560 656 4619 Lectio
676 4560 804 4617 libri
842 4561 1152 4635 Sapientiae.
1186 4565 1391 4639 Lingua
1416 4570 1634 4640 sapien-

236 4670 417 4724 usque
456 4654 718 4725 diligetur
746 4669 777 4710 a
814 4654 1067 4712 Domino.
1096 4657 1302 4730 Evang.
1334 4664 1636 4723 secundum

276 4761 409 4817 cap.
442 4761 646 4815 cccxx,
669 4746 835 4805 Facta
863 4756 947 4805 est
963 4751 1241 4809 contentio
1260 4768 1289 4809 a
1310 4754 1591 4827 discipulis
1614 4800 1635 4830 ,

235 4840 395 4895 ribus
425 4838 660 4897 Israhel.

236 4938 316 4989 ius
378 4933 657 4991 Novemb.
701 4935 971 5006 Turonis,
1010 4936 1282 5012 depositio
1319 4942 1381 5001 8.
1420 4943 1635 5004 Martini

242 5029 258 5084 i
307 5038 369 5085 et
428 5029 785 5088 confessoris.
816 5032 875 5089 In
923 5032 1123 5106 vigilia.
1161 5036 1347 5094 Lectio
1385 5038 1510 5096 libri
1536 5040 1637 5098 Sa-

243 5166 256 5177 .
287 5122 523 5179 Justum
555 5123 781 5182 deduxit
820 5127 1111 5200 Dominus,
1146 5146 1305 5201 usque
1330 5132 1636 5191 claritatem

235 5233 284 5271 m
332 5217 617 5275 Dominus
648 5218 790 5275 Deus
818 5228 1026 5278 noster.
1055 5224 1410 5294 Evangelium
1442 5241 1659 5283 secun-

237 5325 443 5379 ueam,
478 5325 602 5381 cap.
634 5327 776 5378 cuv,
800 5312 946 5370 Dixit
976 5314 1132 5371 Jesus
1169 5315 1453 5388 discipulis
1483 5319 1594 5375 suis
1618 5356 1657 5389 ,ι

244 5404 370 5461 mhi
416 5405 598 5463 vestri
643 5405 955 5479 praecincti,
987 5425 1150 5481 usque
1187 5409 1356 5469 Filius
1400 5412 1643 5472 hominis

250 5593 307 5649 iu
334 5593 465 5650 die.
494 5592 689 5652 Lectio
720 5595 849 5653 libri
873 5598 1185 5670 Sapientia.
1211 5601 1356 5661 Ecce
1381 5604 1667 5663 sacerdos

235 5702 286 5755 ι,
359 5704 542 5759 usque
587 5690 891 5748 suavitatis.
933 5693 1283 5767 Evangelium
1336 5700 1647 5758 secundum

236 5796 363 5853 um,
396 5797 533 5858 cap.
564 5796 791 5856 cccxxx,
837 5786 983 5848 Dixit
1026 5788 1189 5849 Iesus
1210 5789 1500 5865 discipulis
1528 5795 1655 5856 suis”

1757 3259 1846 3308 ta.
1895 3252 1953 3307 ln
1992 3250 2185 3307 diebus
2222 3247 2334 3307 illis
2367 3248 2680 3306 clamabunt
2732 3247 2802 3304 ad
2856 3244 3142 3301 Dominum
3200 3260 3233 3300 a
3276 3245 3355 3302 fa-

1756 3344 1843 3401 cie
1882 3344 2195 3401 tribulantis
2219 3379 2235 3411 ,
2286 3338 2720 3414 usque;sanahit
2769 3352 2864 3395 eos
2910 3337 3171 3394 Dominus
3209 3336 3353 3395 Deus

1756 3448 1964 3591 ῃοῖἷὲιξξ
1989 3531 2084 3592 ubi
2115 3544 2299 3603 supra.
2327 3530 2516 3588 Lectio
2544 3526 2721 3585 Esaia
2742 3524 3046 3598 propheta.
3070 3524 3200 3582 Hac
3218 3520 3353 3582 dicit

1756 3628 2022 3684 Dominus
2078 3626 2255 3692 Deus,
2315 3622 2610 3680 Laetabitur
2660 3620 2910 3689 deserta,
2963 3634 3127 3690 usque
3174 3620 3352 3676 lentes

1750 3734 2021 3793 aquarum
2046 3718 2310 3775 Dominus
2340 3718 2482 3772 Deus
2508 3724 2711 3772 noster.

1829 3812 1963 3870 Item
1988 3812 2080 3869 ubi
2111 3824 2295 3882 supra.
2326 3808 2514 3866 Lectio
2535 3807 2709 3863 Esaia
2730 3804 3035 3878 propheta.
3065 3805 3196 3863 Hac
3216 3806 3354 3862 dicit

1754 3903 2025 3965 Dominus
2077 3906 2259 3973 Deus,
2302 3903 2480 3973 Super
2508 3911 2749 3957 montem
2792 3900 3071 3956 excelsum
3118 3899 3352 3957 ascende

1757 4016 1856 4072 tu,
1908 4019 2068 4075 usque
2110 4003 2167 4058 in
2205 4001 2328 4058 sinu
2372 4013 2476 4055 suo
2515 3996 2718 4057 levabit
2761 4010 2855 4054 eos
2885 3994 3160 4066 Dominus
3204 3993 3351 4051 Deus

1757 4105 1969 4155 noster.

1831 4191 1965 4247 ltem
1994 4190 2160 4247 lectio
2203 4187 2378 4246 Esaia
2418 4186 2721 4260 propheta.
2766 4185 2894 4242 Hac
2922 4184 3054 4242 dicit
3086 4180 3347 4240 Dominus

1756 4282 1906 4345 Deus
1935 4287 2141 4344 christo
2168 4299 2293 4343 meo
2334 4283 2507 4358 Cyro,
2536 4299 2699 4355 usque
2721 4296 2822 4355 ego
2868 4279 3130 4337 Dominus
3168 4277 3350 4333 creavi

1757 4396 1970 4534 euitem
1990 4476 2155 4533 lectio
2177 4473 2407 4530 Danihel
2432 4470 2732 4544 prophetae.
2760 4468 2819 4524 In
2840 4465 3035 4524 diebus
3058 4464 3166 4521 illis
3190 4477 3353 4535 ange-

1754 4569 1848 4632 lus
1868 4572 2187 4640 descendit,
2216 4587 2375 4641 usque
2403 4567 2838 4640 superexaltatus
2862 4564 2918 4618 in
2946 4560 3173 4617 saecula.

1832 4674 1965 4731 Item
1993 4673 2062 4729 ad
2091 4672 2332 4727 Missam.
2367 4666 2553 4723 Lectio
2578 4662 2837 4735 Epistula
2864 4658 3009 4716 beati
3041 4656 3193 4713 Pauli
3227 4670 3361 4727 apu-

1759 4768 1889 4827 stoli
1922 4766 1990 4822 ad
2034 4763 2411 4820 Culussenses.
2453 4756 2709 4821 Fratres,‘
2725 4764 2980 4823 rogamus
3007 4763 3108 4806 vos
3136 4763 3235 4821 per
3261 4747 3363 4803 ad-

1760 4872 1985 4919 sentum
2008 4855 2226 4913 Domini
2244 4851 2421 4909 nostri
2450 4849 2580 4905 Jesu
2600 4844 2821 4911 Christi,
2851 4857 3013 4913 usque
3035 4849 3095 4897 et
3115 4840 3364 4897 destruet

1760 4950 2185 5014 iiiustratiunem
2214 4945 2482 5001 adventus
2501 4939 2587 4996 sui
2607 4938 2725 4994 Deo
2742 4950 2863 4992 suo.
2892 4933 3253 5006 Evangelium
3275 4947 3365 4989 se-

1762 5046 2003 5107 cundum
2033 5042 2258 5106 Lucam,
2286 5052 2407 5106 cap.
2440 5049 2532 5103 ιιι,
2563 5031 2725 5089 Anno
2754 5044 2844 5097 xv,
2877 5044 3039 5101 usque
3078 5035 3136 5085 et
3161 5026 3368 5085 videbit

1764 5140 1949 5198 omnis
1976 5150 2105 5192 caro
2137 5133 2379 5189 salutare
2410 5124 2530 5184 Dei.

1845 5225 2243 5296 HebdomadaII
2274 5229 2401 5277 ante
2430 5216 2614 5276 natale
2633 5216 2873 5275 Domini.
2896 5215 3087 5274 Lectio
3108 5213 3371 5285 Epistula

1770 5320 1923 5387 beati
1963 5322 2115 5382 Pauli
2142 5317 2379 5391 apostoli
2407 5316 2479 5372 ad
2520 5314 2923 5386 Philippenses.
2958 5312 3213 5377 Fratres,
3240 5323 3376 5381 gau-

1768 5424 1906 5481 ‘dete
1934 5422 1990 5476 in
2026 5414 2263 5473 Domino
2284 5425 2528 5482 semper,
2563 5425 2726 5481 usque
2755 5406 3144 5478 intelligentias
3170 5409 3381 5458 vestras

1780 5519 1841 5573 in
1859 5512 2083 5570 Christo
2122 5509 2253 5564 Jesn
2283 5505 2513 5561 Domino
2540 5511 2752 5559 nostro.
2801 5498 3157 5567 Evangelium
3186 5508 3380 5550 secun-

1778 5610 1912 5666 dum
1942 5606 2206 5663 Joannem
2247 5613 2369 5671 cap.
2414 5612 2505 5666 rx,
2542 5597 2812 5654 Miserunt
2848 5593 2919 5650 ab
2947 5587 3336 5662 Hierosolymis
3364 5628 3379 5656 ,

1786 5715 1948 5773 usque
1976 5696 2067 5753 ubi
2091 5702 2212 5753 erat
2233 5691 2475 5749 Joannes
2504 5689 2819 5762 baptizans.

1867 5767 2001 5854 item
2028 5789 2121 5853 ubi
2146 5800 2332 5861 supra.
2369 5782 2561 5847 Lectio
2586 5784 2849 5860 Epistula
2878 5782 2944 5847 Β.
2972 5775 3127 5843 Pauli
3160 5767 3396 5850 apostoli
