4050 6198
550 204 657 261 L27

1584 196 1640 254 S.
1683 194 2064 253 llIERONYMl
2101 187 2391 251 OPERUM
2427 183 2796 244 MANTISSA.

3730 180 3837 241 528

548 322 620 376 ad
649 320 937 381 Hebraos.
968 320 1217 383 Fratres,
1251 312 1417 368 nolite
1441 307 1693 365 amittere
1721 308 2137 371 conﬁdentiam,
2166 304 2224 367 Α
2315 304 2372 359 ln
2411 301 2520 357 die.
2566 300 2753 356 Lectio
2792 295 3051 369 Epistula
3096 293 3243 355 beati
3282 295 3437 354 Pauli
3484 296 3723 369 apostoli
3768 298 3837 356 ad

555 430 721 486 usque
752 417 807 471 in
834 410 1236 485 acquisitionem
1261 405 1477 459 anima.

633 506 770 561 ltem
803 505 963 561 lectio
988 500 1077 555 ubi
1108 511 1291 566 supra.
1317 494 1503 550 Lectio
1526 494 1811 548 Hieremiae
1840 494 2141 565 propheta.

558 599 704 656 Ecce
726 599 843 653 dies
887 594 1130 656 veniunt,
1159 590 1289 645 dicit
1333 589 1621 652 Dominus,
1653 604 1816 657 usque
1844 587 1900 641 in
1944 597 2144 643 terram

558 707 712 749 suam
732 732 749 757 ,
780 690 910 744 dicit
939 686 1201 742 Dominus
1226 683 1588 753 omnipotens.

627 783 687 837 In
729 780 922 852 vigilia
971 776 1213 851 (natalis)
1270 775 1506 829 Domini.
1554 774 1636 829 Ad
1687 789 1907 830 nonam.
1959 775 2147 832 Lectio

556 874 737 931 Esaia
764 871 1065 943 propheta.
1100 869 1230 924 Hac
1254 867 1388 923 dicit
1424 866 1712 936 Dominus,
1751 868 1982 941 Propter
2012 869 2144 925 Sion

552 984 665 1026 non
692 967 905 1031 tacebo,
951 979 1113 1035 usque
1151 962 1282 1033 quia
1325 960 1655 1031 complacuit
1698 961 1927 1017 Domino
1968 962 2022 1018 in
2068 973 2141 1019 te.

552 1058 914 1132 Evangelium
958 1056 1260 1115 secundum
1312 1055 1649 1124 Matthaum,
1705 1070 1825 1126 cap.
1881 1072 1973 1124 ιιι,
2008 1056 2144 1113 Cum

548 1164 697 1212 esset
757 1154 1084 1226 desponsata
1143 1160 1317 1208 mater
1381 1148 1509 1207 Jesu
1541 1194 1556 1219 ,
1613 1166 1771 1223 usque
1826 1166 1859 1205 a
1907 1150 2146 1221 peccatis

550 1264 740 1307 eorum
748 1289 762 1304 ο

622 1360 714 1399 xvt
752 1342 865 1399 kal.
912 1341 1167 1400 Decemb.
1216 1340 1420 1407 Gallia,
1466 1340 1735 1411 depositio
1783 1341 1843 1397 S.
1892 1341 2145 1398 Eucherii

552 1436 815 1509 episcopi.
861 1436 1048 1493 Lectio
1096 1434 1222 1490 libri
1264 1433 1575 1505 Sapientia.
1621 1434 1823 1490 Beatus
1863 1433 2027 1491 homo
2053 1434 2145 1506 qui

548 1532 760 1587 invenit
806 1529 1133 1601 sapientiam
1156 1569 1172 1596 ,
1204 1544 1364 1599 usque
1390 1527 1561 1582 nubes
1597 1542 1723 1583 rore
1764 1538 2142 1583 concrescunt.

549 1623 906 1696 Evangelium
936 1620 1236 1679 secundum
1256 1619 1586 1687 Matthaum,
1612 1634 1732 1691 cap.
1761 1635 1977 1689 ccum,
1998 1618 2147 1690 Vigi-

550 1717 692 1786 late,
728 1733 889 1789 usque
916 1715 1211 1773 constituet
1238 1728 1384 1769 eum.

620 1825 694 1864 xv
719 1807 830 1864 kal.
860 1807 1143 1863 Decembr.
1177 1805 1460 1875 Depositio
1481 1804 1541 1860 8.
1567 1804 1793 1871 Aniani,
1825 1803 2065 1876 episcopi
2092 1813 2148 1863 et

550 1901 917 1969 confessoris,
954 1897 1285 1957 Aurelianis.
1319 1898 1507 1953 Lectio
1530 1898 1657 1953 libri
1701 1899 2020 1969 Sapientia.
2050 1900 2146 1955 Ju-

545 2004 691 2050 stum
740 1992 965 2049 deduxit
1009 1991 1298 2058 Dominus,
1329 2006 1489 2060 usque
1540 1990 1840 2047 claritatem
1879 2000 2144 2048 aternam

548 2085 814 2142 Dominus
858 2084 1003 2141 Deus
1046 2092 1257 2139 noster.
1290 2082 1642 2153 Evangelium
1671 2085 1973 2141 secundum
2019 2085 2146 2141 Mat-

546 2182 772 2249 thaeum,
819 2196 941 2252 cap.
974 2194 1201 2247 ccxutt,
1245 2178 1487 2235 Sedente
1529 2179 1659 2235 Jesu
1690 2194 1857 2252 supra
1902 2190 2143 2237 montem

546 2271 774 2341 Oliveti,
809 2288 971 2343 usque
1000 2272 1184 2327 salvus
1213 2270 1339 2326 erit.

619 2385 653 2423 x
678 2368 790 2423 kal.
817 2368 947 2423 Dec.
980 2365 1174 2422 Natale
1202 2364 1261 2422 S.
1292 2364 1526 2421 Caecilia
1548 2366 1797 2437 virginis,
1826 2366 2140 2437 Valeriani,

542 2462 787 2521 Tiburcii
809 2504 826 2531 ,
855 2471 908 2517 et
934 2460 1155 2517 Maximi
1186 2468 1506 2531 martyrum.
1534 2460 1723 2516 Lectio
1755 2460 1881 2516 libri
1915 2461 2143 2532 Sapien-

544 2558 657 2613 tia.
694 2555 925 2613 Domine
974 2556 1117 2611 Deus
1161 2567 1341 2620 meus,
1390 2554 1641 2608 exaltasti
1692 2568 1856 2625 super
1905 2564 2140 2626 terram,

544 2667 709 2722 usque
739 2664 939 2706 nomen
968 2657 1119 2704 tuum
1139 2689 1155 2715 ,
1186 2646 1415 2702 Domine
1454 2646 1599 2703 Deus
1644 2658 1849 2703 noster.
1894 2648 2141 2719 Evange-

543 2742 680 2798 lium
734 2741 1035 2799 secundum
1078 2739 1295 2803 Matth.,
1346 2753 1467 2807 cap.
1497 2754 1758 2807 ccuvnt,
1788 2741 1934 2796 Dixit
1984 2742 2143 2798 Jesus

548 2836 835 2907 discipulis
881 2835 993 2890 suis
1033 2831 1348 2904 parabolam
1381 2832 1548 2899 hanc,
1579 2834 1765 2889 Simile
1792 2843 1877 2889 est
1914 2850 2144 2907 regnum

542 2930 811 2987 calorum
830 2928 1022 2984 decem
1050 2926 1381 2997 virginibus,
1414 2943 1575 2997 usque
1607 2944 1781 2999 neque
1809 2928 1965 2985 hora.

620 3041 674 3080 ιι
705 3023 817 3079 kal.
845 3022 1105 3080 Decemb.
1138 3019 1331 3076 Natale
1374 3019 1433 3075 8.
1458 3019 1789 3090 Clementis,
1833 3035 1886 3080 et
1915 3025 1973 3082 S.
2000 3025 2145 3082 Feli.

2249 399 2545 453 Romanos.
2571 394 2748 449 Corde
2777 392 2919 448 enim
2949 391 3192 448 creditur
3223 391 3291 447 ad
3334 392 3597 463 justitiam
3620 434 3637 460 ,
3682 408 3837 463 usque

2249 490 2411 545 verba
2434 503 2643 543 eorum.
2672 487 3022 557 Evangelium
3040 487 3334 543 secundum
3365 486 3719 555 Matth.,cap.
3746 502 3833 554 xx,

2249 581 2548 637 Ambulans
2577 581 2738 637 Jesus
2779 581 2933 651 juxta
2962 596 3113 637 mare
3156 578 3427 649 Galilaa,
3463 592 3627 651 usque
3668 579 3836 636 secuti

2248 688 2374 733 Slﬂll
2402 692 2546 731 eum.

2321 768 2387 825 Et
2410 768 2600 825 eodem
2626 767 2716 823 die
2743 767 2803 824 8.
2829 766 3125 823 Ambrosii.

2319 863 2438 919 Kal.
2472 863 2723 920 Decemb.
2750 862 3027 934 Depositio
3068 861 3128 918 8.
3157 859 3332 933 Elegi.
3369 859 3560 917 Lectio
3590 860 3718 918 libri
3746 861 3840 919 Sac

2248 956 2486 1029 pientia.
2522 956 2718 1013 Beatus
2745 954 2909 1011 homo
2952 954 3045 1026 qui
3074 954 3280 1009 invenit
3306 954 3661 1024 sapientiam,
3686 970 3839 1025 usque

2248 1050 2421 1107 nubes
2451 1064 2579 1105 rore
2604 1057 2881 1105 crescunt.
2909 1047 3271 1120 Evangelium
3294 1046 3595 1104 secundum
3617 1047 3836 1115 Lucam,

2249 1158 2371 1215 cap.
2419 1159 2563 1209 cuv,
2613 1143 2758 1198 Dixit
2797 1142 2956 1209 Jesus
3002 1141 3286 1212 discipulis
3316 1142 3465 1212 suis,
3505 1142 3633 1199 Sint
3674 1143 3837 1201 lumbi

2248 1240 2418 1296 vestri
2445 1238 2722 1309 pracincti
2745 1278 2760 1304 ,
2794 1254 2954 1310 usque
2988 1235 3161 1293 Filius
3185 1236 3421 1293 hominis
3445 1236 3616 1293 venit.

2321 1349 2375 1388 tv
2410 1333 2532 1388 idus
2581 1332 2837 1389 Decemb.
2867 1331 3054 1388 Roma
3098 1331 3370 1403 depositio
3404 1334 3575 1389 sancti
3624 1330 3837 1389 Damasi

2250 1442 2426 1499 papae.
2452 1426 2640 1482 Lectio
2663 1425 2787 1481 libri
2815 1424 3129 1495 Sapientia.
3154 1423 3353 1479 Beatus
3376 1424 3461 1480 vir
3477 1423 3567 1495 qui
3586 1423 3839 1480 inventus

2250 1531 2334 1578 est
2372 1522 2491 1577 sine
2532 1520 2775 1587 macula,
2821 1536 2977 1590 usque
3016 1520 3194 1575 omnis
3231 1518 3464 1575 ecclesia
3504 1529 3833 1575 sanctorum.

2250 1613 2605 1687 Evangelium
2632 1612 2932 1670 secundum
2947 1611 3368 1684 Joannem,cap.
3398 1626 3669 1677 cxxxvttt,
3688 1609 3839 1666 Dixit

2174 1704 2227 1770 B
2249 1710 2408 1768 Jesus
2433 1710 2715 1781 discipulis
2740 1709 2885 1775 suis,
2915 1708 3045 1763 Hac
3068 1707 3269 1764 mando
3299 1706 3454 1763 vobis
3470 1747 3487 1774 ,
3518 1714 3577 1762 ut
3600 1704 3837 1777 diligatis

2250 1807 2479 1863 invicem
2499 1847 2515 1873 ,
2544 1821 2704 1876 usque
2722 1804 2815 1876 qui
2841 1802 3077 1860 oderunt
3101 1817 3191 1858 me
3216 1801 3405 1874 gratis.

2319 1918 2378 1958 tu
2416 1901 2539 1957 idus
2568 1898 2824 1956 Decemb.
2864 1897 3071 1953 Natalis
3103 1905 3306 1952 sancta
3344 1893 3572 1950 Eulalia
3611 1892 3833 1965 virginis

2248 2006 2305 2054 et
2330 2004 2637 2053 sanctorum
2670 2004 2971 2065 martyrum
3006 1990 3260 2056 Victoris,
3313 1987 3589 2054 Fusciani,
3619 1997 3676 2043 et
3704 1986 3835 2044 Gen-

2249 2090 2401 2146 tiani.
2424 2088 2609 2145 Lectio
2638 2086 2895 2159 Epistola
2912 2085 3058 2141 beati
3094 2084 3245 2140 Pauli
3282 2082 3522 2154 apostoli
3552 2081 3620 2138 ad
3650 2080 3833 2138 Corin-

2247 2184 2411 2240 thios.
2456 2181 2699 2251 Fratres,
2747 2176 2840 2249 qui
2866 2177 3155 2250 gloriatur,
3204 2175 3260 2231 in
3292 2174 3523 2232 Domino
3549 2175 3828 2247 glorietur,

2246 2294 2407 2349 usque
2482 2274 2739 2332 exhibere
2803 2271 3040 2329 Christo.
3115 2270 3475 2343 Evangelium
3539 2270 3831 2327 secundum

2248 2369 2466 2437 Matth.,
2488 2382 2609 2439 cap.
2652 2381 2903 2423 CCLXVIII.
2936 2364 3079 2420 Dixit
3100 2362 3260 2420 Jesus
3290 2362 3571 2433 discipulis
3593 2364 3707 2420 suis
3735 2378 3833 2435 pa-

2246 2462 2490 2519 rabolam
2536 2460 2697 2528 hanc,
2729 2458 2919 2513 Simile
2956 2464 3043 2513 est
3084 2471 3313 2529 regnum
3354 2456 3614 2513 calorum
3643 2455 3829 2513 decem

2249 2553 2581 2625 virginibus,
2611 2568 2773 2623 usque
2802 2566 2981 2622 neque
3006 2551 3221 2606 horam.

2316 2649 2449 2705 Item
2498 2648 2657 2703 lectio
2686 2646 2946 2716 Epistola
2985 2644 3131 2701 beati
3164 2644 3315 2701 Pauli
3358 2644 3594 2717 apostoli
3630 2643 3698 2700 ad
3725 2642 3834 2699 Bo-

2246 2757 2457 2799 manos.
2497 2739 2742 2804 Fratres,
2788 2738 3015 2804 scimus,
3058 2737 3411 2809 diligentibus
3449 2739 3617 2795 Deum
3659 2737 3834 2795 omnia

2247 2843 2610 2905 cooperantur
2638 2834 2690 2887 in
2724 2831 2951 2899 bonum,
2990 2847 3151 2903 usque
3182 2831 3409 2887 tradidit
3453 2832 3633 2887 illum.
3664 2830 3833 2886 Evan-

2246 2930 2450 3001 gelium
2472 2926 2765 2983 secundum
2807 2924 3033 2992 Joann.,
3062 2939 3185 2995 cap.
3217 2940 3479 2990 cxxxvm,
3514 2925 3658 2979 Dixit
3681 2923 3833 2980 Jesus

2246 3020 2533 3093 discipulis
2563 3020 2698 3087 suis,
2745 3019 2873 3074 [lac
2911 3017 3112 3074 mando
3136 3016 3314 3085 vobis,
3352 3026 3412 3073 ut
3441 3016 3681 3090 diligatis
3706 3016 3835 3074 invi-

546 3117 760 3185 citatis,
813 3125 869 3172 et
915 3115 975 3171 8.
1022 3111 1366 3169 Columbani.
1412 3112 1602 3169 Lectio
1648 3114 1772 3170 libri
1820 3095 2386 3187 Sapientiaac‘cem,
2419 3133 2583 3191 usque
2602 3115 2691 3188 qui
2712 3114 2945 3171 oderunt
2972 3128 3059 3169 me
3082 3112 3274 3184 gratis.

544 3210 746 3269 Beatus
777 3209 865 3264 vir
891 3208 985 3280 qui
1028 3207 1083 3261 in
1109 3205 1373 3276 sapientia
1410 3206 1735 3273 morabitur,
1762 3224 1923 3280 usque
1968 3209 2145 3268 bare-

545 3305 740 3362 ditabit
769 3302 922 3359 illum
951 3299 1217 3356 Dominus
1244 3298 1389 3357 Deus
1421 3310 1625 3355 noster.
1668 3298 2023 3370 Evangelium
2055 3318 2144 3360 se-

546 3397 785 3454 cundum
807 3393 1140 3459 Matthaum,
1169 3407 1290 3463 cap.
1321 3406 1533 3458 ccuxrx,
1552 3391 1699 3447 Dixit
1718 3391 1877 3448 Jesus
1906 3392 2143 3467 discipu-

545 3492 616 3547 lis
642 3492 757 3549 suis
785 3489 1102 3563 paraholam
1128 3488 1292 3552 hanc,
1320 3487 1493 3543 Homo
1513 3487 1732 3558 quidam
1756 3504 1987 3562 peregre
2016 3508 2141 3563 pro-

547 3581 800 3638 ficiscens
822 3623 838 3648 ,
868 3599 1030 3650 usque
1061 3582 1115 3637 in
1143 3580 1399 3651 gaudium
1428 3580 1630 3636 domini
1660 3582 1757 3637 tui.

621 3671 756 3727 Item
785 3671 949 3726 lectio
973 3671 1096 3726 libri
1126 3671 1439 3741 Sapientia.
1473 3671 1751 3729 Mulierem
1774 3674 1969 3732 fortem
1995 3721 2010 3747 ,
2051 3694 2144 3733 uso

548 3766 651 3835 que
680 3766 735 3819 in
756 3764 933 3835 portis
961 3778 1127 3833 opera
1147 3765 1287 3835 ejus.
1314 3766 1660 3838 Evangelium
1683 3770 1979 3827 secundum
2006 3771 2143 3829 Mat-

546 3856 774 3924 thaum,
805 3872 927 3927 cap.
960 3872 1134 3926 cxxx,
1160 3858 1442 3930 Loquente
1470 3861 1600 3918 Jesu
1637 3861 1705 3919 ad
1734 3863 1949 3934 turbas,
1977 3880 2142 3937 usque

544 3966 704 4009 soror
726 3962 781 4009 et
803 3962 981 4008 mater
1001 3962 1104 4029 est.

618 4062 713 4101 vttt
743 4044 858 4100 kal.
888 4044 1145 4104 Decemb.
1174 4046 1365 4105 Natale
1402 4048 1459 4106 8.
1491 4048 1814 4124 Crysogoni.
1838 4054 2030 4112 Lectio
2072 4055 2141 4110 li-

544 4142 630 4198 bri
659 4141 977 4213 Sapientia.
1009 4142 1196 4200 Justus
1230 4159 1326 4200 cor
1364 4162 1521 4202 suum
1554 4149 1776 4205 tradidit
1803 4150 1871 4205 ad
1900 4150 2137 4222 vigilan-

540 4232 670 4290 dum
693 4279 707 4303 ,
739 4250 896 4303 usque
920 4235 1314 4305 .requireretnr
1355 4253 1383 4293 a
1428 4242 1780 4310 generatione
1818 4240 1871 4295 in
1910 4256 2138 4311 genera-

540 4328 765 4382 tionem.
791 4325 1143 4399 Evangelium
1175 4331 1473 4387 secundum
1497 4333 1721 4400 Lucam,
1763 4349 1884 4405 cap.
1906 4349 2137 4404 cchtx,

541 4419 685 4477 Dixit
728 4420 885 4478 Jesus
930 4424 1211 4494 discipulis
1246 4424 1392 4494 suis,
1432 4426 1568 4483 Cum
1598 4428 1881 4485 audieritis
1910 4429 2095 4500 pralia
2116 4472 2133 4499 ,

536 4529 699 4584 usque
724 4516 935 4571 animas
964 4527 1197 4573 vestras.

602 4626 659 4664 ut
689 4609 799 4666 kal.
831 4611 1087 4667 Decemb.
1137 4612 1332 4670 Natale
1360 4615 1419 4672 S.
1458 4614 1763 4673 Saturnini.
1788 4616 1977 4674 Lectio
2005 4619 2137 4676 libri

530 4699 849 4770 Sapientia.
881 4704 1075 4760 Beatus
1097 4706 1181 4761 vir
1206 4708 1299 4777 qui
1329 4708 1586 4766 inventus
1615 4718 1703 4765 est
1727 4711 1848 4766 sine
1876 4713 2086 4769 macula
2114 4755 2129 4783 ,

530 4809 692 4859 usque
714 4796 894 4852 omnis
915 4797 1148 4853 ecclesia
1178 4808 1514 4856 sanctorum.
1544 4802 1907 4873 Evangelium
1935 4820 2130 4863 secun-

530 4886 662 4943 dum
690 4888 1028 4957 Matthaum,
1057 4906 1178 4961 cap.
1210 4908 1450 4963 cxxxtx,
1482 4895 1629 4952 Dixit
1653 4895 1815 4954 Jesus
1845 4898 2129 4972 discipulis

528 4979 665 5036 suis.
699 4980 889 5039 Videte
922 5000 989 5040 ne
1021 4985 1142 5055 quis
1180 5002 1277 5043 vos
1314 4988 1569 5055 seducat,
1598 5009 1759 5065 usque
1803 4994 1889 5051 hic
1938 4996 2124 5054 salvus

525 5074 652 5129 erit.

590 5181 632 5220 ιι
658 5164 772 5222 kal.
800 5165 1053 5227 Decemb.
1080 5172 1269 5230 Natale
1297 5174 1357 5231 S.
1387 5175 1641 5234 Andreae.
1667 5178 1726 5234 lu
1758 5182 1959 5251 vigilia.
2007 5185 2120 5241 Le-

514 5257 627 5313 ctio
655 5257 918 5330 Epistola
949 5261 1093 5319 beati
1121 5264 1278 5321 Pauli
1300 5270 1535 5337 apostoli
1564 5271 1633 5325 ad
1660 5272 1947 5342 Ephesios.
1982 5277 2118 5333 Fra-

508 5357 664 5420 tres,
706 5352 1031 5411 benedictus
1069 5358 1212 5416 Deus
1242 5370 1299 5416 et
1337 5361 1500 5419 Pater
1537 5364 1753 5421 Domini
1781 5371 1954 5425 nostri
1981 5371 2115 5429 Jesu

503 5439 711 5499 Christi
741 5444 838 5515 qui
878 5444 1155 5506 benedixit
1182 5466 1315 5519 nos,
1350 5470 1510 5524 usque
1548 5460 2011 5528 superabundavit
2054 5465 2113 5520 in

505 5534 687 5627 nobis.
741 5535 1105 5605 Evangelium
1154 5548 1456 5600 secundum
1502 5548 1790 5621 Joannem,
1818 5568 1941 5627 cap.
1984 5572 2107 5627 xvr,

2319 3232 2358 3272 ιι
2389 3216 2510 3271 idus
2549 3212 2809 3269 Decemb.
2861 3210 3140 3283 Depositio
3179 3210 3237 3268 8.
3270 3208 3529 3267 Walerici
3558 3207 3834 3267 confesso~

2246 3311 2344 3370 ris.
2372 3309 2557 3366 Lectio
2584 3308 2713 3363 libri
2736 3306 3046 3378 Sapientia.
3062 3304 3278 3361 Justum
3303 3303 3527 3360 deduxit
3555 3302 3837 3373 Dominus,

2246 3418 2409 3475 usque
2448 3399 2751 3456 claritatem
2798 3407 3054 3456 aternam
3113 3398 3383 3454 Dominus
3424 3396 3576 3452 Deus
3626 3404 3833 3451 noster.

2247 3494 2599 3566 Evangelium
2650 3493 2949 3550 secundum
2998 3492 3216 3564 Matth.,
3264 3506 3387 3564 cap.
3415 3506 3641 3557 ccnxtx,
3698 3488 3841 3545 Dixit

2246 3592 2408 3648 Jesus
2426 3589 2706 3660 discipulis
2725 3589 2859 3655 suis,
2883 3587 3056 3645 Homo
3079 3587 3298 3661 quidam
3322 3601 3567 3659 peregre,
3592 3600 3757 3655 usque
3781 3583 3840 3640 in

2246 3681 2503 3755 gaudium
2534 3681 2745 3737 domini
2775 3681 2873 3737 tui.
3240 3742 3251 3757 ι

2319 3773 2502 3830 Idibus
2530 3774 2785 3830 Decemb.
2819 3773 3099 3844 Depositio
3128 3772 3188 3830 S.
3209 3772 3459 3829 Autberti
3480 3770 3719 3844 tp'scopi
3747 3769 3843 3826 Ca-

2246 3882 2547 3924 maracum.
2577 3865 2646 3920 Et
2673 3865 2732 3922 S.
2765 3864 2946 3922 Lucia
2971 3864 3215 3937 virginis.
3248 3864 3436 3921 Lectio
3458 3864 3581 3920 libri
3609 3862 3840 3931 Sapien-

2246 3960 2362 4017 tia.
2390 3960 2668 4030 Sapientia
2694 3959 2861 4015 vincit
2888 3959 3174 4027 malitiam,
3202 3974 3365 4028 usque
3387 3956 3693 4027 disciplina
3720 3953 3838 4010 Dei.

2246 4051 2607 4122 Evangelium
2629 4050 2927 4107 secundum
2953 4050 3315 4121 Lucam,cap.
3344 4064 3485 4119 ccu,
3513 4047 3660 4104 Dixit
3683 4047 3840 4104 Jesus

2246 4145 2526 4215 discipulis
2551 4145 2689 4212 suis,
2711 4144 2904 4201 Ponite
2929 4143 2986 4200 iu
3006 4143 3263 4201 cordibus
3291 4140 3514 4210 vestris,
3545 4158 3704 4214 usque
3724 4141 3840 4197 ani-

2245 4258 2363 4299 mas
2393 4252 2622 4298 vestras.

2318 4352 2386 4391 xv
2418 4335 2528 4392 kal.
2559 4335 2823 4391 Januarii.
2873 4334 3063 4392 Natale
3093 4334 3151 4393 8.
3188 4334 3330 4391 Afra
3354 4335 3602 4407 virginis.
3647 4332 3839 4390 Lectio

2243 4431 2367 4489 libri
2407 4430 2683 4487 Malachia
2714 4429 3015 4501 propheta.
3062 4430 3190 4486 Hac
3219 4430 3350 4486 dicit
3375 4430 3633 4485 Dominus
3666 4427 3836 4495 Deus,

2160 4500 2221 4566 Ῑ)
2246 4526 2390 4583 Ecce
2414 4540 2516 4596 ego
2548 4525 2758 4580 mittam
2802 4524 3054 4597 angelum
3097 4539 3300 4591 meum,
3341 4541 3501 4595 usque
3529 4521 3659 4577 anni
3687 4524 3837 4577 anti-

2244 4622 2359 4695 qui,
2390 4620 2523 4676 dicit
2574 4620 2839 4674 Dominus
2884 4618 3252 4689 omnipotens.
3288 4618 3495 4686 Evang.
3532 4614 3837 4671 secundum

2244 4716 2583 4782 Matthaum,
2621 4727 2744 4782 cap.
2773 4728 2896 4778 exn,
2932 4711 3076 4767 Dixit
3104 4710 3264 4767 Jesus
3292 4708 3575 4780 discipulis
3598 4708 3716 4763 suis
3745 4722 3834 4777 pa-

2242 4807 2485 4867 rabolam
2510 4806 2668 4872 hanc,
2702 4803 2891 4860 Simile
2919 4812 3002 4859 est
3030 4818 3257 4875 regnum
3285 4800 3546 4858 calorum
3574 4799 3839 4856 thesauro

2241 4902 2582 4971 abscondito,
2614 4916 2774 4971 usque
2803 4913 2943 4956 nova
2971 4909 3027 4955 et
3052 4908 3257 4957 vetera.

2315 5014 2390 5053 xtt
2441 4997 2551 5052 kal.
2602 4994 2861 5050 Januarii.
2920 4993 3107 5048 Roma
3147 4988 3412 5061 depositio
3442 4984 3841 5044 S.lnnocentii

2236 5093 2503 5167 episcopi.
2534 5090 2720 5146 Lectio
2739 5088 2999 5159 Epistola
3026 5087 3171 5143 beati
3198 5084 3347 5140 Pauli
3377 5080 3607 5153 apostoli
3633 5079 3703 5134 ad
3723 5078 3842 5136 Ro-

2235 5199 2453 5243 manos.
2486 5183 2729 5247 Fratres,
2768 5181 2889 5251 quis
2917 5194 3017 5236 nos
3046 5177 3321 5249 separabit
3349 5191 3377 5230 a
3406 5174 3674 5230 charitate
3708 5172 3836 5242 Dei,

2236 5295 2360 5350 qua
2382 5286 2466 5332 est
2496 5276 2550 5331 in
2576 5273 2796 5328 Christo
2819 5274 2945 5329 Jesu
2969 5273 3197 5329 Domino
3229 5268 3442 5325 nostro?
3469 5266 3837 5338 Evangelium

2233 5368 2533 5427 secundum
2584 5366 2807 5429 Lucam,
2840 5380 2963 5434 cap.
3014 5380 3138 5431 xcv,
3172 5360 3518 5418 Descendens
3552 5358 3717 5416 Jesus
3741 5359 3838 5431 .de

2231 5470 2439 5527 monte,
2467 5472 2628 5529 usque
2656 5455 2876 5522 copiosa
2905 5466 2989 5511 est
3020 5457 3077 5511 in
3097 5456 3273 5512 caelis.

2304 5569 2357 5608 xt
2404 5552 2515 5607 kal.
2568 5549 2831 5607 Januarii.
2870 5549 3059 5608 Roma
3091 5553 3234 5609 inter
3263 5550 3401 5607 duos
3424 5548 3612 5605 lauros
3641 5548 3833 5605 natale

500 5622 991 5723 Stabat-Joannes
1037 5644 1093 5689 et
1140 5652 1208 5693 ex
1264 5638 1554 5711 discipulis
1595 5644 1713 5714 ejus
1752 5622 1903 5718 duo,
2228 5656 2541 5707 sanctorum
2592 5639 2816 5712 triginta
2855 5653 3175 5714 martyrum.
3223 5643 3413 5700 Lectio
3441 5641 3565 5697 libri
3598 5640 3836 5713 Sapien-

495 5725 666 5787 snper
695 5716 904 5776 Filium
934 5721 1185 5785 hominis.
1209 5746 1235 5801 ει

2233 5746 2345 5806 tia.
2376 5742 2514 5802 Justi
2541 5741 2595 5799 in
2627 5745 2947 5811 perpetuum
2992 5742 3199 5811 vivent,
3244 5751 3405 5810 usque
3435 5734 3676 5798 deducet
3707 5736 3809 5796 illo
