4050 6198
1498 330 1707 390 LIBER
1739 326 2040 393 COMITIS.

3280 338 3393 399 550

227 451 376 510 uinus
395 452 537 511 Deus
558 462 764 511 noster.
797 450 1008 526 Evang.
1036 452 1330 511 secundum
1358 451 1689 520 Matthaeum,
1714 449 1774 516 Δ
1798 454 2039 527 calypsis
2066 453 2291 513 Joannis
2317 456 2572 528 apostoli.
2604 454 2662 513 In
2697 454 2888 513 diebus
2913 456 3020 513 illis
3051 455 3163 513 vidi
3194 456 3387 515 civita-

227 586 237 603 .
282 561 493 614 ccum,
549 546 697 601 Dixit
737 546 898 603 Jesus
941 546 1223 620 discipulis
1271 546 1407 615 suis,
1440 545 1688 616 Vigilate,

227 655 273 693 te
298 628 582 695 constituet
601 654 747 695 eum.

245 729 353 785 kal.
383 730 641 786 Januarii.
689 731 749 787 In
797 730 1114 789 Nicomedia
1156 732 1334 789 natale
1372 741 1688 789 sanctorum

227 838 311 878 :Lx
346 832 658 895 martyrum.
690 822 879 881 Lectio
912 826 1035 881 libri
1075 825 1389 897 Sapientiae.
1414 825 1690 881 Justorum

227 934 324 984 me,
372 935 529 991 usque
568 933 755 990 pacem
795 920 989 976 electis
1032 921 1149 976 Dei.
1208 921 1556 991 Evangelium
1604 937 1691 976 se-

227 1010 339 1065 lum
386 1011 646 1079 Marcum,
678 1026 798 1083 cap.
853 1026 1120 1081 cxxxvnl,
1158 1013 1301 1067 Dixit
1341 1013 1497 1067 Jesus
1525 1013 1689 1067 disci-

228 1122 255 1161 s
280 1106 409 1175 suis,
438 1105 627 1163 Videte
652 1120 720 1162 ne
742 1105 864 1177 quis
886 1121 983 1162 vos
1005 1106 1249 1174 seducat,
1280 1121 1437 1174 usque
1465 1104 1553 1161 hic
1575 1106 1688 1161 sal-

237 1197 362 1252 erit.

227 1306 240 1345 t
265 1290 370 1344 kal.
400 1288 661 1345 Januarii.
708 1286 1048 1359 Cappadocia
1073 1332 1088 1357 ,
1123 1288 1303 1345 natale
1328 1287 1688 1360 quadraginta

228 1382 391 1437 inum.
437 1382 626 1438 Lectio
664 1382 923 1452 Epistolas
964 1382 1107 1438 beati
1156 1383 1307 1437 Pauli
1358 1383 1592 1453 apostoli
1618 1382 1688 1439 ad

231 1474 431 1529 nthios.
454 1472 699 1540 Fratres,
725 1475 814 1545 qui
838 1474 1125 1545 gloriatur,
1156 1474 1212 1529 in
1234 1474 1462 1530 Domino
1491 1474 1690 1544 glorie-

237 1583 396 1638 usque
429 1566 688 1622 exhibere
722 1564 964 1622 Christo.
1011 1566 1687 1637 Evangelium'secundum

228 1660 437 1726 .hteum,
462 1674 582 1731 cap.
613 1676 704 1726 χι,
737 1658 888 1715 Dixit
908 1661 1067 1716 Jesus
1082 1658 1365 1731 discipulis
1390 1660 1502 1714 suis
1533 1674 1692 1729 para-

236 1772 288 1811 m
320 1758 485 1827 hanc,
520 1757 712 1813 Simile
741 1767 826 1813 est
865 1772 1089 1828 regnum
1135 1755 1397 1811 cmlorum
1431 1755 1692 1811 thesauro

227 1848 424 1904 :ondito
445 1850 497 1904 in
526 1864 679 1920 agro,
706 1865 867 1921 usque
892 1864 1031 1904 nova
1054 1855 1113 1903 et
1142 1857 1349 1902 vetera.

227 1956 288 1996 ro
316 1941 559 1997 ubertate
594 1941 816 2011 pluvim,
849 1941 964 1995 sive
994 1940 1351 2010 temperantia
1395 1938 1559 1993 aeris.
1594 1938 1700 1994 Le-

237 2035 396 2092 Johel
418 2035 719 2107 prophetae.
748 2036 877 2091 Haec
897 2036 1030 2091 dicit
1054 2035 1338 2101 Dominus,
1359 2034 1481 2090 Noli
1504 2034 1698 2091 timere

227 2145 279 2195 a,
308 2146 468 2202 usque
490 2130 637 2201 quod
676 2129 806 2186 fecit
842 2129 1122 2184 vobiscum
1163 2127 1455 2183 mirabilia.
1487 2128 1696 2199 Evang.

227 2222 410 2278 lndum
430 2223 589 2290 Luc.,
612 2238 733 2289 cap.
754 2238 994 2293 Lxxxtlt,
1023 2221 1243 2277 Factum
1265 2220 1415 2278 estin
1441 2238 1547 2276 una
1578 2222 1698 2279 die-
1728 2250 1733 2259 ~

230 2359 247 2383 ,
282 2334 441 2388 usque
461 2317 726 2374 obediunt
756 2319 829 2373 ei.

227 2425 283 2465 ro
308 2409 657 2466 insterilitate
685 2410 904 2481 pluviae.
930 2410 1120 2467 Lectio
1140 2410 1430 2469 Hieremiae
1465 2408 1699 2481 prophe-

227 2504 353 2560 lltec
395 2503 528 2559 dicit
565 2503 829 2559 Dominus
860 2504 1042 2573 Deus,
1087 2505 1359 2576 Numquid
1406 2504 1697 2575 projiciens

228 2596 355 2651 lcisti
386 2596 556 2663 Juda,
585 2612 745 2665 usque
768 2595 887 2652 haec
926 2597 1108 2653 omnia
1129 2640 1145 2664 ,
1173 2598 1401 2654 Domine
1432 2597 1574 2652 Deus
1600 2611 1699 2650 no-

227 2728 238 2739 .
270 2687 615 2761 Evangelium
639 2688 938 2745 secundum
969 2689 1189 2756 Matth.,
1234 2705 1354 2761 cap.
1398 2703 1521 2754 cnx,
1552 2688 1699 2742 Dixit

227 2796 277 2835 ls
315 2780 591 2850 discipulis
616 2781 766 2848 Suis,
800 2781 1060 2838 Misereor
1093 2797 1259 2852 super
1290 2781 1445 2837 turba
1470 2820 1487 2847 ,
1535 2796 1697 2849 usque

227 2872 386 2943 ipulis
415 2874 535 2944 ejus
566 2889 690 2928 cum
722 2889 807 2929 eo.

254 2966 343 3021 die
367 2966 522 3023 belli.
547 2966 734 3024 Lectio
758 2968 933 3024 Esaiae
957 2968 1259 3040 pr0phette.
1283 2966 1344 3023 In
1371 2968 1566 3024 diebus
1587 2967 1695 3023 illis

228 3058 390 3113 )tavit
419 3058 706 3128 Ezechias,
738 3077 897 3132 usque
918 3071 1204 3132 protegam
1229 3075 1349 3116 eum
1369 3105 1384 3129 ,
1413 3060 1489 3115 ait
1512 3060 1698 3115 Domi-

227 3153 597 3221 omnipotens.
623 3153 980 3224 Evangelium
998 3153 1294 3210 secundum
1316 3154 1543 3220 Lucam,
1570 3169 1690 3223 cap.

228 3238 554 3297 DixitJesus
582 3242 868 3313 discipulis
888 3246 1000 3301 suis
1019 3285 1036 3313 ,
1066 3245 1246 3302 Nolite
1284 3245 1506 3302 solliciti
1530 3260 1690 3317 esse,
1720 3230 1771 3296 C

229 3352 259 3390 ε
279 3334 603 3404 adjicientur
629 3336 804 3393 vobis.

227 3444 255 3484 e
298 3429 462 3485 natali
492 3445 668 3501 papte.
701 3431 885 3487 Lectio
916 3432 1175 3503 Epistolas
1202 3435 1346 3490 beati
1374 3435 1526 3493 Pauli
1565 3451 1696 3507 apo-

250 3520 318 3575 ad
345 3520 622 3576 Hebraeos.
648 3521 894 3591 Fratres,
918 3525 1094 3579 omnis
1120 3524 1392 3593 Pontifex,
1421 3543 1582 3598 usque
1607 3542 1695 3583 or-

230 3631 289 3671 m
320 3614 747 3672 Melchisedech.
788 3616 1147 3689 Evangelium
1194 3619 1493 3675 secundum
1534 3620 1692 3688 Luc.,

256 3724 461 3776 cccxx,
522 3708 685 3765 Facta
728 3718 813 3765 est
848 3712 1128 3767 contentio
1170 3711 1313 3769 inter
1355 3712 1691 3784 discipulos,

229 3820 260 3858 e
283 3804 457 3859 tribus
479 3802 707 3858 Israhel.

263 3895 607 3952 ordinatione
635 3895 1010 3952 diaconorum.
1043 3896 1229 3954 Lectio
1262 3897 1520 3969 Epistolas
1550 3899 1694 3953 beati

235 3991 254 4046 i
287 3990 521 4060 apostoli
549 3989 617 4045 ad
648 3989 1018 4047 Timotheum.
1044 3990 1407 4058 Cbarissime,
1436 3992 1697 4048 diaconos

228 4084 377 4139 .titue
405 4083 670 4154 pudicos,
706 4101 864 4155 usque
892 4083 947 4139 in
977 4084 1085 4140 lide
1126 4100 1245 4155 quae
1281 4094 1365 4141 est
1398 4088 1452 4139 ill
1479 4084 1696 4140 Christo

228 4226 231 4232 .
251 4177 485 4233 Domino
500 4186 709 4233 nostro.
725 4175 1076 4248 Evangelium
1095 4178 1391 4232 secundum
1408 4177 1692 4248 Joannem,

256 4287 372 4338 crv,
416 4272 563 4327 Dixit
593 4271 755 4328 Jesus
779 4271 1063 4342 discipulis
1107 4270 1225 4326 suis
1249 4313 1265 4339 ,
1298 4269 1492 4339 Amen,
1533 4286 1698 4327 'alneu

256 4365 420 4421 vobis
445 4409 461 4434 ,
490 4367 596 4421 nisi
635 4380 864 4436 granum
895 4365 1147 4421 frumenti
1169 4406 1185 4432 ,
1220 4382 1380 4438 usque
1405 4367 1495 4439 qui
1528 4375 1611 4422 est
1642 4367 1694 4422 ill

275 4552 633 4609 ordinatione
678 4551 999 4624 presbyteri.
1044 4552 1226 4609 Lectio
1263 4553 1510 4622 epistolae
1552 4552 1697 4608 beati

1795 558 1906 605 tem
1937 560 2182 607 sanctam
2224 552 2562 609 Hierusalem
2585 596 2600 621 ,
2629 570 2793 624 usque
2832 568 2969 608 nova
3000 553 3141 610 facio
3178 555 3384 609 omnia.

1793 642 2151 714 Evangelium
2200 646 2499 701 secundum
2526 646 2727 701 Lucam
2763 659 2886 715 cap.
2918 661 3008 711 1.x,
3038 646 3182 701 Dixit
3227 646 3385 702 Jesus

1791 738 2074 811 discipulis
2100 741 2233 805 suis.
2272 740 2389 796 Non
2418 748 2505 796 est
2540 739 2706 795 arbor
2750 740 2893 796 bona
2924 753 3045 809 quae
3084 738 3210 794 facit
3238 739 3386 795 fruc-

1790 841 1907 889 tum
1935 836 2161 899 malum,
2196 851 2358 907 usque
2384 834 2601 889 lundata
2632 842 2753 889 erat
2782 846 2947 902 super
2986 838 3220 901 petram.
3252 832 3385 886 Item

1792 926 2149 998 Evangelium
2166 927 2466 983 secundum
2492 925 2716 994 Lucam,
2746 939 2871 997 cap.
2894 937 3097 991 ccxxv,
3120 921 3387 993 Egressus

1790 1020 1971 1088 Jesus,
1994 1036 2153 1090 usque
2179 1020 2326 1076 salus
2356 1021 2549 1074 domui
2564 1017 2704 1074 facta
2726 1029 2831 1073 eSt.
3024 1012 3028 1019 ’

1862 1114 1947 1168 Ad
1989 1126 2216 1181 sponsas
2262 1110 2685 1166 henedicendas.
2727 1109 2915 1166 Lectio
2944 1106 3207 1178 Epistolas
3245 1106 3391 1162 beati

1789 1206 1942 1262 Pauli
1964 1204 2201 1274 apostoli
2226 1203 2293 1258 ad
2318 1202 2660 1259 Corinthios.
2691 1203 2947 1271 Fratres,
2988 1201 3215 1258 nescitis
3250 1215 3386 1271 quo-

1789 1298 1935 1355 niam
1967 1311 2195 1365 corpora
2218 1304 2426 1360 vestra,
2450 1306 2613 1365 usque
2638 1303 2852 1365 portate
2874 1296 3043 1350 Deum
3071 1295 3129 1350 in
3154 1309 3389 1364 corpore

1790 1401 1993 1449 vestro.
2016 1390 2220 1460 Evang.
2244 1387 2542 1444 secundum
2570 1385 2788 1455 Matth.,
2816 1401 2940 1457 cap.
2964 1401 3151 1455 ccxxx,
3175 1385 3392 1457 Loque-

1790 1481 1957 1540 batur
1985 1481 2144 1540 Jesus
2172 1494 2295 1537 cum
2327 1477 2610 1551 discipulis
2637 1476 2752 1534 suis
2777 1517 2794 1546 ,
2834 1494 2999 1548 usque
3026 1478 3183 1547 pauci
3211 1488 3395 1535 autem

1791 1575 1979 1631 electi.

1865 1667 1996 1723 Item
2063 1665 2416 1737 Evangelium
2491 1663 2784 1719 secundum
2849 1660 3201 1731 Matthteum,
3264 1677 3390 1732 cap.

1795 1776 2051 1829 ccxxxtx,
2094 1759 2257 1816 Venit
2294 1759 2452 1814 Iesus
2490 1757 2548 1812 in
2601 1759 2736 1812 lines
2771 1755 3009 1824 Judaxe,
3039 1772 3202 1826 usque
3248 1755 3394 1826 quod

1723 1836 1773 1898 Β
1798 1856 1945 1911 Deus
1971 1854 2277 1924 conjunxit,
2309 1853 2474 1907 homo
2494 1867 2604 1907 non
2629 1859 2865 1921 separet.

1874 1949 1931 2004 ln
1957 1948 2193 2003 adventu
2228 1946 2493 2016 judicum.
2538 1944 2726 1999 Lectio
2752 1943 3011 2013 Epistolae
3044 1944 3187 1999 beati
3234 1942 3393 1998 Pauli

1800 2043 2030 2113 apostoli
2061 2042 2126 2095 ad
2158 2039 2523 2095 Timotheum.
2557 2037 2801 2101 Fratres,
2831 2036 3060 2091 obsecro
3085 2052 3183 2093 vos
3211 2039 3391 2107 primo

1799 2136 2067 2203 omnium,
2095 2151 2254 2206 usque
2282 2135 2335 2188 in
2364 2132 2469 2189 ﬁde
2492 2139 2547 2187 et
2575 2130 2824 2186 veritate.
2850 2127 3056 2198 Evang.
3089 2129 3390 2186 secundum

1800 2228 2025 2297 Lucam,
2055 2241 2176 2296 cap.
2201 2238 2461 2289 ccxxvnr,
2493 2221 2641 2275 Dixit
2656 2221 2820 2275 Jesus
2839 2218 3124 2290 discipulis
3159 2225 3271 2275 suis
3298 2235 3393 2289 pa-

1798 2321 2044 2377 rabolam
2068 2320 2227 2387 hanc,
2251 2316 2427 2372 Homo
2446 2314 2665 2385 quidam
2683 2312 2884 2369 nobilis
2905 2321 3046 2379 erat,
3071 2312 3158 2367 hic
3181 2312 3391 2381 habuit,

1799 2431 1960 2487 usque
1986 2413 2223 2477 dabitur,
2254 2419 2311 2466 et
2338 2408 2652 2465 abundabit.

1871 2507 1931 2562 lu
1951 2505 2305 2561 tribulatione
2327 2502 2446 2556 sive
2467 2500 2855 2556 commotione.
2883 2498 3071 2554 Lectio
3101 2498 3392 2554 Hieremiae

1800 2598 2101 2672 prophetae.
2132 2597 2259 2652 Haec
2285 2595 2419 2651 dicit
2438 2593 2701 2648 Dominus
2730 2591 2899 2659 Deus,
2928 2590 3199 2661 Numquid
3220 2591 3388 2656 cadit,

1798 2709 1957 2765 usque
1997 2690 2224 2747 verbum
2268 2698 2446 2744 autem
2487 2686 2699 2741 Domini
2730 2692 2914 2739 manet
2947 2684 3002 2738 in
3037 2694 3305 2741 aeternum
3335 2692 3394 2739 et

1797 2788 1855 2843 in
1883 2786 2142 2843 saeculum
2167 2782 2371 2837 saeculi.

1870 2880 2005 2935 Item
2049 2876 2314 2947 ejusdem.
2357 2872 2487 2927 Haec
2522 2869 2654 2925 dicit
2692 2869 2953 2925 Dominus
2980 2868 3127 2924 Deus
3148 2870 3182 2936 ,ι
3204 2868 3394 2923 Facite

1795 2973 2058 3043 judicium
2087 2977 2143 3026 et
2166 2968 2456 3040 justitiam,
2496 2980 2658 3035 usque
2686 2964 2832 3020 servi
2861 2972 2918 3019 et
2939 2958 3123 3034 populi
3154 2978 3343 3019 eorum
3368 3004 3386 3031 ,

1798 3068 1873 3123 ait
1901 3066 2161 3122 Dominus
2184 3063 2348 3119 Deus.

1869 3161 2001 3217 Item
2032 3157 2304 3231 ejusdem.
2335 3156 2391 3211 Si
2424 3154 2739 3226 iniquitates
2756 3160 2962 3208 nostra
2982 3152 3390 3219 contenderint,

1797 3272 1959 3327 usque
2007 3270 2076 3310 ne
2126 3252 2472 3323 derelinquas
2520 3263 2653 3316 nos,
2708 3248 2939 3303 Domine
2986 3249 3124 3303 Deus
3179 3258 3384 3305 noster.

1798 3348 2148 3419 Evangelium
2177 3345 2478 3403 secundum
2499 3344 2722 3408 Lucam,
2742 3357 2863 3412 cap.
2891 3356 3063 3397 ccxxv
3081 3381 3097 3407 ,
3123 3341 3387 3412 Egressus

1796 3441 1956 3498 Jesus
1988 3437 2402 3510 perambulabat
2435 3434 2691 3491 Hiericho
2714 3475 2732 3501 ,
2763 3450 2925 3505 usque
2966 3433 3176 3488 salvum
3210 3432 3391 3490 facere

1798 3535 1942 3608 quod
1971 3535 2227 3607 perierat.

1869 3629 1928 3684 In
1970 3626 2135 3683 natali
2163 3622 2534 3679 sacerdotum.
2568 3621 2757 3677 Lectio
2790 3620 2913 3675 libri
2945 3619 3222 3675 Malachiae
3264 3635 3389 3691 pro-

1799 3721 2001 3791 phetae.
2035 3717 2161 3771 Haec
2186 3714 2319 3769 dicit
2352 3714 2614 3769 Dominus
2636 3755 2650 3777 ,
2680 3712 2875 3769 Scietis
2904 3712 3026 3782 quia
3056 3711 3158 3767 nisi
3194 3712 3262 3767 ad
3291 3728 3388 3769 vos

1797 3812 2134 3876 mandatum,
2167 3825 2325 3880 usque
2356 3808 2483 3879 quia
2528 3807 2758 3878 angelus
2788 3806 3001 3861 Domini
3049 3808 3385 3863 exercituum

1799 3917 1903 3964 est.
1933 3904 2285 3974 Evangelium
2319 3901 2613 3956 secundum
2645 3900 2882 3956 Marcum
2905 3914 3025 3970 cap.
3059 3916 3149 3967 LII,
3180 3900 3388 3956 Circui-

1798 3998 1895 4053 bat
1914 3998 2072 4053 Jesus
2103 3996 2158 4049 in
2186 3994 2442 4061 circuitu,
2473 4010 2631 4062 usque
2662 4003 2919 4062 aegrotos,
2943 4002 3000 4047 et
3025 3992 3383 4048 sanabuntur.

1872 4092 2033 4147 Missa
2064 4103 2169 4160 qua
2200 4088 2457 4143 sacerdos
2488 4100 2586 4157 pro
2627 4100 2687 4141 se
2714 4096 2894 4141 canet.
2917 4083 3104 4139 Lectio
3127 4084 3387 4153 Epistolas

1800 4186 1947 4245 beati
1981 4185 2137 4241 Pauli
2178 4181 2408 4251 apostoli
2444 4180 2513 4235 ad
2552 4180 2847 4234 Romanos.
2890 4177 3131 4242 Fratres,
3182 4177 3388 4231 scimus

1800 4280 1946 4349 quod
1976 4279 2064 4335 lex
2093 4274 2385 4347 spiritualis
2414 4281 2520 4335 est.
2556 4288 2714 4343 usque
2755 4271 2917 4341 hujus
2942 4268 3117 4341 gratia
3159 4268 3256 4324 Dei
3292 4284 3387 4335 per

1800 4374 1987 4429 Jesuln
2043 4368 2315 4426 Christum
2369 4366 2656 4422 Dominum
2714 4374 2979 4419 nostrum.
3036 4360 3387 4433 Evangelium

1803 4464 2096 4523 secundum
2129 4462 2441 4518 Matthmum
2480 4475 2602 4532 cap.
2663 4473 2858 4527 Lxxvt,
2915 4456 3189 4512 Circuibat
3230 4454 3391 4511 Jcsus

1801 4575 1992 4616 omnes
2015 4558 2280 4619 civitates.
2313 4572 2471 4626 usque
2491 4569 2706 4609 omnem
2736 4549 3123 4606 infirmitatem.

238 4648 253 4701 i
286 4645 525 4715 apostoli
549 4646 616 4701 ad
647 4645 847 4700 Titum.
876 4644 1237 4712 Cbarissime,
1270 4645 1473 4700 Paulus
1498 4660 1695 4701 servus
1721 4630 1771 4692 Ι)

1872 4651 2036 4708 Missa
2072 4651 2273 4705 votiva.
2316 4647 2507 4703 Lectio
2536 4645 2711 4701 Esaia:
2760 4642 3059 4713 prophetae.
3094 4639 3219 4695 Haec
3262 4639 3392 4694 dicit

230 4738 327 4802 sti,
362 4735 646 4807 apostolus
672 4746 889 4797 autem.
932 4753 1091 4803 usque
1134 4737 1380 4792 doctrina
1428 4751 1560 4791 sana
1604 4753 1698 4807 per

237 4848 293 4886 m
320 4830 601 4886 Christum
628 4831 912 4907 Dominum
935 4841 1201 4887 nostrum.
1227 4832 1584 4903 Evangelium
1614 4848 1701 4888 se-

228 4923 347 4978 lum
395 4924 735 4991 Matthaeum,
768 4940 889 4995 cap.
930 4940 1145 4992 cccxln,
1183 4925 1326 4979 Dixit
1351 4925 1509 4981 Jesus
1538 4927 1703 4983 disci—

227 5039 244 5075 ς
268 5018 411 5085 suis,
438 5018 671 5089 Vigilate
694 5033 854 5090 ergo,
880 5035 1041 5091 usque
1068 5019 1368 5074 constituet
1392 5034 1535 5075 eum.

227 5136 235 5167 l
285 5112 637 5168 ordinatione
687 5112 947 5183 episcopi.
1011 5110 1198 5167 Lectio
1247 5111 1505 5183 Epistola:
1556 5113 1699 5170 beati

227 5208 261 5262 li
310 5206 551 5278 apostoli
599 5206 667 5262 ad
700 5206 1065 5262 Timotheum.
1110 5205 1482 5273 Cbarissime,
1529 5207 1702 5264 ﬁdelis

227 5316 315 5367 no,
340 5301 389 5355 si
413 5302 540 5372 quis
564 5300 954 5371 episcopatum,
980 5317 1144 5372 usque
1172 5298 1271 5355 Dei
1301 5299 1470 5354 nostri
1502 5301 1557 5356 in
1587 5316 1705 5356 om-

227 5411 293 5449 ls.
319 5394 676 5464 Evangelium
708 5393 1003 5449 secundum
1028 5393 1361 5463 Matthteum,
1381 5408 1502 5463 cap.
1533 5409 1700 5464 Cva,

234 5497 256 5543 t
281 5488 447 5544 Jesus
478 5486 765 5558 discipulis
789 5488 923 5553 suis,
951 5487 1082 5554 Quis
1112 5496 1270 5557 putas
1290 5495 1371 5544 est
1395 5486 1573 5542 ﬁdelis
1592 5503 1704 5543 ser—

228 5582 250 5635 ?
278 5580 641 5651 Evangelium
670 5579 967 5634 secundum
1012 5579 1345 5647 Matthaeum,
1375 5595 1490 5650 cap.
1529 5596 1704 5636 CLXVI.

227 5677 288 5731 lit
313 5676 480 5733 Jesus
508 5675 559 5729 in
583 5683 762 5746 partes
785 5672 1051 5730 Cmsarete
1080 5673 1313 5746 Philippi
1330 5717 1345 5743 ,
1374 5692 1530 5745 usque
1554 5676 1705 5730 solu-

227 5798 233 5825 ι
258 5780 316 5827 et
340 5773 398 5828 in
426 5768 606 5827 caelis.

228 5882 253 5923 ll
288 5864 640 5929 dedicatione
659 5866 897 5927 basilicae
917 5866 1034 5926 sive
1070 5865 1321 5924 oratorii.
1354 5865 1544 5924 Lectio
1571 5868 1713 5939 Apo-

1800 4743 2089 4808 Domiuus,
2115 4742 2172 4797 In
2202 4741 2291 4796 die
2322 4740 2409 4794 illa
2443 4737 2691 4794 dilfertur
2712 4750 2906 4789 munus
2928 4734 3181 4799 Domino,
3232 4748 3392 4803 usque

1801 4838 2090 4895 haereditas
2121 4851 2239 4892 mea
2268 4834 2453 4898 Israel,
2475 4832 2607 4887 dicit
2636 4829 2897 4884 Dominus
2922 4827 3287 4897 omnipotens.

1873 4931 1980 4985 Pro
2019 4929 2271 4983 infirmis.
2311 4925 2500 4980 Lectio
2550 4922 2810 4993 Epistolas
2853 4920 2996 4975 beati
3023 4919 3174 4974 Pauli
3224 4917 3396 4992 [Lege

1805 5019 2031 5092 Jacobi]
2062 5016 2317 5089 apostoli.
2349 5016 2591 5082 Fratres,
2621 5012 2867 5067 tristatur
2894 5011 3095 5086 aliquis
3125 5022 3391 5081 vestrum,

1807 5131 1965 5187 usque
1994 5127 2089 5167 ora
2109 5126 2211 5182 pro
2239 5108 2493 5178 invicem,
2528 5116 2587 5161 ut
2611 5105 2917 5161 salvemini.

1881 5209 1987 5264 Pro
2011 5207 2113 5261 iter
2144 5202 2452 5275 agentibus.
2487 5199 2675 5255 Lectio
2713 5198 2837 5254 libri
2868 5199 3166 5257 Geneseos.
3199 5200 3257 5257 Ill
3282 5200 3398 5253 die.

1763 5364 1771 5371 ,
1810 5304 1911 5361 bus
1941 5301 2047 5355 illis
2071 5299 2283 5354 locutus
2314 5306 2397 5351 est
2426 5293 2697 5351 Abraham
2726 5292 2935 5361 dicens,
2970 5295 3230 5349 Dominus
3250 5292 3393 5359 cmli,

1814 5394 1908 5468 qui
1936 5392 2054 5449 tulit
2096 5405 2182 5447 me
2217 5390 2286 5445 de
2320 5387 2504 5457 domo,
2555 5401 2711 5457 usque
2763 5386 2880 5457 ipse
2924 5385 3100 5441 mittet
3146 5384 3397 5455 angelum

1812 5504 1972 5547 suum
2001 5501 2125 5542 cora
2134 5500 2185 5539 IIl
2214 5494 2287 5540 te.

1884 5583 1943 5638 Ill
1971 5580 2173 5653 agenda
2198 5587 2557 5634 mortuorum.
2582 5576 2771 5633 Lectio
2792 5577 2917 5633 libri
2944 5575 3398 5633 Machabtnorum.

1813 5677 1873 5735 In
1894 5676 2089 5733 diebus
2121 5674 2227 5730 illis
2247 5673 2329 5729 vir
2360 5672 2688 5728 fortissimus
2711 5672 2738 5729 J
2749 5673 2873 5740 uda,
2896 5688 3057 5745 usque
3086 5678 3193 5726 uta
3212 5685 3400 5741 pecca-

1815 5773 1886 5827 tis
1916 5771 2223 5826 solvantur.

1894 5869 2030 5928 Item
2056 5867 2223 5926 lectio
2248 5866 2510 5940 Epistolas
2542 5864 2685 5927 beati
2713 5865 2863 5925 Pauli
2888 5863 3119 5940 apostoli
3149 5861 3216 5919 ad
3235 5858 3409 5917 Thes-
