4048 6362
343 308 449 369 555

1074 313 1445 376 EXPOSlTlO
1482 314 1820 387 QUATUOR
1858 311 2428 381 EVANGELIORUM.
2468 316 2889 377 ΜΑτῑΗΑςυε.

3524 316 3632 375 5⁸51

340 427 484 497 igne,
510 440 669 499 aqua.
707 426 812 485 Per
837 427 1032 486 cmlum
1057 429 1291 486 Joannes
1318 431 1623 489 ostenditur
1649 450 1662 486 :
1685 431 1807 502 quia
1826 431 1936 487 sic-
1963 427 2016 494 Δ
2043 434 2410 505 supplantavit
2453 435 2621 492 Jacob
2660 444 2743 491 ter
2774 433 2994 490 fratrem
3034 444 3189 492 suum
3214 477 3225 502 ,
3258 436 3493 508 primum
3536 444 3633 502 per

345 528 405 575 ut
446 521 642 577 omium
679 523 855 578 omnia
887 530 1138 594 superat,
1169 523 1242 579 ita
1266 531 1320 580 et
1342 525 1599 593 Joannes,
1633 527 1726 597 qui
1764 525 1932 582 dixit:

339 612 409 668 In
437 614 696 685 principio
728 622 837 669 erat
868 613 1113 670 Verbum.
1144 616 1249 672 Per
1280 616 1589 673 Matthzeum
1622 625 1764 673 terra
1796 635 1808 671 :
1841 616 1934 687 qui

339 706 525 763 dixit:
560 707 711 763 Liber
758 710 1100 781 generationis
1145 710 1274 765 Jesu
1317 710 1535 767 Christi.
1588 711 1689 767 Per
1731 711 1935 767 Lucam

340 799 505 867 ignis,
535 801 626 869 qui
655 800 791 857 dixit
817 818 830 856 ;
870 800 1060 858 Nonne
1079 820 1167 857 cor
1192 806 1306 873 jam
1332 806 1521 861 ardens
1543 814 1650 859 erat
1674 805 1728 858 in
1752 804 1937 859 nobis?

342 892 449 949 Per
478 890 718 948 Marcum
753 909 890 965 aqua
921 913 933 950 ε
965 898 1052 966 qui
1085 895 1224 952 dixit
1252 915 1265 951 :
1309 895 1425 952 Vos:
1458 898 1733 952 clamantis
1762 898 1817 950 in
1840 894 1933 950 de?

339 992 496 1039 serto.
520 993 547 1022 ι
573 985 630 1040 id
654 996 759 1055 est,
784 996 1016 1059 quatuor
1044 988 1263 1044 ﬁumina
1292 989 1358 1045 de
1390 1004 1498 1044 uno
1526 991 1674 1043 fonte
1703 999 1936 1059 quatuor

343 1078 711 1149 evangelistas
740 1081 1034 1149 signiﬁcat,
1086 1082 1138 1137 id
1170 1091 1273 1151 est,
1301 1082 1596 1140 Christum.
1630 1082 1821 1151 Fisou,
1854 1083 1936 1137 in-

344 1171 625 1241 sufﬂictio,
658 1172 930 1244 signiﬁcat
970 1174 1269 1241 Joannem;
1306 1174 1460 1232 Geon
1488 1216 1502 1241 ,
1539 1175 1783 1230 velocitas
1806 1216 1821 1243 ,
1855 1175 1934 1230 si-

341 1263 564 1332 gniﬁcat
592 1264 931 1333 Matthmum;
961 1267 1168 1336 Tigris,
1203 1268 1455 1339 felicitas,
1488 1269 1759 1339 signiﬁcat
1792 1266 1936 1323 Mar-

339 1369 497 1423 cum;
533 1357 803 1426 Euirates,
830 1359 1103 1428 fertilitas,
1146 1361 1414 1432 signiﬁcat
1446 1362 1668 1418 Lucam.
1702 1361 1938 1431 irrigant

343 1448 605 1503 mundum
631 1493 647 1518 ,
679 1447 734 1504 id
766 1456 877 1517 est,
907 1450 1205 1507 Ecciesiam
1225 1496 1239 1520 ,
1276 1460 1332 1508 et
1361 1451 1671 1524 signiﬁcant
1699 1461 1934 1525 quatuor

341 1543 594 1610 virtutes,
627 1542 680 1599 id
705 1552 811 1611 est,
842 1543 1209 1616 prudentiam,
1245 1548 1681 1617 temperantiam,
1714 1543 1934 1603 fortitu-

340 1632 524 1691 dinem
550 1680 565 1703 ,
613 1645 669 1691 et
704 1634 973 1705 justitiam
1007 1650 1021 1692 :
1061 1640 1117 1693 et
1145 1636 1291 1695 sicut
1334 1638 1648 1709 paradisum
1701 1638 1935 1714 irrigant

341 1734 579 1798 quatuor
617 1725 839 1783 ﬁumina
862 1770 877 1794 ,
925 1728 1011 1785 slc'
1050 1738 1105 1785 et
1135 1744 1232 1786 cor
1268 1740 1512 1788 nostrum
1565 1731 1651 1789 ita:
1700 1743 1934 1804 quatuor

339 1820 596 1878 virtutes.
623 1822 693 1879 Et
711 1822 876 1879 homo
905 1838 971 1879 ex
993 1829 1230 1895 quatuor
1254 1826 1541 1882 elementis
1558 1828 1838 1884 consistit:
1864 1844 1933 1888 ex

339 1927 493 1983 aere,
527 1914 682 1985 igne,
714 1921 772 1971 et
795 1928 958 1984 aqua,
993 1923 1048 1971 et
1071 1922 1236 1972 terra.
1268 1916 1350 1973 Ex
1371 1930 1523 1984 aere,
1547 1916 1707 1974 ﬂatus
1738 1936 1755 1974 :
1784 1919 1930 1990 igne,

340 2007 601 2078 sanguis:
654 2022 825 2080 aqua,
857 2007 1107 2077 ﬁamma,
1142 2015 1294 2066 terra
1316 2051 1331 2077 ,
1362 2024 1584 2082 corpus.
1623 2011 1729 2069 Per
1772 2023 1935 2085 caput

339 2098 567 2166 omium,
600 2100 694 2155 ubi
726 2109 852 2155 sunt
882 2100 990 2157 duo
1019 2100 1309 2159 luminaria
1339 2120 1353 2159 :
1389 2113 1596 2177 pectus,
1628 2119 1721 2162 aer
1754 2124 1768 2162 :
1800 2123 1936 2165 ven-

338 2200 458 2259 ter,
490 2207 684 2264 aquam
713 2211 726 2247 :
758 2195 925 2267 pedes
947 2237 961 2263 ,
994 2204 1219 2254 terram.
1249 2197 1384 2254 item
1405 2239 1422 2267 ,
1451 2200 1623 2257 Adam
1656 2217 1683 2256 a
1705 2214 1935 2274 quatuor

338 2285 517 2341 stellis
551 2300 749 2342 nomen
777 2290 1025 2360 accepit,
1059 2286 1203 2361 quod
1237 2298 1323 2347 est
1348 2290 1376 2331 b
1401 2293 1567 2363 artis,
1591 2294 1767 2363 desis,
1801 2310 1933 2351 ana-

271 2381 274 2384 ’
341 2380 501 2435 tholis
524 2422 539 2445 ,
582 2382 909 2450 mesimbrio,
942 2383 1029 2441 vel
1058 2394 1291 2456 quatuor
1322 2385 1633 2458 signiﬁcant
1656 2390 1935 2463 evangeli-

341 2481 471 2527 stas.
505 2473 570 2528 Et
599 2474 739 2529 sicut
763 2474 832 2530 de
863 2476 1034 2532 Adam
1059 2478 1237 2533 omnis
1262 2478 1427 2535 homo
1455 2478 1813 2539 nasciturzita
1838 2497 1935 2553 per

341 2574 573 2635 quatuor
594 2567 954 2637 evangelistas
982 2584 1172 2626 omnes
1211 2572 1280 2626 ad
1320 2572 1479 2629 ﬁdem
1513 2576 1752 2631 veniunt.
1798 2577 1934 2634 item

344 2674 470 2715 arca
507 2661 621 2718 Noe
649 2663 910 2732 quadrata
959 2663 1161 2735 legitur
1187 2681 1256 2722 ex
1286 2667 1451 2736 lignis
1480 2669 1622 2727 facta
1655 2671 1934 2743 longitudo

345 2765 444 2808 ccc
479 2754 783 2809 cubitorum
812 2800 827 2826 ,
862 2750 916 2812 et
958 2756 1189 2813 latitudo
1216 2776 1270 2824 ι,
1311 2760 1542 2818 altitudo
1579 2778 1708 2829 xxx,
1744 2774 1798 2819 et
1826 2778 1935 2822 uno

346 2844 531 2902 cubito
559 2858 952 2917 consummata,
982 2851 1247 2923 signiﬁcat
1283 2853 1582 2911 Ecclesiam
1611 2873 1625 2917 :
1669 2873 1766 2928 per
1794 2873 1934 2930 qua-

345 2951 469 2997 tuor
493 2943 855 3014 evangelistas
887 2946 1172 3017 longitudo
1207 2962 1333 3018 spes
1360 2951 1486 3006 vita:
1513 2960 1731 3007 atternae
1756 2994 1771 3016 ,
1812 2952 1937 3008 lati-

344 3034 476 3089 tudo
499 3033 769 3103 charitas,
802 3037 1035 3094 altitudo
1064 3039 1200 3096 ﬁdes
1245 3039 1553 3110 Trinitatis,
1587 3059 1752 3100 unum
1784 3047 1935 3101 cubi‘

345 3135 456 3180 tum
485 3143 649 3182 unum
679 3128 967 3185 Dominum
993 3131 1200 3187 colere.
1228 3132 1497 3190 Bitumina
1526 3137 1672 3191 intus
1696 3148 1751 3195 et
1774 3137 1930 3206 foris,

343 3216 661 3275 charitatem
692 3220 787 3275 Dei
815 3232 869 3276 et
898 3223 1131 3292 proximi
1160 3223 1489 3297 signiﬁcant.
1520 3227 1653 3284 item
1678 3245 1802 3286 arca
1827 3240 1932 3288 tes-

346 3311 597 3377 tamenti,
627 3311 719 3367 ubi
749 3322 907 3369 erant
925 3313 1045 3369 duae
1079 3316 1279 3372 tabulae
1300 3328 1354 3373 et
1382 3320 1533 3390 virga
1566 3323 1772 3388 Aaron,
1796 3339 1931 3395 qua-

346 3412 469 3459 tuor
501 3406 723 3461 circulis
759 3410 939 3464 aureis
977 3411 1333 3481 portabatur;
1368 3421 1424 3469 et
1452 3423 1637 3472 vectes
1686 3430 1752 3472 ex
1798 3432 1933 3473 auro

347 3499 622 3568 cooperti,
649 3509 880 3569 quatuor
908 3503 1271 3574 evangeliStas
1302 3506 1608 3576 signiﬁcant
1632 3524 1645 3575 ;
1676 3524 1800 3565 arca
1829 3511 1934 3568 Ec-

346 3588 591 3661 clesiam,
625 3601 807 3649 vectes
836 3593 1110 3651 doctores.
1142 3596 1289 3653 Sicut
1315 3600 1392 3655 illi
1421 3603 1745 3659 circumdati
1776 3615 1935 3662 erant

342 3683 413 3738 ab
436 3684 654 3740 annuiis
675 3727 691 3753 ,
724 3685 795 3741 ita
826 3688 1138 3745 sacerdotes
1168 3690 1234 3746 de
1258 3694 1452 3758 veteri,
1483 3706 1536 3750 et
1567 3710 1707 3752 novo
1728 3695 1932 3753 Testa-

343 3789 527 3832 mento
551 3778 718 3835 docti.
742 3781 983 3848 Quatuor
1011 3785 1357 3855 evangelista:
1380 3798 1597 3857 portant
1628 3788 1925 3845 Ecclesiam

343 3871 411 3925 ab
441 3869 632 3929 haeresi
669 3872 1037 3931 defendendo.
1070 3876 1173 3933 Per
1191 3877 1395 3950 virgam
1426 3896 1558 3937 crux
1589 3884 1928 3939 ostenditur:

340 3972 399 4021 et
417 3966 561 4022 sicut
586 3967 906 4038 quadratum
934 3969 1136 4040 lignum
1164 3972 1218 4026 iu
1247 3986 1353 4042 qua
1384 3985 1540 4042 parte
1574 3990 1792 4030 versum
1817 3976 1930 4033 fue-

340 4062 441 4128 rit,
468 4062 682 4119 ﬁrmum
720 4074 850 4131 stat,
902 4066 975 4120 ita
1003 4067 1165 4121 homo
1197 4081 1265 4121 ex
1294 4075 1526 4135 quatuor
1568 4070 1923 4139 evangelistis

342 4156 569 4212 edoctus
586 4166 772 4215 contra
801 4159 1076 4227 hmresim,
1100 4160 1583 4235 ettribulationem
1603 4164 1795 4219 ﬁrmus
1814 4165 1926 4220 ﬁat.

339 4250 478 4307 item
522 4252 807 4308 Matthzcus
839 4254 1064 4309 donatus
1087 4270 1105 4307 :
1140 4253 1347 4309 Marcus
1389 4254 1580 4310 donum
1619 4257 1882 4311 excetsmn
1908 4271 1929 4309 :

339 4343 518 4401 Lucas
572 4362 890 4417 consurgens
930 4364 948 4400 :
1001 4347 1237 4403 Joannes
1277 4348 1447 4419 gratia
1500 4345 1736 4403 Domini.
1792 4347 1925 4404 Item

342 4446 463 4491 rota
496 4437 549 4490 in
584 4448 701 4491 rota
722 4480 737 4505 ,
784 4439 1009 4515 spiritus
1049 4440 1104 4494 in
1137 4449 1252 4495 rota
1302 4439 1619 4511 pratdicatio
1648 4441 1925 4513 Evangelii

343 4528 398 4582 in
432 4530 637 4585 mundo
665 4545 906 4602 gyrans:
939 4531 1175 4602 Spiritus
1204 4533 1257 4587 in
1286 4543 1402 4588 rota
1434 4532 1668 4605 Spiritus
1703 4544 1927 4588 sanctus

344 4623 397 4677 in
424 4622 743 4696 Evangelio.
767 4624 899 4682 item
928 4642 1022 4683 vas
1047 4627 1294 4697 linteum,
1313 4637 1367 4685 et
1395 4643 1558 4699 super
1589 4629 1768 4700 ipsum
1797 4644 1927 4693 qua-

345 4727 469 4771 tuor
510 4719 669 4774 linea:
712 4730 945 4789 quatuor
994 4721 1356 4792 evangelistas
1408 4720 1759 4792 signiﬁcant:
1811 4720 1928 4775 hate

344 4823 501 4877 sunt,
526 4811 727 4868 munda
771 4824 825 4868 et
871 4813 1144 4868 immunda
1171 4859 1186 4883 ,
1229 4812 1399 4868 Judaei
1440 4821 1493 4866 et
1536 4812 1759 4868 Gentes.
1792 4811 1924 4867 item

341 4917 571 4979 quatuor
594 4908 845 4964 animalia
891 4907 1097 4964 habent
1131 4909 1320 4965 oculos
1368 4918 1493 4963 ante
1530 4919 1584 4965 et
1628 4920 1780 4965 retro
1814 4908 1927 4963 cla-

342 5003 541 5059 mantia
564 5045 580 5073 ,
616 5001 842 5060 Sanctus
874 5019 892 5058 :
932 5014 1166 5075 quatuor
1209 5003 1552 5075 evangelista:
1591 5012 1741 5059 sunt.
1790 5002 1924 5059 item

412 5206 680 5265 “Videtur
720 5205 848 5263 hinc
890 5203 1163 5262 excidisse
1206 5203 1383 5271 locus,
1422 5216 1584 5274 quem
1629 5200 1822 5258 alludit
1858 5216 1926 5258 ex

343 5281 536 5339 Cenes.
553 5297 672 5351 cap.
694 5295 741 5334 1:
762 5274 834 5352 Et
852 5280 1040 5349 [iuvius
1061 5276 1412 5352 egrediebatur
1517 5276 1629 5352 loco
1650 5275 1928 5352 voluptatis

344 5356 411 5406 ad
437 5347 767 5423 irrigandum
798 5347 1112 5423 Paradisum
1134 5390 1149 5415 ,
1178 5350 1267 5419 qui
1290 5348 1411 5400 inde
1437 5347 1686 5423 diuiditur
1711 5347 1765 5423 in
1793 5362 1927 5418 qua-

344 5434 459 5479 tuor
494 5418 959 5495 cdpita.gProinde
979 5424 1079 5477 erit
1104 5423 1233 5495 etin
1256 5420 1607 5489 sequentibus
1638 5418 1929 5495 restituen-

342 5497 441 5551 dus
471 5488 624 5551 locus
650 5492 715 5548 ad
748 5494 891 5547 hunc
919 5493 1033 5547 fere
1059 5493 1298 5559 modum,
1322 5488 1548 5560 quatuor
1576 5488 1924 5560 evangelistas

341 5567 671 5651 signiﬁcant“:
710 5563 926 5651 F'luvius
959 5563 1492 5651 fo‘ntem.significut.,
1533 5562 1722 5651 idest,

342 5632 497 5763 altum,
527 5646 583 5693 et
626 5636 822 5691 Confer
866 5632 1178 5691 Drtithmari
1225 5632 1631 5707 Expositionem
1675 5635 1729 5688 in
1782 5632 1919 5690 Mat-

344 5720 564 5763 ttmum.
1884 5752 1890 5763 ι

344 5720 564 5763 timum.
1324 5764 1328 5767 _
1884 5752 1890 5767 ,

414 5778 442 5816 δ
497 5777 804 5868 Legendum
829 5788 1058 5868 “arctos,
1100 5779 1271 5868 dys‘is‘,
1316 5780 1568 5868 cantate,
1595 5777 1920 5868 mesembria,

342 5850 531 5909 Graec
576 5848 781 5927 ἄρκτος,
825 5848 993 5920 δύσις,
1035 5848 1276 5917 inimicitia,
1314 5852 1624 5927 μεσημϐρία.
1658 5849 1789 5923 Qua:
1818 5864 1924 5905 non

1949 4590 2006 4653 D

2042 526 2477 585 benedictionem
2499 574 2513 597 ,
2545 527 2789 584 secundo
2818 541 2914 597 per
2944 528 3179 593 lentem,
3211 530 3373 585 tertio
3411 540 3508 597 per
3535 526 3629 582 bc-

2038 620 2404 677 nedictionem
2432 636 2445 675 :
2480 620 2626 677 Esau
2650 619 2926 675 diabolum
2950 620 3236 689 signiﬁcat,
3266 620 3439 677 J‘acob
3465 617 3629 675 Chri-

2036 722 2203 780 stum,
2237 715 2326 784 qui
2347 714 2520 785 ipsum
2552 722 2634 769 ter
2661 712 2865 768 vleitet
2891 712 3261 784 supplantavit
3294 730 3306 767 :
3338 714 3411 767 ita
3441 721 3494 767 et
3520 720 3623 766 nos

2039 804 2302 861 debemus
2344 806 2695 877 supplantare
2743 804 2965 860 fratrem
3018 814 3263 859 nostrum
3316 803 3629 869 diabolum,

2039 898 2170 953 treis
2206 896 2417 953 vicibus
2436 939 2452 965 ,
2480 896 2533 953 in
2563 894 2939 967 cegitatione,
2963 896 3016 950 iu
3049 895 3243 963 verbo,
3275 904 3330 951 et
3360 895 3415 950 in
3441 909 3627 965 opere.

2036 991 2163 1047 ideo
2185 990 2355 1046 frater
2377 1000 2565 1046 noster
2584 998 2690 1057 est,
2718 989 2844 1060 quia
2876 989 3019 1043 Deus
3048 987 3226 1056 ipsum
3259 988 3473 1043 creavit
3496 1027 3510 1051 ,
3539 987 3631 1057 qui
3684 990 3691 993 ’

2035 1092 2092 1141 et
2122 1096 2252 1149 nos,
2298 1098 2467 1139 unum
2514 1090 2720 1152 patrem
2767 1081 3032 1137 habemus
3065 1081 3271 1136 Deum:
3320 1093 3371 1135 et
3428 1080 3627 1134 bonum

2036 1177 2185 1233 illum
2227 1179 2437 1233 creavit
2459 1218 2476 1243 ,
2518 1176 2614 1232 sed
2640 1188 2738 1245 per
2764 1188 2929 1232 suum
2955 1175 3147 1230 vitium
3178 1172 3543 1244 superbiendo
3568 1187 3635 1227 se

2033 1269 2293 1340 privavit.
2320 1270 2568 1338 Quatuor
2602 1269 2954 1338 evangelicae
2994 1267 3303 1339 signiﬁcant
3344 1264 3632 1322 blatthaens

2034 1362 2228 1422 faciem
2248 1362 2519 1419 hominis:
2549 1361 2723 1417 Lucas
2746 1361 2936 1417 vituli:
2961 1362 3174 1417 Marcus
3206 1361 3380 1417 leonis
3414 1377 3429 1417 :
3462 1359 3635 1416 Joan-

2033 1470 2134 1515 nes
2162 1456 2359 1528 aquilae
2388 1468 2402 1511 :
2435 1442 2699 1512 Dominus
2728 1453 2890 1510 Iesus
2918 1453 3172 1509 Christus
3212 1462 3383 1509 totum
3429 1452 3627 1521 imple-

2033 1551 2133 1620 vit,
2179 1551 2344 1606 homo
2384 1544 2681 1612 nascendo,
2713 1545 2921 1602 vitulus
2968 1544 3338 1611 immolando,
3379 1544 3467 1599 leo
3514 1558 3635 1598 sur-

2034 1644 2232 1715 geudo;
2283 1640 2463 1712 aquila
2509 1638 2878 1703 ascendendo.
2929 1632 3069 1693 ilota
3097 1636 3152 1692 in
3200 1645 3357 1705 rota,
3409 1636 3530 1706 lege
3578 1636 3633 1687 in

2035 1740 2210 1810 legem
2237 1780 2252 1804 ,
2282 1746 2443 1794 vetus
2484 1736 2539 1791 in
2586 1744 2818 1792 novum.
2858 1730 2971 1787 Cur
3010 1737 3245 1801 quatuor
3284 1726 3635 1798 evangelista:

2037 1848 2146 1893 non
2177 1848 2274 1906 per
2302 1840 2531 1903 quatuor
2551 1828 2832 1900 apostolos
2860 1826 3197 1891 scribuntur,
3226 1822 3333 1879 nisi
3363 1836 3463 1894 per
3492 1820 3633 1877 duos

2038 1927 2364 1999 discipulos,
2393 1935 2450 1981 et
2487 1924 2625 1980 duos
2660 1922 2967 1993 apostolos,
3028 1921 3149 1991 quia
3200 1916 3295 1975 ﬁlii
3345 1917 3516 1975 Jacob
3560 1918 3633 1971 de

2039 2018 2248 2078 duabus
2295 2016 2482 2075 liberis
2505 2059 2521 2084 ,
2549 2020 2606 2071 et
2632 2014 2842 2071 duabus
2887 2012 3105 2069 ancillis
3135 2012 3246 2068 nati
3291 2020 3437 2068 sunt.
3488 2009 3627 2066 Mat-

2040 2112 2215 2169 thteus
2253 2109 2405 2166 mel:
2450 2107 2665 2165 Marcus
2715 2106 2840 2164 iac:
2888 2105 3063 2161 Lucas
3111 2104 3338 2161 oleum:
3392 2103 3633 2159 Joannes

2039 2207 2245 2263 vinum.

2108 2301 2178 2361 IN
2219 2296 2674 2358 EVANGELIUM
2719 2296 3089 2356 SECUNDUM
3121 2291 3558 2353 ΜΑΤἸἮΛΕΗΜ.

2110 2394 2267 2451 Liber
2324 2393 2675 2465 generationis
2724 2390 2853 2447 Jesu
2910 2389 3099 2446 Christi
3154 2388 3254 2459 ﬁlii
3309 2383 3484 2440 David
3539 2381 3640 2453 ﬁlii

2040 2490 2281 2545 Abrahw.
2328 2487 2457 2544 ideo
2486 2485 2624 2541 duos
2657 2492 2843 2557 patres
2887 2484 3177 2548 nominat,
3212 2480 3334 2553 quia
3369 2479 3436 2534 de
3469 2477 3637 2533 David

2038 2583 2285 2640 dicitur:
2330 2583 2409 2638 De
2449 2582 2623 2657 fructu
2669 2579 2862 2635 ventris
2911 2580 2984 2634 tui
3027 2592 3213 2652 ponam
3256 2591 3412 2647 super
3454 2574 3629 2628 sedem

2038 2693 2225 2732 meam.
2266 2675 2343 2732 De
2387 2674 2663 2731 Abraham
2694 2671 2893 2729 dicitur
2922 2690 2936 2727 :
2981 2671 3049 2726 In
3076 2670 3271 2725 semine
3301 2676 3388 2723 tuo
3419 2664 3631 2721 benedi-

2036 2780 2220 2828 centur
2248 2784 2423 2824 omnes
2449 2777 2637 2841 gentes.
2670 2766 2796 2822 ideo
2827 2765 2995 2820 David
3024 2772 3149 2819 ante
3178 2760 3449 2817 Abraham
3493 2757 3633 2813 scri-

2037 2863 2209 2930 bitur,
2238 2861 2361 2927 quia
2407 2857 2763 2930 propinquior
2810 2866 2895 2911 est
2934 2855 3152 2910 Christo
3204 2853 3273 2907 de
3322 2852 3418 2907 illo
3454 2851 3628 2919 stirpe

2042 2953 2336 3011 nascendo.
2380 2951 2545 3007 Jacob
2574 2950 2752 3024 genuit
2777 2947 2978 3019 Joseph
3004 2990 3017 3014 ,
3052 2946 3349 3002 secundum
3396 2939 3634 2996 creatio-

2037 3066 2163 3107 nem
2200 3049 2372 3105 dixit:
2421 3047 2595 3103 Lucas
2644 3043 2946 3101 secundum
2977 3042 3151 3113 legem
3191 3039 3349 3101 dixit,
3399 3044 3460 3090 ut
3491 3034 3632 3089 ﬁlius

2038 3142 2156 3200 Heli
2185 3150 2350 3199 esset.
2378 3138 2507 3196 ideo
2537 3137 2794 3194 mulieres
2822 3138 2872 3190 in
2898 3131 3215 3207 genealogia
3244 3127 3449 3185 Christi
3478 3134 3627 3187 sunt,

2038 3236 2162 3306 quia
2200 3236 2332 3305 ipsa:
2376 3231 2443 3287 ad
2489 3231 2655 3286 vitam
2702 3237 2969 3285 aeternam
3020 3224 3246 3279 veniunt
3295 3231 3353 3274 ut
3386 3219 3532 3273 viri:
3577 3224 3632 3274 et

2037 3328 2160 3384 ideo
2198 3333 2510 3399 peccatores
2540 3324 2595 3379 in
2636 3320 2948 3392 genealogia
3001 3315 3207 3371 Christi
3254 3311 3627 3377 nominantur,

2035 3421 2160 3493 quia
2193 3420 2308 3490 ipse
2333 3417 2469 3474 dixit
2501 3434 2514 3471 :
2549 3415 2676 3470 Non
2705 3413 2817 3468 ueni
2846 3426 3030 3467 vocare
3046 3412 3246 3482 justas,
3272 3405 3361 3459 sed
3384 3410 3629 3477 peccato-

2034 3533 2137 3571 res.
2180 3512 2357 3569 Lucas
2404 3509 2475 3565 de
2522 3506 2743 3563 Christo
2790 3503 2861 3558 ab
2906 3500 3079 3558 Adam
3124 3499 3335 3568 dicens,
3385 3495 3626 3552 ostendit

2035 3604 2178 3679 quod
2206 3620 2304 3673 per
2329 3600 2533 3657 Christi
2558 3611 2730 3669 genus
2758 3595 2888 3651 Δότε
2917 3590 3150 3648 solvitur
3176 3606 3207 3645 a
3237 3597 3485 3661 peccato,
3517 3587 3632 3642 sive

2033 3698 2177 3769 quod
2205 3695 2273 3750 de
2299 3692 2517 3749 Christo
2548 3697 2769 3755 exeunt,
2793 3688 2880 3757 qui
2913 3692 3261 3740 revertuntur
3291 3681 3358 3737 ad
3386 3681 3624 3737 Patrem.

2034 3792 2230 3862 Figura
2246 3803 2352 3844 xui
2372 3786 2610 3841 virorum
2635 3784 2685 3837 in
2701 3779 3015 3852 genealogia
3038 3775 3259 3838 Christi,
3281 3777 3382 3829 hoc
3398 3782 3627 3839 est,-xr.u

2033 3881 2340 3938 mansiones
2380 3878 2504 3933 ﬁliis
2534 3874 2700 3932 israel
2726 3874 2795 3929 ab
2832 3871 3089 3943 Egypto,
3118 3882 3288 3938 usque
3310 3868 3377 3921 ad
3411 3876 3616 3921 terram

2032 3970 2497 4044 repromissionis,
2525 3968 2580 4025 id
2606 3975 2712 4033 est,
2744 3965 2812 4020 de
2842 3962 3047 4020 mundo
3074 3961 3141 4017 ad
3187 3961 3385 4017 ctelum
3420 3976 3434 4014 :
3470 3960 3620 4028 quod

2032 4066 2303 4137 signiﬁcat
2321 4080 2423 4137 per
2449 4072 2603 4119 terna
2632 4074 2833 4132 genera
2863 4059 3049 4114 venire
3077 4056 3144 4111 ad
3178 4055 3456 4109 Christum
3477 4096 3490 4118 ,
3527 4067 3626 4121 per

2033 4160 2218 4222 ﬁdem,
2243 4173 2418 4229 spem,
2453 4165 2509 4211 et
2529 4153 2870 4209 charitatem.
2897 4149 3038 4219 Quid
3079 4163 3175 4219 per
3199 4162 3311 4213 xxv,
3341 4145 3444 4200 nisi
3473 4159 3568 4213 per
3588 4160 3622 4198 ι

2030 4256 2197 4313 verba
2228 4254 2409 4324 chis,
2444 4261 2498 4307 et
2526 4265 2624 4322 per
2645 4258 2879 4321 quatuor
2905 4248 3135 4301 virtutes
3158 4259 3172 4299 :
3195 4243 3365 4312 prima
3390 4239 3627 4309 pruden-

2032 4352 2137 4419 tia,
2170 4347 2375 4405 servire
2408 4346 2547 4412 Deo,
2581 4358 2688 4398 non
2719 4341 2879 4397 idolis
2910 4357 2924 4395 :
2956 4336 3195 4395 secunda
3229 4331 3613 4401 temperantia,

2029 4459 2137 4499 non
2170 4438 2560 4510 concupiscere
2589 4453 2604 4492 :
2639 4436 2793 4490 tertia
2830 4432 3038 4504 justitia
3063 4476 3076 4499 ,
3112 4444 3219 4483 non
3257 4424 3570 4481 adulterare
3601 4441 3613 4475 :

2028 4546 2217 4608 quarta
2253 4531 2513 4589 fortitudo
2534 4574 2548 4600 ,
2580 4529 2882 4595 dimittere,
2916 4540 3025 4581 non
3057 4522 3327 4579 occidere.
3357 4520 3460 4573 Per
3492 4532 3623 4589 qua-

2030 4638 2152 4685 tuor
2184 4625 2284 4681 fuit
2314 4624 2547 4697 perditio
2578 4620 2788 4688 mundi,
2821 4634 2919 4690 per
2950 4619 3152 4681 virum,
3181 4627 3279 4685 per
3308 4609 3616 4674 mulierem,

2028 4739 2126 4796 per
2148 4722 2370 4793 lignum,
2400 4735 2497 4790 per
2519 4726 2849 4788 serpentem,
2880 4721 2933 4767 et
2963 4726 3062 4781 per
3082 4716 3315 4780 quatuor
3339 4712 3615 4759 restaura-

2029 4826 2115 4871 tur
2140 4859 2154 4883 ,
2190 4828 2287 4884 per
2314 4811 2590 4867 Christum
2611 4852 2626 4876 ,
2673 4821 2770 4876 per
2806 4804 3030 4874 Mariam
3056 4843 3070 4865 ,
3107 4812 3205 4870 per
3228 4810 3444 4853 crucem
3466 4837 3481 4861 ,
3524 4810 3621 4864 per

2028 4909 2199 4963 virum
2241 4904 2465 4974 losepli.
2512 4903 2751 4969 Serpens
2779 4897 2870 4966 qui
2901 4895 3000 4951 fuit
3042 4894 3097 4948 in
3144 4890 3309 4946 israel
3337 4887 3615 4944 Christum

2028 4997 2355 5073 signiﬁcavit
2388 5013 2401 5049 :
2451 4996 2573 5065 ipsa
2601 4993 2669 5047 de
2708 5005 2833 5046 aere
2874 4987 3015 5044 facta
3054 4999 3179 5041 cum
3207 4990 3442 5055 quatuor
3484 4980 3622 5039 rotis

2036 5195 2340 5262 stellarum,
2381 5198 2442 5247 ut
2483 5194 2672 5246 auctor
2706 5198 2900 5251 vocat,
2943 5186 3039 5243 sed
3067 5194 3295 5262 quatuor
3335 5186 3619 5262 plagarum

2036 5266 2229 5323 mundi
2284 5258 2409 5321 sunt
2460 5264 2676 5318 nomina
2732 5279 2745 5313 :
2800 5273 3030 5330 quorum
3101 5258 3371 5329 prioribus
3425 5258 3624 5315 litteris

2035 5339 2231 5397 Adami
2277 5350 2474 5391 nomen
2519 5331 2837 5404 signiﬁcari,
2886 5332 3051 5404 etiam
3094 5330 3336 5404 apudUS.
3388 5330 3619 5404 August.

2034 5418 2243 5466 tractat.
2277 5409 2347 5475 Χ,
2383 5410 2435 5462 in
2464 5401 2620 5461 Joan.
2652 5411 2707 5461 et
2743 5411 2970 5457 tractatu
3001 5401 3070 5475 de
3102 5401 3370 5475 utentibus
3401 5402 3529 5454 Sina
3561 5407 3619 5454 et

2031 5485 2159 5539 Sion
2208 5481 2275 5538 ad
2326 5473 2531 5537 calcem
2579 5477 2636 5535 S.
2685 5475 2970 5545 Cypriani,
3006 5473 3363 5545 iAﬁmalarium
3388 5486 3619 5545 quoque

2027 5555 2383 5610 Fortunatutn
2414 5552 2514 5617 1.1,
2544 5564 2594 5605 c.
2625 5549 2680 5612 7,
2705 5542 2777 5601 de
2811 5546 2956 5601 Eccl.
2986 5544 3329 5617 Ol'licsatquc
3354 5542 3488 5617 alios
3513 5555 3617 5596 tra-

2024 5626 2197 5681 ditum
2236 5635 2341 5683 est.
2381 5614 2589 5681 Sed—et
2626 5619 2820 5691 Sibyll.
2850 5616 3078 5674 Oracula
3112 5615 3209 5670 lib.
3250 5630 3309 5669 ιι.
3350 5614 3615 5670 Adamum

2027 5709 2220 5756 vocant

2522 5804 2533 5840 Σ
2567 5809 2580 5842 ζ
2614 5828 2625 5840 .
2662 5797 2822 5849 τῶνυμα
2840 5797 3079 5846 πληρώσαντα

2401 5860 2573 5913 Ᾰιτολὶην
2597 5880 2635 5906 τι
2660 5863 2762 5905 duo“
2784 5877 2823 5905 τι
2843 5862 3065 5913 μισηίισρὶαν
3089 5872 3128 5901 τι
3151 5859 3210 5899 nl
3227 5854 3369 5908 ἄφιτον.
