4050 6198
460 174 570 234 555

1492 177 1554 236 S.
1594 172 1974 233 HIEBONYMI
2010 173 2293 235 OPERUM
2330 171 2693 233 MANTISSA.

3644 174 3767 238 538

459 290 715 347 rotundis
745 310 761 349 :
803 294 899 363 qui
936 305 1055 349 eam
1102 290 1364 346 videbant
1395 289 1749 345 sanabantur.
1782 286 1854 343 Et
1878 287 2055 343 eleva-
2078 288 2133 349 Α
2160 293 2353 355 factum
2382 294 2479 351 est,
2510 286 2562 341 id
2589 293 2695 352 est,
2726 284 2873 357 quod
2897 285 3123 359 angelus
3143 285 3283 343 dixit
3312 294 3414 343 :ut
3435 286 3759 361 adimplere-

460 384 543 439 vit
586 385 741 440 illum
784 386 841 440 in
870 393 1029 453 caput
1074 382 1272 451 virgae,
1308 389 1370 436 ut
1400 381 1498 435 toti
1539 379 1789 435 viderent
1818 394 1974 444 eam,
2002 386 2059 435 et

465 480 734 551 fugissent
763 478 1011 533 animalia
1042 476 1284 545 deserti,
1329 490 1441 546 prae
1468 476 1665 529 timore
1702 483 1940 527 rotarum
1962 514 1978 538 ,
2002 481 2059 528 et

463 575 542 629 sic
573 574 940 643 unusquisque
969 579 1191 625 sanatus
1220 578 1337 637 est,
1372 570 1415 623 si
1450 568 1749 637 inspexerit
1776 566 2055 622 Christum

465 667 522 722 in
562 675 722 735 caput
749 664 915 734 virgae
939 704 954 730 ,
996 663 1049 717 id
1086 660 1217 732 est,
1261 662 1316 717 in
1357 675 1596 717 crucem.
1628 660 1870 728 Quatuor
1894 668 2056 727 rotat,

463 766 694 830 quatuor
727 755 1095 827 evangelistas
1128 755 1437 825 signiﬁcant
1466 773 1478 807 :
1512 755 1594 809 sic
1634 753 1771 825 fugit
1809 753 2057 811 diabolus

463 851 843 922 Evangelium,
875 850 1092 921 quando
1132 858 1292 904 sonat
1320 849 1375 904 in
1405 848 1627 905 coelum.

523 942 719 999 Christi
747 949 921 996 autem
945 941 1207 1014 generatio
1231 941 1307 995 sic
1333 949 1464 994 erat.
1509 940 1564 995 ld
1613 948 1721 1008 est,
1753 940 2057 998 secundum

454 1051 700 1101 carnem,
740 1035 1020 1091 dixerunt.
1054 1033 1184 1091 Ideo
1210 1033 1415 1091 Christi
1444 1033 1670 1103 dicitur,
1720 1042 1780 1090 ut
1821 1035 1892 1089 ab
1936 1035 2060 1106 ipso

452 1129 760 1187 derivativo
814 1129 1082 1187 vocabulo
1117 1128 1414 1186 Christiani
1442 1136 1756 1185 vocentur:
1804 1145 1902 1201 per
1944 1138 2062 1202 ety-

453 1224 749 1295 mologiam
794 1225 995 1280 iterum
1025 1221 1307 1289 Christus,
1345 1222 1399 1279 id
1436 1232 1539 1290 est,
1570 1231 1779 1291 unctus,
1812 1222 1939 1294 quia
1966 1238 2063 1295 per

450 1317 630 1390 ipsum
675 1327 805 1391 post
853 1320 1133 1375 lavacrum
1162 1317 1420 1374 chrisma:
1461 1317 1780 1373 unctionem
1813 1316 2062 1388 percepi-

453 1428 599 1469 mus.
630 1412 723 1470 Sic
753 1420 875 1470 erat
919 1427 1016 1481 per
1046 1411 1431 1467 aeternitatem.
1469 1410 1643 1468 Sonat
1695 1409 1882 1479 Maria,
1914 1409 2063 1465 stella

450 1507 647 1571 maris;
676 1506 800 1575 quia
830 1505 990 1561 stella
1017 1505 1193 1561 dulcis
1224 1514 1334 1569 est,
1369 1520 1519 1561 mare
1562 1513 1589 1542 ⁸
1638 1519 1883 1560 amarum
1941 1514 2057 1575 est;

2160 390 2243 435 tur
2270 381 2407 448 quod
2429 379 2623 434 dictum
2647 387 2722 435 est
2753 396 2785 432 a
2810 376 3056 448 Domino,
3090 379 3144 437 id
3175 389 3279 448 est,
3310 396 3408 451 per
3429 380 3761 452 prophetam

2160 473 2348 528 Isaiam
2370 471 2439 528 de
2461 470 2700 538 Christo,
2724 472 2815 527 hic
2843 472 2911 527 ad
2944 473 3181 529 litteram
3202 482 3433 530 tantum.
3463 473 3598 529 Ecce
3613 476 3763 549 virgo

2157 567 2213 621 in
2240 576 2384 621 utero
2413 566 2635 635 habebit,
2667 575 2719 622 et
2755 567 2952 623 t'ocabit
3000 584 3185 622 nomen
3231 573 3344 639 ejus
3398 568 3712 626 Emmanuel
3740 588 3762 629 :

2161 659 2286 717 ideo
2315 660 2421 717 hoc
2449 676 2646 717 nomen
2694 660 3113 734 interpretatum
3144 661 3319 735 [Fort.
3365 662 3761 735 ininterpreta-

2161 751 2297 823 tum]
2330 761 2435 819 est,
2464 754 2592 824 quia
2631 752 2686 809 in
2726 763 2958 825 utraque
3004 754 3188 826 lingua
3230 754 3507 812 excelsum
3556 756 3762 815 dicitur

2160 844 2427 902 nobiscum
2447 845 2606 913 Deus,
2634 846 2690 902 id
2717 858 2822 912 est,
2847 847 2995 903 Deus
3015 855 3071 903 et
3094 846 3283 917 homo,
3308 848 3363 903 in
3388 863 3498 903 una
3525 848 3635 905 ﬁde
3663 850 3761 908 sit.

2162 937 2310 994 Fecit
2353 943 2489 993 sicut
2519 939 2765 1011 praecepit
2811 938 2859 992 ei
2907 939 3162 1011 angelus:
3188 940 3428 996 ostendit
3456 939 3605 1011 quod
3642 942 3765 1013 ipse

2162 1030 2431 1087 visionem
2480 1031 2695 1089 Domini
2738 1032 2940 1089 meruit
2980 1032 3192 1103 videre,
3243 1034 3334 1106 qui
3378 1034 3512 1092 iecit
3536 1034 3681 1092 sicut
3708 1037 3764 1093 ei

2164 1124 2447 1194 praecepit.

2239 1214 2305 1270 Et
2334 1231 2437 1271 non
2460 1215 2796 1288 cognoscebat
2821 1232 2957 1284 eam,
2978 1217 3141 1274 donec
3168 1219 3368 1290 peperit
3394 1218 3563 1289 ﬁlium
3582 1236 3762 1276 suum.

2165 1309 2352 1366 Donec
2382 1324 2481 1381 pro
2504 1306 2531 1347 ἀ
2559 1326 2850 1381 numquam
2881 1310 3102 1368 dicitur.
3136 1311 3535 1384 Primogenitus
3560 1314 3614 1370 in
3642 1314 3766 1385 lege

2166 1401 2387 1469 dicitur,
2429 1403 2521 1474 qui
2571 1404 2726 1474 prius
2756 1405 2970 1474 aperuit
2997 1406 3235 1461 vulvam.
3294 1406 3413 1463 Non
3457 1423 3615 1476 quem
3665 1423 3765 1465 se-

2166 1501 2407 1567 quuntur
2432 1494 2549 1563 ﬁlii,
2583 1494 2679 1551 sed
2729 1496 2819 1567 qui
2869 1497 3023 1567 prius
3068 1498 3333 1554 nascitur.
3374 1497 3617 1556 Christus
3658 1515 3765 1571 pro

454 1598 537 1653 sic
566 1597 759 1661 Maria,
793 1597 847 1651 in
882 1597 1019 1652 mari
1080 1595 1271 1653 mundi
1308 1595 1411 1651 fuit
1458 1597 1599 1653 inter
1627 1605 1944 1668 peccatores
1974 1613 2067 1653 ve-
2170 1590 2346 1646 tribus
2373 1590 2569 1646 dicitur
2593 1590 3007 1662 primogenitus,
3037 1592 3093 1648 in
3118 1594 3517 1650 resurrectione
3544 1609 3575 1649 a
3607 1609 3767 1651 mor-

458 1691 540 1745 lut
570 1690 730 1746 stella
786 1690 955 1745 maris
987 1708 1001 1745 :
1033 1689 1159 1761 quia
1211 1699 1267 1743 ut
1310 1704 1457 1743 mors
1497 1698 1603 1755 est,
1634 1689 1791 1744 stella
1817 1690 1965 1745 viros
1992 1688 2060 1745 ad
2090 1686 2138 1748 B
2166 1682 2293 1749 ῑυίδν
2324 1692 2380 1738 ei
2404 1697 2436 1737 a
2463 1683 2650 1749 Maria.
2676 1691 2732 1739 ει
2756 1698 2791 1737 3
2815 1685 3101 1741 creaturis.
3134 1684 3264 1742 Cum
3305 1704 3427 1758 ergo
3455 1697 3606 1743 natus
3634 1700 3766 1745 esset

456 1794 679 1855 portum
709 1784 954 1852 adducit,
1001 1784 1045 1837 si
1102 1794 1401 1853 sequantur
1454 1782 1601 1837 illam
1632 1800 1645 1835 :
1675 1783 1755 1838 sic
1807 1783 1974 1838 Maria
2005 1785 2060 1839 in

457 1876 663 1932 mundo
694 1874 784 1930 ubi
818 1885 975 1930 natus
1028 1881 1113 1930 est
1152 1873 1426 1942 Christus,
1456 1873 1547 1943 qui
1580 1888 1771 1927 omnes
1796 1873 1862 1928 ad
1896 1875 2059 1930 vitam

456 1968 629 2034 ducit,
676 1968 721 2023 si
764 1975 1061 2038 sequantur
1085 1966 1268 2021 illum.
1302 1965 1629 2037 Desponsata
1655 1972 1819 2019 mater
1840 1968 1975 2038 ejus,
2003 1966 2060 2022 id

456 2070 563 2129 est,
598 2075 697 2130 pro
726 2068 961 2130 quatuor
981 2061 1187 2129 causis,
1215 2068 1275 2115 ut
1306 2075 1415 2116 non
1456 2060 1789 2131 lapidaretur
1812 2072 1870 2115 ut
1899 2060 2058 2115 adul-

454 2170 573 2215 tera
600 2202 616 2227 ,
647 2168 703 2215 et
734 2167 792 2214 ut
814 2159 868 2214 in
897 2160 1072 2230 fugam
1108 2160 1336 2216 haberet
1371 2158 1632 2216 sntatium
1655 2162 1689 2228 ,‘
1716 2168 1773 2215 et
1802 2160 2058 2230 genealo-

456 2252 542 2322 gia
574 2250 785 2308 Christi
829 2266 930 2322 per
958 2251 1186 2323 Joseph,
1218 2262 1276 2308 ut
1300 2262 1490 2323 partus
1518 2254 1791 2309 celaretur
1815 2253 2054 2309 diabolo.

456 2342 745 2411 Antequam
786 2345 1140 2411 convenirent,
1169 2343 1225 2399 id
1252 2352 1357 2410 est,
1389 2354 1677 2414 antequam
1728 2344 1954 2400 fuissent
2000 2344 2058 2401 in

453 2433 482 2473 δ
514 2449 620 2505 qua
651 2433 1027 2491 habitatione:
1073 2438 1282 2493 inventa
1311 2445 1383 2492 est
1415 2436 1478 2490 ab
1522 2434 1718 2508 Ioseph
1766 2438 1822 2490 in
1858 2446 2006 2493 utero
2037 2454 2056 2492 :

454 2541 565 2582 non
593 2526 647 2581 in
669 2526 849 2592 vulva,
874 2536 934 2582 ut
957 2527 1173 2594 mulier,
1206 2527 1303 2585 sed
1334 2538 1394 2583 ut
1423 2528 1602 2598 virgo,
1626 2526 1817 2582 habens
1843 2528 1915 2609 de
1936 2530 2060 2599 Spi-

451 2621 558 2675 ritu
588 2629 788 2686 sancto,
821 2620 873 2676 id
917 2630 1023 2691 est,
1054 2621 1231 2677 factus
1273 2638 1342 2678 ex
1388 2620 1594 2693 Spiritu
1623 2622 1885 2692 Spiritus,
1917 2622 2060 2679 sicut

456 2714 576 2784 ipse
623 2714 756 2770 facit
810 2729 1034 2785 pomum
1086 2730 1251 2787 super
1278 2716 1504 2787 lignum,
1538 2724 1593 2772 et
1638 2714 1805 2771 Evam
1834 2715 1903 2773 de
1932 2730 2057 2774 osse

461 2806 619 2863 Adae.

531 2898 727 2970 Ioseph
766 2908 939 2956 autem
988 2902 1068 2956 vir
1116 2903 1259 2973 ejus;
1310 2900 1434 2957 ideo
1477 2901 1563 2957 vir
1589 2900 1707 2971 ejus
1754 2901 1972 2969 dicitur,
2000 2911 2057 2960 et

459 2993 586 3049 ideo
600 2996 798 3065 justus,
844 3009 915 3049 ne
949 2994 1040 3048 alii
1070 2993 1420 3050 humanitatis
1450 2994 1886 3065 coniunctionem
1929 3012 2054 3052 sus-

2163 1773 2349 1841 Jesus,
2374 1783 2484 1830 tres
2506 1774 2794 1832 conﬁrmat
2822 1792 3037 1845 causas,
3074 1778 3283 1846 locum,
3308 1789 3547 1850 tempus,
3575 1796 3765 1851 perso-

2163 1881 2287 1922 nam
2318 1883 2334 1920 :
2363 1868 2418 1921 in
2447 1866 2747 1923 Bethlehem
2775 1888 2786 1922 :
2820 1852 3003 1941 aptum
3037 1871 3157 1939 fuit,
3185 1871 3314 1943 quia
3339 1882 3361 1911 θ
3394 1874 3581 1930 domus
3611 1877 3763 1948 panis

2163 1959 2580 2030 interpretatur,
2607 1972 2666 2016 ut
2688 1962 2762 2017 ibi
2792 1965 2947 2033 panis
2967 1965 3124 2020 vivus
3152 1966 3395 2023 caelestis
3423 1980 3758 2027 nasceretur.

2161 2050 2299 2108 Juda
2327 2060 2413 2109 est
2439 2055 2653 2124 respice
2677 2054 2994 2114 Bethlehem
3021 2059 3289 2128 gentium.
3332 2056 3403 2114 In
3442 2060 3625 2115 diebus
3652 2060 3762 2116 He-

2162 2147 2306 2201 rodis
2334 2147 2493 2218 regis,
2524 2148 2578 2202 id
2609 2158 2712 2212 est,
2740 2149 2909 2205 refert
2938 2166 3097 2222 reges
3143 2161 3199 2207 et
3238 2153 3405 2209 duces
3441 2153 3671 2223 Judzetc,
3704 2166 3759 2213 ut

2160 2238 2364 2294 dictum
2412 2248 2496 2295 est
2526 2258 2538 2293 :
2570 2238 2693 2294 Non
2723 2242 2924 2311 deﬁciet
2953 2244 3197 2316 princeps
3223 2245 3287 2300 de
3313 2244 3483 2315 Juda,
3514 2264 3607 2302 nec
3652 2250 3761 2305 dua:

2160 2333 2226 2388 de
2250 2333 2531 2404 femoribus
2561 2336 2694 2406 ejus,
2728 2335 2891 2392 donec
2919 2340 3088 2393 veniat
3127 2341 3211 2393 cui
3262 2341 3628 2412 repromissum
3652 2353 3750 2408 est,

2160 2426 2273 2497 ipse
2302 2426 2402 2480 erit
2430 2429 2742 2499 exspectatio
2773 2430 3027 2500 gentium.
3058 2429 3188 2486 Ideo
3214 2430 3353 2487 dixit
3373 2433 3641 2489 Herodem
3667 2451 3753 2490 re-

2160 2534 2284 2591 gem
2326 2530 2513 2575 contra
2540 2521 2782 2593 Judacos,
2814 2524 2940 2594 quia
2968 2526 3070 2595 ipsi
3101 2525 3357 2582 dixerunt
3393 2527 3460 2583 ad
3504 2544 3747 2595 crucem,

2162 2610 2287 2666 Non
2329 2610 2576 2667 habemus
2627 2630 2797 2686 regem
2848 2616 2946 2670 nisi
2994 2617 3270 2675 Caesarem.
3322 2618 3459 2677 Ecce
3500 2623 3639 2695 magi
3689 2622 3753 2677 ab

2164 2705 2371 2761 Oriente
2388 2707 2602 2761 ueniunt
2632 2726 2644 2761 :
2677 2708 2803 2764 dum
2852 2709 3046 2766 Oriens
3074 2723 3159 2767 est
3188 2713 3281 2782 qui
3309 2714 3602 2784 quaeritur,
3630 2716 3751 2771 ideo

2158 2797 2228 2855 ab
2253 2797 2479 2855 Oriente
2504 2799 2804 2867 indicatur;
2836 2802 2950 2873 ipse
2973 2803 3041 2859 ad
3072 2806 3425 2877 semetipsum
3451 2822 3553 2864 nos
3581 2807 3746 2865 ducit.

2157 2891 2217 2947 in
2248 2893 2588 2965 Jerosolyma
2616 2906 2901 2964 venerunt,
2926 2898 3052 2968 quia
3078 2899 3142 2954 de
3190 2900 3322 2956 Sion
3350 2901 3507 2957 exibit
3539 2903 3658 2971 lex,
3702 2915 3751 2961 et

2160 2986 2369 3041 verbum
2400 2985 2608 3042 Domini
2637 2988 2702 3043 de
2728 2987 3045 3046 Jerusalem.

456 3086 782 3156 picaverint.
814 3084 1005 3140 Noluit
1032 3103 1146 3139 eam
1180 3086 1451 3140 traducere
1483 3103 1501 3139 ε
1533 3085 1586 3141 id
1613 3094 1718 3152 est,
1753 3086 1811 3141 in
1826 3088 2046 3158 judicio,

2232 3078 2473 3134 Dicentes
2500 3080 2587 3134 ubi
2607 3091 2681 3136 est
2700 3084 2791 3153 qui
2811 3093 2958 3138 natus
2983 3093 3059 3140 est
3088 3101 3179 3142 rex
3196 3086 3501 3143 Judazorum
3515 3090 3541 3144 ?
3559 3089 3615 3146 Id
3638 3099 3740 3156 est,

456 3194 528 3234 ne
556 3178 731 3248 legem
784 3179 1110 3234 transisset:
1142 3178 1269 3249 quia
1300 3178 1506 3234 sciebat
1532 3178 1823 3250 virginem,
1857 3191 1913 3235 ut
1940 3181 2057 3238 dia-

454 3270 640 3326 bolum
675 3279 860 3340 partus
892 3269 1012 3339 ejus
1042 3269 1257 3324 lateret.
1309 3267 1440 3324 Htec
1489 3278 1662 3324 autent
1688 3286 1746 3324 eo
1776 3272 2053 3343 cogitante,

458 3362 515 3419 id
544 3372 648 3433 est,
672 3363 967 3429 dimittere,
1003 3377 1072 3417 an
1103 3370 1294 3418 tenere
1322 3362 1615 3432 cogitabat.
1648 3363 1747 3418 llic
1776 3364 2056 3434 praphetia

454 3455 741 3526 impletur,
766 3456 991 3527 Adjutor
1011 3455 1065 3509 in
1092 3454 1587 3527 opportunitatibus,
1614 3455 1669 3509 in
1695 3456 2052 3513 tribulatione.

453 3550 690 3622 Angelus
720 3550 934 3605 Domini
963 3555 1017 3605 in
1046 3552 1239 3605 somnis
1268 3550 1423 3605 dixit.
1446 3549 1561 3605 Non
1594 3550 1647 3605 in
1678 3564 1893 3617 somno,
1928 3552 2055 3624 quia

457 3645 663 3715 saepius
694 3644 767 3697 illi
799 3645 1025 3714 angelus
1053 3645 1109 3699 in
1137 3645 1345 3700 somnis
1365 3645 1537 3700 venit.
1564 3644 1682 3701 Non
1708 3646 1898 3713 semel,
1926 3648 2053 3719 quia

456 3735 779 3807 mysterium
800 3734 898 3789 Dei
920 3750 1025 3789 non
1054 3744 1236 3805 potest
1262 3751 1598 3808 cognoscere
1618 3739 1788 3795 semel
1818 3757 1831 3793 :
1857 3738 2051 3811 Joseph

458 3828 539 3897 ﬁli
569 3825 761 3891 David,
795 3826 846 3881 id
878 3837 983 3895 cst,
1018 3827 1304 3897 prophetia
1335 3828 1554 3898 impleta
1608 3829 1661 3885 in
1708 3831 1911 3903 Joseph
1955 3848 2052 3904 per

456 3918 628 3975 David
653 3960 667 3983 ,
700 3918 777 3971 De
806 3917 978 3987 [ructu
1009 3919 1202 3973 ventris
1226 3919 1322 3988 tui,
1350 3928 1406 3975 et
1427 3920 1822 3992 reliqua..Noli
1850 3926 2047 3994 timere,

454 4010 509 4065 id
536 4018 637 4077 est,
671 4008 863 4081 dilige,
896 4019 951 4065 et
979 4010 1157 4081 gaude
1200 4010 1510 4083 conjugem,
1554 4030 1661 4069 non
1718 4016 2044 4086 nuptialem;

451 4117 630 4174 neque
650 4103 986 4159 creationem
1041 4100 1215 4176 [Fort.
1262 4103 1607 4178 coitionem],
1638 4107 1735 4163 sed
1764 4109 2046 4166 cohabita-

451 4192 658 4255 tionem
690 4216 705 4253 :
739 4206 885 4254 tuam
918 4198 1077 4265 dixit,
1108 4207 1167 4253 ut
1189 4198 1516 4257 credidisset
1545 4216 1652 4257 non
1680 4203 1750 4257 ab
1787 4204 1917 4270 alio,
1946 4204 2045 4261 sed

446 4290 517 4348 de
545 4290 755 4362 Spiritu
805 4300 993 4351 sancto
1037 4300 1382 4363 conceptum.
1416 4291 1596 4348 Pariet
1632 4294 1824 4364 lilium,
1855 4296 1908 4351 id
1936 4305 2041 4367 est,

445 4392 506 4440 ut
536 4385 713 4455 majus
751 4383 1010 4455 gaudium
1037 4393 1181 4440 esset
1208 4384 1286 4439 illi
1317 4384 1387 4441 de
1412 4384 1547 4454 ﬁlio,
1579 4386 1721 4442 sicut
1767 4387 1909 4444 inter
1937 4388 2040 4446 ho-

2157 3186 2257 3229 rex
2309 3173 2732 3230 confessionum.
2778 3175 2999 3233 Addunt
3052 3192 3271 3235 causam
3321 3180 3742 3253 inquirentibus,

2158 3265 2292 3332 Quis
2303 3265 2439 3321 dixit
2458 3266 2646 3322 vobis?
2667 3268 2887 3325 vidimus
2912 3271 3049 3325 enim
3062 3272 3268 3327 stellam
3286 3274 3399 3346 ejus
3419 3275 3473 3329 in
3500 3274 3710 3333 Oriente
3727 3295 3746 3333 :

2156 3359 2314 3417 stella
2341 3370 2513 3429 muta,
2545 3361 2642 3418 sed
2671 3362 2868 3433 lucida,
2904 3365 3003 3420 lux
3030 3366 3179 3423 ducit
3214 3368 3285 3424 ad
3330 3372 3579 3427 verbum.
3611 3371 3744 3428 Item

2155 3454 2361 3510 stellam
2405 3459 2543 3528 ejus,
2572 3465 2627 3511 et
2678 3472 2783 3512 non
2814 3458 2939 3516 caeli
2970 3469 3027 3516 et
3052 3469 3234 3531 terra),
3292 3479 3506 3521 necnon
3555 3482 3742 3523 eorum

2154 3548 2275 3617 fuit,
2308 3548 2405 3604 sed
2434 3547 2561 3604 Filii
2584 3549 2705 3606 Dei.
2727 3550 2839 3607 Nec
2879 3552 2981 3608 fuit
3008 3563 3198 3624 postea
3228 3570 3332 3614 nec
3363 3566 3522 3617 antea
3549 3560 3739 3615 similis

2153 3642 2371 3699 Christo
2399 3643 2453 3698 in
2484 3658 2672 3713 carne,
2705 3644 2830 3701 ideo
2876 3647 3033 3703 stella
3078 3648 3224 3717 illos,
3258 3662 3316 3705 ut
3365 3652 3601 3708 cmlestis
3626 3667 3737 3709 ca:-

2156 3738 2322 3795 lestes
2350 3737 2418 3794 ad
2445 3738 2725 3795 caelestem
2754 3738 3001 3798 duxisset
3031 3760 3045 3797 :
3074 3752 3133 3799 et
3159 3743 3283 3801 ideo
3314 3760 3425 3801 non
3452 3747 3558 3803 alia
3589 3762 3739 3804 crea-

2154 3840 2274 3887 tura
2296 3830 2392 3887 sed
2427 3842 2600 3897 muta,
2641 3842 2701 3887 ut
2729 3842 2911 3888 mutus
2950 3843 3099 3891 muta
3125 3836 3194 3891 ad
3226 3846 3432 3894 mutum
3471 3838 3733 3897 duxisset.

2150 3925 2460 3995 Munerant,
2482 3926 2574 3999 qui
2603 3926 2764 3983 idolis
2793 3928 3111 3987 adorabant.
3135 3931 3375 3989 Herodes
3394 3949 3486 3989 rea:
3509 3935 3737 3991 turbatus

2149 4030 2248 4088 est,
2274 4020 2328 4076 id
2357 4029 2465 4087 est,
2493 4035 2591 4092 per
2618 4020 2876 4078 invidiam
2919 4038 2990 4080 ne
3035 4038 3096 4080 se
3134 4039 3369 4096 suosque
3400 4026 3543 4083 ﬁlios
3572 4044 3737 4100 supe-

2148 4123 2324 4171 rasset
2350 4132 2363 4168 :
2394 4114 2509 4170 sive
2564 4116 2860 4172 timuerunt
2883 4131 3095 4183 omnes,
3146 4133 3216 4176 ne
3251 4116 3271 4157 ί
3302 4133 3408 4175 non
3450 4120 3557 4176 illis
3596 4121 3735 4178 bene

2147 4217 2315 4265 esset.
2346 4207 2461 4264 Rex
2484 4207 2661 4278 justus
2682 4208 2819 4265 'dum
2864 4211 3005 4282 apud
3046 4226 3229 4282 regem
3278 4213 3520 4285 iniquum
3546 4214 3729 4282 fuerit,

2149 4311 2207 4357 ut
2235 4317 2344 4358 non
2378 4312 2489 4356 tam
2519 4301 2655 4357 ﬁunt
2682 4302 2832 4358 chari
2862 4304 3004 4375 apud
3033 4304 3197 4361 alium
3232 4320 3417 4378 regem
3459 4307 3589 4363 socii
3640 4322 3729 4363 re-

2145 4395 2227 4467 gis
2260 4413 2273 4449 :
2306 4394 2392 4451 vel
2419 4394 2540 4451 ideo
2572 4395 2774 4451 turbati
2803 4406 2933 4452 sunt
2972 4405 3032 4453 ut
3068 4397 3182 4469 regi
3213 4397 3567 4467 placuissent.
3594 4396 3728 4456 item

446 4480 623 4534 mines
647 4492 764 4533 mos
784 4485 889 4534 est.
923 4475 995 4532 Et
1025 4477 1230 4534 vocabis
1259 4494 1446 4534 nomen
1475 4482 1610 4552 ejus.
1643 4480 1776 4535 Item
1806 4479 1874 4536 ad
1904 4482 2042 4539 laui-
2064 4464 2121 4528 Ῑ)
2143 4464 2212 4544 ad
2241 4488 2501 4554 litteram,
2535 4488 2770 4544 turbatio
2798 4487 2858 4542 ﬁt
2883 4489 3043 4545 malis
3069 4464 3312 4547 osiensio
3340 4490 3506 4559 bona,
3533 4500 3590 4548 et
3613 4505 3730 4547 ma-

441 4572 572 4626 tiam
620 4570 738 4641 ejus
786 4579 955 4628 esset.
994 4568 1200 4639 Iesum,
1223 4586 1289 4628 ac
1319 4583 1340 4610 ο
1375 4571 1607 4628 dixisset
1652 4570 2035 4632 Salvatorem:

439 4668 637 4723 salvum
666 4669 818 4738 faciet
842 4670 1096 4741 populum
1123 4686 1275 4724 suum
1298 4686 1319 4724 :
1356 4684 1463 4726 non
1508 4670 1647 4727 dixit
1676 4687 1891 4743 omnes,
1932 4676 2041 4733 nisi

436 4762 532 4835 qui
560 4762 790 4819 credunt
812 4762 872 4819 in
912 4779 1060 4830 eum,
1091 4782 1123 4818 a
1154 4768 1381 4834 peccatis
1410 4782 1587 4821 eorum
1614 4782 1632 4821 :
1664 4766 1719 4823 id
1748 4778 1851 4841 est,
1888 4774 2034 4843 quod

434 4870 547 4912 non
585 4856 763 4925 potuit
808 4856 948 4913 alius
993 4856 1238 4914 medicus
1267 4857 1467 4915 facere.
1515 4857 1633 4915 Hoc
1661 4849 1833 4917 autem
1860 4873 2031 4921 totum

501 5073 529 5101 ι
562 5060 883 5136 Addiderat,
929 5071 987 5117 ut
1014 5077 1109 5133 par
1134 5063 1363 5119 credere
1410 5072 1516 5129 est,
1545 5063 1897 5136 Antiquarius
1942 5067 2011 5123 ad

426 5134 751 5207 marginem,
783 5132 1102 5207 deletum'est
1129 5135 1331 5189 verbum
1361 5152 1553 5207 unum,
1569 5132 1711 5205 forte
1726 5154 1841 5192 vero
1867 5155 2014 5193 ama-

422 5226 538 5262 rum
556 5206 585 5262 ’:
611 5220 732 5276 qua:
757 5206 920 5261 verba
949 5207 1293 5275 postmodum
1316 5207 1520 5261 intrusa
1544 5206 1595 5261 in
1622 5215 1847 5275 textum,
1871 5210 2013 5266 Mar-

421 5281 652 5335 tianazus
686 5278 928 5343 retinuit,
962 5277 1202 5345 satisque
1250 5278 1438 5331 habuit
1486 5279 1796 5346 parenthesi
1834 5283 2014 5338 inclu-

418 5352 571 5407 dere.
603 5349 718 5403 Nos
745 5347 1013 5418 ejusmodi
1050 5348 1157 5402 alia
1197 5349 1353 5419 haud.
1382 5363 1553 5418 pauca
1584 5351 1806 5409 interius
1852 5356 2015 5410 casti-

455 5437 630 5476 alnus.

416 5437 807 5565 gfglllli‘bortasse
850 5494 1028 5562 iniqua
1057 5490 1235 5562 proin
1266 5508 1388 5564 qua,
1439 5494 1585 5565 quod
1630 5508 1794 5553 sensu
1831 5508 2003 5565 Caret,

412 5563 543 5618 olim
568 5563 835 5629 scriptum
864 5573 967 5617 est.

491 5644 513 5669 ε
548 5632 709 5704 Nullo
736 5646 898 5704 sensu
928 5646 1029 5704 pro
1057 5632 1291 5704 diarisset,
1326 5635 1452 5704 legit
1480 5636 1821 5693 Martianazus
1864 5640 2001 5697 duo-

410 5699 513 5758 bus
538 5699 727 5759 verbis
754 5699 879 5755 dixit
907 5712 975 5758 et.
1005 5700 1232 5761 Leviora
1262 5704 1365 5761 alia
1378 5699 1539 5763 taciti
1569 5709 1948 5767 emendatius.

2142 4582 2226 4639 lus
2252 4579 2445 4636 oculus
2470 4580 2600 4635 solis
2624 4592 2749 4637 ortu
2778 4582 3048 4639 turbatur.

2210 4675 2279 4730 Et
2300 4691 2617 4747 congregans
2640 4690 2816 4732 omnes
2840 4677 3100 4749 principes
3126 4678 3452 4734 sacerdotum
3472 4687 3520 4734 et
3534 4678 3729 4737 scribas

2137 4770 2359 4841 populi:
2386 4769 2439 4824 id
2461 4778 2566 4839 est,
2590 4784 2839 4843 sperans,
2860 4780 2923 4825 ut
2947 4785 3070 4827 cum
3097 4770 3466 4840 advenissent,
3490 4771 3574 4827 vel
3594 4786 3729 4828 con-

2132 4865 2315 4922 silium
2341 4863 2657 4935 recepisset,
2689 4872 2747 4920 ut
2766 4862 2932 4934 Deus,
2959 4862 3236 4939 Interroga
3255 4874 3456 4939 patrem
3484 4874 3653 4937 tuum,
3677 4877 3728 4923 et

2194 5062 2223 5104 (ι
2254 5064 2548 5137 Perperam
2579 5064 2922 5123 Martianmns
2941 5065 3105 5121 donec
3134 5081 3357 5138 pronum
3386 5082 3543 5137 quam
3579 5065 3717 5121 dici-

2122 5148 2229 5206 tur,
2271 5139 2560 5209 subjuncto
2600 5139 2775 5209 etiam
2812 5139 3162 5209 glossemate,
3207 5142 3344 5209 forte
3370 5139 3667 5209 priusquam
3698 5154 3719 5194 :

2119 5208 2557 5291 quorum'istud.
2599 5208 2931 5291 induximus,
2976 5208 3110 5265 illud
3156 5208 3301 5265 vera:
3352 5208 3571 5265 lectioni
3619 5227 3719 5281 pro

2120 5298 2401 5353 numquam
2430 5290 2787 5335 restitunnus.

2196 5362 2219 5390 θ
2254 5352 2355 5419 Qui
2384 5365 2478 5421 pro
2501 5350 2645 5419 quia,
2676 5358 2730 5402 et
2768 5349 2857 5403 ubi
2882 5349 3165 5416 legebatur
3207 5366 3305 5421 pro
3334 5350 3425 5407 ibi.
3459 5350 3566 5407 Sed
3615 5367 3718 5409 nec

2118 5420 2457 5491 subsequens
2486 5428 2773 5493 contextus
2804 5420 3012 5474 mendis
3042 5420 3217 5488 caret,
3266 5437 3505 5493 quorum
3543 5425 3715 5481 multa

2116 5487 2437 5552 sustulimus
2457 5533 2470 5555 ,
2498 5489 2729 5544 maxime
2756 5487 3212 5558 interpunctionis
3236 5487 3385 5548 vitia.

2189 5565 2207 5604 τ
2238 5563 2656 5633 Legebaturuec
2686 5575 2789 5633 non
2812 5557 2920 5611 illis
2952 5559 3075 5614 bene
3094 5578 3228 5633 esse,
3272 5564 3407 5632 Res,
3449 5574 3583 5633 etc.,
3614 5582 3711 5622 cu-

2103 5628 2345 5763 jusmodt'i
2390 5634 2493 5691 alia
2543 5628 2791 5697 inferius,
2823 5643 2945 5700 qua:
2984 5630 3147 5688 tertio
3174 5628 3402 5707 quoque
3422 5628 3584 5694 versu
3610 5652 3706 5696 oc-

2108 5722 2304 5763 currun
2336 5747 2352 5763 .

2108 5722 2352 5770 currunt.
