4048 6320
182 289 287 351 557

932 287 1295 348 EXPOSITIO
1330 288 1665 360 QUATUOR
1702 287 2265 349 EVANGELIORUM.
2306 289 2729 353 MATTHJEUS.

3356 292 3464 355 558

182 406 518 465 annuntiabit
547 405 660 475 tibi,
688 409 915 481 majores
964 416 1080 465 tuos
1119 418 1166 464 et
1213 408 1385 464 dicent
1428 408 1539 475 tibi,
1581 416 1769 479 patres
1794 411 1843 472 Α
1870 418 2039 477 ctam,
2070 425 2168 479 per
2190 425 2427 482 myrram
2457 411 2927 467 mortiﬁcationem
2964 411 3285 469 voluntatis.
3324 412 3459 473 Item

182 500 456 574 principes
486 501 759 557 seniorum
790 508 847 557 et
872 486 1104 558 scribas.
1141 500 1240 557 Ubi
1267 502 1502 557 Christus
1530 518 1769 558 nascere-

180 607 288 655 tur.
320 599 436 655 Non
461 597 599 654 dixit
624 598 715 653 ubi
746 605 903 653 natus
927 608 1030 664 est,
1065 598 1156 654 ubi
1182 597 1302 654 est?
1326 599 1391 652 At
1418 598 1499 653 illi
1525 598 1769 653 dixerunt

175 693 235 747 in
276 690 581 747 Bethleltem
619 689 775 746 Iuda:
796 737 811 761 ,
864 690 1047 746 verbis
1077 691 1284 759 dicunt,
1318 690 1464 761 quod
1491 690 1644 746 factis
1675 706 1769 747 ne-

176 796 327 858 gant,
354 785 489 842 caeci
512 786 733 857 palpant
754 794 813 841 ut
833 785 983 841 lsaac
1000 784 1195 842 Jacob:
1227 786 1354 841 dum
1372 786 1450 841 ire
1465 785 1764 855 negligunt,

174 896 337 953 quem
351 880 635 938 adoranda
652 888 975 936 monstrant.
1000 880 1136 936 Tres
1149 880 1311 951 magi,
1334 888 1445 936 tres
1470 880 1611 935 ﬁlios
1631 879 1765 949 Noe,

173 987 300 1028 cum
344 970 515 1027 tribus
546 972 887 1038 muneribus,
917 970 1237 1028 Trinitatem
1275 971 1508 1028 adorare
1557 972 1766 1043 signiﬁ-

172 1072 323 1121 cant.
344 1064 490 1119 Tunc
515 1064 771 1134 Herodes,
788 1064 925 1119 clam
952 1064 1168 1130 vocatis,
1194 1064 1283 1118 hic
1302 1062 1762 1129 defecithistoria,

172 1157 306 1213 dum
336 1158 534 1215 secreti
570 1157 775 1223 indicat
805 1167 1015 1227 tempus
1057 1155 1253 1220 stellae,
1287 1163 1510 1227 propter
1537 1154 1641 1209 hoc
1683 1154 1767 1209 di-

172 1258 325 1307 stant
346 1251 653 1323 opiniones,
672 1249 888 1320 quando
903 1248 1045 1317 magi
1060 1256 1345 1303 venerunt.
1376 1246 1512 1302 Nam
1530 1254 1654 1316 post
1667 1261 1766 1303 an-

174 1358 305 1399 num
338 1358 504 1398 unum
531 1350 628 1397 aut
650 1340 810 1403 duos,
841 1339 930 1393 alii
959 1338 1187 1394 dicunt:
1210 1338 1393 1393 nonin
1417 1336 1759 1405 Bethlehem,

170 1436 269 1493 sed
310 1436 364 1492 in
409 1434 678 1506 Egypto,
706 1432 988 1489 inveniunt
1028 1446 1182 1497 eum;
1223 1431 1352 1487 etsi
1392 1430 1446 1485 in
1473 1429 1761 1485 duodecim

171 1526 312 1595 dies,
336 1525 609 1598 quomodo
635 1524 705 1581 de
728 1524 887 1595 longa
919 1534 1061 1580 terra
1088 1524 1270 1579 Persae
1296 1523 1383 1579 vel
1408 1521 1600 1589 Evilat,
1633 1525 1764 1579 Ara-

172 1622 278 1678 bia:
322 1622 413 1676 vel
458 1620 634 1675 Cedar
681 1620 737 1674 in
782 1634 859 1675 xu
898 1618 1015 1673 dies
1057 1618 1243 1673 venire
1287 1618 1613 1687 potuerunt?
1654 1616 1762 1674 Sed

170 1721 346 1783 potest
372 1711 427 1767 id
456 1710 639 1767 facere
668 1710 812 1768 Deus
841 1710 999 1781 cujus
1017 1710 1187 1766 verbo
1213 1724 1345 1768 saxa
1368 1710 1576 1775 volant,
1606 1725 1763 1765 mon-

170 1815 250 1861 tes
276 1806 600 1872 movebunt,
628 1806 712 1859 cui
745 1813 937 1859 natura
968 1812 1053 1859 est
1092 1801 1211 1856 fieri
1254 1801 1399 1872 quod
1421 1801 1599 1872 jubet.
1626 1802 1760 1857 Dili-
1789 1785 1839 1847 Β

166 1910 341 1971 genter
373 1908 557 1955 tamen
579 1898 761 1952 didicit
790 1898 854 1952 ab
895 1898 968 1951 eis
1014 1906 1212 1966 tempus
1251 1894 1432 1961 stella,
1466 1894 1520 1951 id
1555 1906 1661 1962 est,
1704 1905 1765 1951 ut

168 2000 194 2028 α
224 1992 398 2046 sciret
430 1992 484 2045 in
517 2005 627 2061 quo
657 2000 901 2059 tempore
926 2006 940 2044 :
972 1988 1110 2045 forte
1141 1989 1348 2059 putavit
1374 1986 1519 2058 quod
1546 1988 1615 2043 ab
1643 1988 1764 2058 ipso

167 2093 325 2141 natus
346 2095 501 2142 esset
525 2085 694 2150 ﬁlius,
725 2085 812 2141 vel
834 2084 903 2141 de
928 2098 1028 2139 suo
1051 2099 1271 2153 genere.

236 2179 341 2244 Qui
388 2195 508 2233 cum
559 2178 824 2233 audissent
870 2193 1061 2250 regem,
1115 2177 1374 2233 abierunt.
1421 2177 1648 2246 Quando
1696 2178 1763 2234 ad

166 2270 446 2327 Christum
500 2271 856 2342 querendum
911 2271 1097 2338 mittit,
1147 2270 1455 2327 audiendus
1508 2282 1594 2329 est
1641 2292 1657 2328 :
1710 2280 1766 2329 et

173 2363 388 2437 quando
420 2364 487 2420 ad
516 2378 575 2419 se
602 2364 801 2419 reverti
826 2362 1009 2433 jubet,
1036 2363 1464 2421 contemnendus
1491 2372 1592 2421 est.
1626 2362 1762 2421 Cum

170 2459 313 2514 enim
343 2457 689 2516 Salvatorem
719 2458 775 2513 in
801 2458 969 2512 altum
998 2456 1248 2528 duceret,
1280 2459 1486 2527 renuit,
1510 2459 1628 2529 ipse
1654 2473 1763 2515 non

169 2554 345 2611 renuit
379 2572 394 2609 :
431 2554 558 2609 dum
590 2568 721 2609 vero
767 2550 1021 2608 deorsum
1064 2551 1293 2608 dimittit
1331 2562 1388 2609 et
1414 2568 1494 2609 se
1533 2554 1763 2611 adorare

162 2650 338 2719 jubet,
366 2649 639 2706 recusavit
665 2648 930 2719 legaliter,
957 2647 1241 2703 Dominum
1261 2646 1432 2703 Deum
1453 2659 1599 2703 suum
1628 2651 1759 2704 ado-

170 2743 331 2808 rabis,
358 2750 414 2797 et
442 2741 669 2812 reliqua.
702 2741 793 2797 Sic
844 2741 919 2796 illi
970 2751 1234 2797 exeuntes
1264 2741 1417 2798 exire
1436 2742 1641 2811 sciunt,
1674 2758 1761 2800 re-

170 2836 291 2891 dire
322 2836 585 2892 nesciunt.
620 2834 683 2888 Et
712 2851 825 2890 ecce
858 2834 1039 2900 stellw,
1070 2850 1226 2905 quam
1252 2833 1507 2901 viderant,
1539 2844 1597 2891 et
1635 2835 1762 2891 reli-

170 2943 295 2999 qua.
319 2928 553 2982 Dubium
593 2926 656 2981 ﬁt
688 2927 777 2981 ubi
808 2941 868 2983 se
894 2926 1204 2992 abscondit,
1246 2926 1467 2997 quando
1497 2926 1587 2981 isti
1614 2928 1763 2983 abic-

172 3033 317 3078 ruut.
350 3021 569 3094 Aliquid
620 3022 840 3077 humani
879 3020 1093 3076 consilii
1126 3037 1141 3074 :
1174 3020 1299 3090 quia
1329 3020 1588 3076 Dominus
1638 3021 1759 3076 abs-

173 3117 352 3173 condit
403 3132 435 3172 a
481 3115 739 3172 cordibus
806 3114 1050 3181 nostris,
1100 3121 1162 3168 ut
1214 3114 1379 3169 etiam
1432 3114 1755 3182 inquiratur.

172 3213 355 3280 Stella,
393 3210 551 3281 fides,
584 3226 652 3265 an
681 3209 804 3265 lex?
831 3178 1191 3277 Compunctio
1220 3222 1346 3277 qua:
1384 3221 1486 3261 nos
1507 3178 1662 3262 ducit
1691 3207 1757 3263 ad
1786 3178 1832 3241 Ο

172 3302 471 3371 Christum,
524 3301 887 3358 antecedebat
932 3315 1050 3369 eos,
1100 3298 1319 3371 quando
1368 3310 1639 3355 venerunt
1690 3301 1757 3357 ad

172 3398 470 3466 Christum,
527 3399 683 3454 stella
731 3412 826 3453 eos
883 3393 1135 3466 perduxit
1167 3410 1184 3450 :
1216 3410 1341 3449 nam
1378 3394 1447 3450 ad
1490 3394 1755 3452 Herodem

169 3494 324 3549 stella
354 3509 449 3549 eos
478 3508 584 3548 non
615 3492 791 3548 duxit.
826 3488 1066 3546 Herodes
1092 3489 1364 3544 diabolum
1392 3488 1753 3560 signiﬁcabat,

171 3590 291 3658 quia
318 3588 409 3658 qui
441 3587 589 3643 exiet
639 3586 707 3641 de
755 3584 960 3639 diaboli
987 3584 1353 3654 suggestione,
1383 3583 1451 3638 ad
1478 3582 1755 3639 Christum

172 3696 288 3738 cum
344 3681 470 3737 ﬁdei
523 3680 681 3737 stella
712 3678 881 3734 vadit.
916 3676 1161 3730 Videntes
1189 3676 1393 3731 stellam
1420 3677 1583 3747 gavisi
1610 3686 1753 3741 sunt,

172 3784 225 3831 et
238 3775 466 3846 reliqua,
487 3775 610 3845 quia
629 3787 745 3829 mos
762 3782 846 3829 est
867 3770 1140 3839 omnibus,
1162 3769 1467 3841 perditione
1486 3767 1514 3807 δ
1535 3769 1756 3825 inventa

172 3869 402 3939 gaudere
427 3868 566 3939 ejus.
597 3866 721 3923 ideo
752 3866 1012 3934 ostendit,
1044 3876 1100 3921 et
1120 3866 1477 3921 excelsiorem
1503 3879 1752 3935 puerum,

174 3975 329 4033 quam
358 3977 511 4017 suam
537 3970 791 4017 matrem.

242 4056 312 4110 Et
339 4057 590 4111 intrantes
618 4055 832 4109 domum
854 4098 869 4121 ,
918 4060 975 4109 et
1022 4052 1229 4123 reliqua
1256 4070 1272 4107 :
1312 4060 1490 4107 utrum
1532 4052 1755 4107 domum

173 4164 235 4204 an
256 4150 652 4206 diversorium?
674 4149 740 4203 Et
760 4149 1087 4221 procidentes
1106 4148 1445 4201 adoraverunt
1466 4162 1603 4214 eum,
1631 4156 1757 4203 ante

175 4242 384 4298 stellam
431 4240 733 4297 adorabant
762 4260 777 4295 :
806 4241 1042 4297 cessavit
1085 4250 1356 4306 creatura,
1387 4239 1514 4295 dum
1541 4248 1760 4295 creator

176 4334 449 4391 adoratur.
498 4334 567 4389 Et
602 4335 797 4401 apertis
840 4333 1098 4389 thesauris
1128 4335 1257 4399 suis,
1288 4342 1343 4389 et
1373 4333 1581 4415 reliqua
1610 4352 1623 4388 :
1656 4350 1753 4388 au-

178 4442 287 4482 rum
320 4430 459 4501 regi,
486 4428 609 4484 thus
638 4428 771 4494 Deo,
805 4442 983 4499 myrra
1022 4427 1355 4497 sepulcrum.
1402 4425 1587 4482 Utrum
1619 4441 1756 4481 unus

176 4531 380 4591 aurum,
409 4522 551 4576 alius
582 4520 729 4587 thus,
762 4520 953 4575 tertius
980 4534 1213 4591 myrram
1240 4518 1476 4575 obtulit;
1510 4535 1618 4574 non
1650 4520 1756 4575 sci-

178 4621 260 4667 tur
288 4631 303 4667 :
332 4630 400 4670 an
434 4614 805 4685 unusquisque
858 4612 960 4669 tria
985 4613 1176 4669 obtulit
1204 4613 1347 4668 dona
1367 4655 1382 4681 ,
1414 4622 1602 4682 aperte
1638 4629 1747 4669 non

180 4702 385 4774 dicitur,
438 4708 533 4764 sed
568 4718 860 4777 utrumque
907 4709 961 4783 in
1011 4706 1199 4777 ﬁgura.
1247 4705 1364 4761 Non
1410 4705 1747 4772 discordant,

177 4799 289 4867 quia
321 4808 430 4856 tres
460 4802 650 4857 ﬁdeles
680 4816 847 4855 unum
874 4807 1019 4862 sunt,
1053 4808 1107 4854 et
1136 4799 1186 4852 in
1214 4814 1379 4853 unum
1412 4806 1593 4853 essent
1640 4808 1750 4853 tres

174 4889 396 4959 fructus,
447 4895 790 4960 tricesimus,
845 4892 1320 4963 quadragesimus,
1369 4892 1746 4948 centesimus:

176 4983 465 5042 tricesimus
498 4989 550 5043 in
585 4987 692 5042 lide
720 4986 1027 5054 Trinitatis,
1060 4984 1510 5056 quadragesimus
1540 4984 1594 5039 iu
1622 5001 1748 5055 per-

177 5068 397 5133 fectione
423 5080 655 5135 actualis
687 5080 830 5145 vitae,
861 5079 1192 5135 centesimus
1214 5088 1435 5133 aeternae
1464 5078 1587 5132 vitae
1616 5092 1750 5134 con-

178 5170 528 5236 tcmplatione.
585 5172 965 5243 Unusquisque
1011 5170 1114 5226 tria
1159 5169 1484 5241 offerebant,
1518 5186 1615 5241 per
1654 5186 1751 5226 au-

176 5272 283 5315 rum
326 5270 716 5323 conscientiam
766 5280 979 5337 puram,
1025 5280 1120 5335 per
1155 5265 1279 5321 thus
1308 5264 1615 5321 orationem
1663 5280 1753 5322 re-

242 5389 267 5417 ι
291 5382 452 5436 Antea
500 5393 554 5437 ut
598 5384 832 5438 scissent.
881 5382 1051 5437 Paulo
1082 5391 1203 5451 post
1244 5380 1437 5451 supple
1467 5379 1741 5447 Diabolus,

177 5460 259 5503 aut
280 5452 402 5521 quid
426 5452 620 5522 simile,
653 5456 741 5510 ubi
773 5454 993 5519 dicitur,
1027 5471 1143 5508 cum
1167 5454 1301 5510 enim
1334 5453 1661 5510 Salvatorem
1688 5455 1745 5508 in

177 5524 347 5649 eum,
376 5534 504 5589 etc.,
524 5540 683 5595 quem
705 5525 1001 5597 signiﬁcari
1024 5529 1242 5581 nomine
1261 5526 1511 5593 Herodis,
1540 5527 1745 5581 Auctor

177 5605 243 5647 no
327 5631 341 5645 .
1456 5626 1459 5629 »

213 5608 594 5739 ultaScripserit,
624 5673 740 5720 utut
760 5682 1021 5739 perquam
1041 5669 1293 5727 barbare.
1323 5672 1546 5735 Auctor,
1571 5671 1743 5739 perdi-

175 5732 550 5789 tioneinventa.
576 5732 954 5810 Supra-atque
996 5740 1138 5797 infra
1178 5743 1344 5800 multa
1385 5732 1740 5815 castigantur,

178 5816 292 5872 qua:
315 5819 734 5865 commemorare
757 5824 861 5867 liOl'l
891 5820 1064 5869 vacat.

1870 501 1971 556 tria
2002 518 2253 569 munera,
2301 504 2556 574 cogitatio
2610 512 2816 569 sancta,
2865 504 3088 560 verbum
3136 506 3363 575 bonum,
3404 516 3461 565 et

1867 609 2008 667 opus
2035 596 2354 664 perfectum.
2386 596 2556 653 Stella
2604 599 2686 652 sic
2737 599 2991 667 apparuit
3020 606 3225 653 tantum
3254 600 3308 655 in
3337 600 3456 670 ejus

1867 688 2171 753 nativitate,
2213 690 2353 744 sicut
2391 689 2641 745 columba
2685 689 2741 743 in
2790 688 3082 760 baptismo.
3126 688 3261 745 Nam
3301 691 3458 747 stella

1867 780 2084 852 quando
2121 780 2481 837 antecedebat
2504 796 2623 848 eos,
2655 796 2760 836 non
2791 781 2948 851 longe
2974 796 3005 835 a
3032 789 3200 837 terra.

1938 873 2009 929 Et
2034 892 2281 944 responso
2302 886 2511 949 accepto
2539 878 2592 931 in
2620 876 2835 944 somnis,
2880 885 2935 931 et
2982 876 3209 948 reliqua.
3251 876 3376 933 Ideo
3407 879 3460 934 in

1865 971 2075 1025 somnis
2104 971 2263 1026 oculo
2305 971 2509 1039 clauso,
2546 981 2605 1026 ut
2648 971 2818 1027 Deum
2862 970 3215 1037 invisibilem,
3271 979 3327 1027 et
3376 972 3459 1028 in-

1865 1062 2424 1132 comprehensibilem
2455 1062 2769 1133 adorarent,
2828 1071 2887 1119 et
2933 1063 3128 1134 vigiles
3166 1079 3274 1119 non
3324 1080 3458 1135 ape-

1862 1153 2076 1209 riantur
2119 1156 2262 1211 oculi
2312 1155 2382 1211 ad
2432 1167 2735 1220 creaturas,
2769 1156 2865 1213 sed
2898 1156 2969 1212 ad
3000 1168 3326 1214 creatorem.
3373 1158 3458 1214 Ne

1863 1247 2090 1301 redirent
2130 1247 2199 1300 ad
2246 1246 2530 1313 Herodem,
2584 1248 2639 1303 id
2687 1258 2789 1314 est,
2832 1259 2955 1319 post
2983 1250 3359 1321 paenitentiam
3389 1251 3456 1307 ad

1861 1340 2157 1396 diabolum.
2192 1339 2298 1396 Per
2327 1340 2485 1396 aliam
2508 1342 2643 1395 viam
2668 1343 2856 1397 reversi
2883 1353 3002 1398 sunt
3027 1345 3081 1398 in
3112 1361 3259 1399 suam
3286 1347 3459 1418 regio—

1863 1449 1997 1488 nem.
2030 1432 2199 1506 Begio
2230 1434 2513 1505 paradisus
2535 1445 2638 1490 est.
2666 1434 2760 1491 llle
2793 1450 2889 1506 per
2914 1437 3076 1493 aliam
3098 1438 3239 1493 viam
3280 1455 3464 1510 regre-

1860 1530 2030 1597 ditur,
2061 1530 2152 1600 qui
2174 1536 2340 1585 totam
2372 1530 2543 1585 vitam
2574 1545 2730 1586 suam
2755 1530 3035 1599 emendat,
3078 1542 3135 1587 et
3175 1535 3245 1588 de
3284 1534 3464 1603 pravi-

1865 1630 1977 1677 tate
2002 1622 2157 1677 venit
2185 1621 2254 1676 ad
2282 1624 2648 1678 sanctitatem.
2884 1628 2953 1687 n53

1935 1715 2041 1782 Qui
2069 1730 2187 1768 cum
2215 1716 2567 1781 recessissent,
2596 1732 2713 1770 ecce
2740 1717 2956 1790 angelus
2985 1716 3221 1786 Domini,
3255 1726 3312 1775 et
3332 1718 3459 1775 reli-

1865 1822 1990 1876 qua.
2022 1806 2261 1871 Gabriel,
2306 1809 2559 1879 fortitudo
2590 1807 2687 1865 Dei
2731 1810 2951 1866 dicitur.
2994 1812 3220 1883 Dignum
3249 1822 3370 1868 erat
3402 1823 3462 1870 ut

1864 1897 2232 1953 inﬁrmitatem
2260 1898 2615 1955 humanitatis
2646 1900 2908 1958 fortitudo
2948 1904 3050 1961 Dei
3099 1906 3461 1963 confortaret.

1863 1989 1935 2045 Et
1976 1990 2134 2046 aliter
2169 2008 2183 2043 :
2223 1990 2351 2061 quia
2393 1999 2525 2047 tunc
2571 1994 2796 2065 angelus
2842 1995 2999 2050 nobis
3036 1999 3458 2069 appropinquat,

1865 2098 1986 2140 cum
2030 2099 2130 2140 nos
2170 2086 2563 2141 recesserimus
2591 2086 2663 2141 ab
2690 2086 2907 2145 Herode
2938 2089 3179 2145 diabolo.
3216 2091 3378 2163 Fugit
3405 2096 3461 2149 in

1866 2174 2156 2249 Egyptum
2178 2195 2197 2233 :
2219 2177 2341 2250 fuga
2373 2180 2655 2235 victoriam
2681 2182 2941 2252 ostendit,
2968 2183 3107 2238 sicut
3137 2183 3268 2240 Jesu
3305 2185 3459 2243 Nave

1864 2275 2081 2345 quando
2101 2275 2271 2343 dixit,
2296 2275 2525 2333 Dividile
2543 2294 2653 2340 vos,
2682 2286 2729 2333 et
2756 2280 2824 2334 ite
2850 2280 2905 2334 in
2935 2284 3113 2352 fugam
3136 2282 3299 2337 donec
3324 2283 3459 2339 cives

1864 2369 2007 2440 foras
2036 2380 2240 2437 exeant,
2270 2382 2447 2441 postea
2471 2375 2765 2437 convertite.
2806 2385 2857 2431 et
2896 2377 3110 2432 vincetis
3153 2394 3259 2433 eos.
3298 2376 3459 2434 Chri-

1863 2474 1981 2519 stus
2015 2465 2222 2533 primus
2252 2464 2406 2536 fugit,
2441 2464 2619 2521 donec
2648 2476 2796 2523 retro
2835 2468 3114 2524 diabolum
3145 2470 3333 2528 vincit.
3365 2470 3460 2528 Sic

1862 2557 2062 2628 Joseph
2112 2560 2165 2612 in
2209 2557 2448 2630 Egypto
2478 2574 2508 2613 a
2548 2558 2767 2614 domina
2814 2575 2911 2617 sua
2954 2561 3091 2633 fugit
3139 2562 3362 2635 inclyta,
3402 2573 3459 2620 et

1864 2651 2212 2722 postmodum
2256 2652 2372 2721 ipse
2408 2666 2571 2723 super
2620 2651 2920 2724 Egyptum
2968 2669 3065 2709 rex
3109 2654 3234 2710 fuit.
3285 2655 3460 2728 Usque

1863 2744 1988 2797 dum
2018 2744 2187 2798 dicam
2210 2742 2300 2799 tibi
2324 2761 2343 2798 :
2376 2745 2464 2800 hic
2492 2745 2735 2800 ostendit
2761 2745 2906 2817 quod
2950 2762 3059 2801 non
3108 2763 3327 2820 semper
3369 2748 3457 2803 fu-

1863 2837 2119 2909 giendum
2147 2848 2233 2894 est
2260 2837 2559 2907 diabolum,
2594 2846 2656 2894 ut
2681 2839 2880 2895 Paulus
2905 2841 3185 2911 apostolus
3211 2844 3289 2897 ait
3313 2860 3327 2896 :
3356 2842 3461 2898 Re-

1863 2931 2027 2985 sistite
2052 2928 2277 2998 diabolo,
2300 2940 2351 2984 et
2376 2931 2540 3001 fugiet
2565 2948 2598 2984 a
2626 2932 2790 2986 vobis.
2823 2932 3047 2989 Noctem
3095 2933 3184 2988 hic
3217 2945 3240 2975 ε
3270 2944 3457 2992 osten-

1863 3020 1963 3085 dit,
1992 3020 2134 3091 quod
2155 3022 2358 3075 secessit
2383 3021 2575 3077 litterae
2598 3022 2842 3079 tenebras
2870 3024 3030 3095 Legis
3062 3025 3207 3096 apud
3236 3026 3459 3086 Judteos

1863 3124 1985 3185 post
2018 3112 2309 3183 Christum
2359 3130 2528 3186 usque
2566 3114 2747 3171 hodie.
2782 3116 2952 3186 Usque
2981 3117 3049 3171 ad
3093 3129 3306 3173 mortem
3340 3119 3449 3175 He-

1862 3208 2037 3262 rodis:
2080 3214 2380 3279 ex5pectat,
2423 3208 2476 3263 id
2525 3216 2632 3276 est,
2680 3218 2793 3266 tres
2836 3225 3008 3267 annos
3052 3228 3067 3265 :
3110 3212 3339 3282 gentiles
3378 3214 3453 3269 si-

1859 3299 2076 3371 gniﬁcat
2094 3298 2419 3355 Trinitatem
2442 3299 2769 3372 credituros.
2796 3302 2863 3356 Et
2885 3317 2990 3357 non
3016 3304 3262 3374 pervenit
3282 3319 3452 3375 usque

1859 3392 1927 3447 ad
1954 3404 2203 3449 mortem.
2236 3392 2484 3449 Herodes
2520 3393 2725 3449 indicat
2774 3394 3010 3462 Judmos,
3049 3397 3139 3467 qni
3183 3396 3251 3452 ad
3295 3396 3454 3453 Chri-

1857 3495 2001 3544 stum
2027 3488 2254 3543 veniunt
2280 3495 2404 3555 post
2422 3498 2654 3542 mortem
2684 3487 2879 3543 litterae
2898 3487 3079 3560 Legis.
3108 3489 3195 3545 Ea:
3215 3491 3450 3565 Egypto

1858 3582 2033 3637 vocavi
2074 3581 2241 3650 ﬁlium
2286 3594 2474 3645 meum,
2522 3579 2681 3649 primi
2713 3578 2925 3651 Moyses
2954 3591 3009 3637 et
3038 3584 3222 3638 Aaron
3260 3598 3453 3655 provo-

1857 3687 1985 3735 cant
2007 3676 2306 3731 Christum.

1929 3769 2076 3824 Tunc
2106 3767 2343 3823 Herodes
2370 3768 2567 3835 videns,
2595 3770 2734 3838 quod
2763 3768 2952 3825 illusus
2977 3771 3044 3825 sit
3069 3788 3103 3827 a
3127 3774 3313 3845 magis.
3353 3773 3449 3832 Hic

1857 3865 2147 3937 prOphetia
2176 3863 2455 3932 impletur,
2487 3864 2644 3919 draco
2681 3866 2777 3920 iste
2796 3881 2947 3936 quem
2970 3868 3208 3935 formasti
3236 3869 3305 3924 ad
3325 3868 3452 3925 illu-

1859 3958 2087 4014 dendum
2109 3957 2203 4012 eis.
2236 3954 2304 4009 Et
2340 3956 2495 4010 mittit
2522 3964 2571 4012 et
2594 3958 2782 4012 occidit
2803 3975 2997 4025 ,omnes
3027 3976 3236 4032 pueros,
3270 3972 3328 4017 ut
3358 3979 3451 4020 re-

1857 4066 1981 4123 gem
2014 4062 2199 4104 natum
2228 4049 2499 4104 inveniret
2527 4068 2540 4104 :
2566 4051 2655 4105 hic
2709 4050 2831 4117 plus
2882 4050 3147 4119 illuditur,
3177 4068 3317 4123 quos
3355 4071 3452 4110 ex-

1858 4144 2087 4199 stinctos
2121 4142 2346 4213 putavit,
2380 4142 2529 4196 vivos
2556 4141 2612 4196 in
2639 4142 2949 4213 paradisum
2976 4145 3140 4200 misit.
3174 4145 3218 4199 Α
3248 4144 3449 4201 bimatu

1860 4246 1907 4291 et
1934 4239 2096 4307 infra,
2130 4235 2183 4289 id
2213 4244 2318 4301 est,
2346 4236 2416 4290 ab
2441 4250 2585 4291 anno
2624 4237 2901 4307 praeterito
2933 4247 2989 4292 et
3019 4237 3290 4308 sequenti,
3321 4238 3449 4309 quia

1860 4330 2101 4385 infantia:
2137 4344 2332 4385 nomen
2364 4345 2631 4385 annorum
2659 4330 2915 4386 duorum.
2959 4330 3068 4387 Vos:
3090 4334 3145 4387 in
3174 4332 3363 4403 Rama,
3396 4343 3453 4391 et

1859 4420 2090 4493 reliqua.
2124 4420 2325 4477 Rachel
2353 4421 2744 4492 interpretatur
2767 4424 2872 4477 ovis
2895 4424 3071 4478 videns
3094 4421 3264 4478 Deum
3290 4440 3310 4479 :
3337 4424 3447 4481 Ra-

1860 4529 1946 4569 ma
1975 4514 2231 4570 excelsus.
2264 4514 2484 4580 Rachel,
2522 4515 2791 4584 Ecclesia,
2836 4530 2955 4587 qua:
2998 4517 3177 4586 plorat
3211 4517 3263 4573 in
3300 4518 3445 4573 valle

1858 4608 2236 4680 lacrymarum,
2270 4623 2406 4679 quos
2435 4610 2689 4678 perdidit,
2736 4612 2826 4680 qui
2878 4618 3005 4666 ante
3058 4622 3443 4681 peccaverunt,

1854 4701 1922 4757 de
1946 4702 2142 4772 quibus
2173 4716 2280 4758 non
2308 4704 2423 4758 vult
2448 4704 2737 4771 consolari,
2772 4706 2898 4775 quia
2953 4719 3060 4760 non
3115 4715 3240 4761 sunt
3285 4707 3445 4763 Chri-

1856 4795 2037 4850 stiani.
2089 4794 2290 4851 Rachel
2331 4807 2505 4851 mater
2545 4794 2646 4850 fuit
2684 4797 2987 4866 Beniamin,
3032 4798 3147 4853 sive
3195 4800 3319 4869 quia
3369 4799 3444 4855 ibi

1856 4896 2064 4943 mortua
2093 4896 2263 4942 estet
2291 4887 2525 4957 sepulta,
2567 4887 2656 4943 ubi
2686 4889 2892 4958 parvuli
2936 4888 3104 4944 occisi
3153 4898 3299 4947 sunt.
3329 4889 3444 4947 De-

1849 4982 2020 5053 functi
2043 4989 2161 5034 sunt
2184 4980 2341 5045 enim,
2365 4990 2420 5036 et
2456 4979 2689 5051 reliqua.
2739 4980 2865 5038 ideo
2913 4983 3283 5055 synecdoche,
3316 5000 3444 5057 pars

1854 5088 1952 5144 pro
1984 5081 2115 5127 toto.

1930 5167 2081 5223 Venit
2107 5168 2162 5221 in
2190 5168 2450 5223 civitatem
2479 5167 2773 5237 Nasaretlt,
2802 5169 2854 5226 id
2905 5181 3029 5238 est,
3075 5176 3177 5245 ﬂos
3232 5175 3447 5231 mundi-

1854 5262 1976 5333 tite;
2005 5273 2188 5335 aptum
2213 5260 2353 5330 fuit,
2408 5262 2481 5318 ibi
2519 5260 2785 5332 habitare,
2817 5265 2910 5335 qui
2963 5264 3133 5336 dixit‘,
3167 5267 3278 5340 Ego
3324 5285 3440 5324 sum

1926 5393 1948 5422 ο
1973 5379 2329 5456 Restituimus
2351 5388 2640 5456 utcumque
2665 5395 2907 5456 sensum,
2932 5400 3037 5455 quo
3066 5388 3275 5456 penitus
3298 5390 3439 5444 Mar-

1849 5454 2031 5531 tiangei
2060 5451 2228 5531 editio
2253 5451 2473 5531 carebat
2503 5470 2528 5531 ι¹
2547 5451 2767 5531 Noctem
2788 5451 3153 5531 hi_c,_6stendit
3184 5461 3324 5531 quod
3359 5477 3439 5514 se-

1849 5527 2003 5582 cessit
2052 5525 2235 5603 littera;
2267 5525 2486 5603 tenebrte
2512 5525 2656 5599 legis.
2680 5527 2852 5603 _Apud
2878 5526 3105 5603 Iudicas
3128 5525 3258 5603 post
3285 5529 3435 5588 Chri~

1846 5607 1984 5653 stum
2012 5613 2174 5671 usque
2202 5595 2373 5660 hodie,
2422 5595 2580 5671 usque
2620 5595 2911 5671 admortis
2957 5595 3216 5656 Herodem
3257 5618 3437 5671 exspe-

1848 5679 1982 5796 ctas:
2009 5676 2117 5797 etci
2146 5668 2205 5723 In
2231 5670 2583 5740 sequentibus
2612 5669 2812 5733 leviora
2840 5674 2947 5730 alia
2978 5688 3119 5746 pene
3150 5668 3435 5733 innumera

1852 5756 1944 5797 cas
1973 5756 2092 5797 taau
2123 5756 2207 5797 ur.

1852 5756 2207 5813 castigantur.
