4050 6198
542 220 650 280 539
1577 217 1638 275 S.
1680 213 2067 274 HIERONYMI
2104 212 2385 273 OPERUM
2424 212 2784 273 MANTISSA.
3721 216 3847 275 540

545 340 647 409 ﬂos
672 339 844 407 campi
862 348 909 395 et
936 332 1448 394 litiumeonvaltium.
1472 331 1791 397 Archelaus,
1818 332 1898 387 leo
1924 332 2134 386 investi-
2159 329 2214 394 Α
2237 332 2449 401 viperas
2477 332 2758 402 pbarisasi,
2791 318 3105 387 et'saducml
3153 331 3415 387 simulant
3464 328 3556 403 qui
3595 342 3843 390 matrem

548 446 703 505 guns,
728 434 1015 489 Nazarzeus
1036 437 1271 481 sanctus.
1290 426 1478 498 Surge,
1507 427 1683 495 accipe
1711 444 1927 498 puerum
1954 436 2001 480 et
2019 442 2134 480 ma-
2237 440 2387 480 suam
2417 439 2744 495 synagogam
2771 465 2786 491 ,
2839 434 2894 479 et
2936 434 3118 493 patres
3157 434 3213 480 et
3261 426 3562 497 prophetas
3612 428 3843 485 occide-

553 534 685 581 ιηηι
708 531 843 598 φη,
867 525 1048 579 Primo
1070 536 1232 590 surge
1253 536 1282 573 a
1312 529 1455 575 terra
1483 520 1573 591 qui
1601 528 1819 575 terrena
1845 522 2131 593 relinquis.
2239 527 2385 573 runt.
2414 517 2543 585 Quis
2575 517 2943 572 demonstravit
2990 519 3130 572 vobis
3152 562 3166 586 ,
3215 528 3270 573 et
3316 519 3527 589 reliqua
3557 537 3570 574 :
3617 520 3674 576 id
3728 532 3841 588 est,

554 618 619 673 Et
646 632 879 686 puerum,
922 622 1105 684 postea
1139 622 1368 667 matrem
1413 611 1568 682 jubet
1624 614 1895 683 accipere.
1951 613 2138 669 P0tins
2238 613 2369 681 quis,
2400 624 2507 664 non
2537 624 2635 679 pro
2665 610 3048 681 possibilitate,
3083 610 3179 665 sed
3212 625 3310 682 pro
3332 612 3676 680 difficultate,
3699 612 3841 670 dum

547 710 717 764 Deum
751 721 957 767 amare,
984 716 1174 773 postea
1200 704 1526 774 proximum.
1569 705 1871 762 Archelaus
1894 748 1908 772 ,
1961 705 2137 761 litere-
2240 704 2459 770 dicitur,
2485 705 2642 775 facite
2664 707 2865 773 fructus
2893 698 3074 768 bonos,
3112 704 3162 757 id
3188 713 3300 769 est,
3349 705 3612 775 deponito
3668 721 3837 764 omne

549 801 648 867 sis,
700 800 793 870 qui
841 814 903 855 se
935 806 1122 870 putant
1148 812 1270 854 esse
1315 797 1460 869 quod
1515 814 1628 854 non
1675 807 1850 867 sunt,
1897 808 1956 855 et
2007 800 2137 856 (ιωοί

551 900 701 948 sunt.

626 984 695 1041 In
729 983 908 1040 diebus
931 982 1057 1040 illis.
1094 982 1212 1041 Non
1256 984 1322 1038 ad
1368 999 1554 1055 regem
1579 983 1905 1040 Archelaum
1950 984 2138 1043 dicen-

553 1078 702 1145 dum,
734 1076 830 1133 sed
854 1092 885 1131 a
914 1093 982 1133 xv
1013 1092 1161 1133 anno
1201 1076 1404 1134 Tiberii
1442 1076 1707 1143 Caesaris;
1759 1078 1885 1149 quia
1929 1078 1981 1133 in
2015 1079 2145 1150 ipso

552 1185 699 1227 anno
725 1170 929 1227 factum
957 1180 1043 1226 est
1096 1171 1324 1227 verbum
1360 1170 1576 1225 Domini
1631 1185 1797 1240 super
1848 1171 2141 1236 Joannem,

552 1274 679 1320 ante
706 1264 1001 1329 Christum,
1024 1279 1131 1320 vox
1159 1274 1289 1321 ante
1320 1264 1568 1331 verbum,
1600 1265 1824 1321 lucerna
1874 1274 2003 1321 ante
2048 1281 2142 1319 so-

550 1357 681 1430 lem,
706 1358 808 1413 ﬂos
834 1367 963 1415 ante
984 1357 1240 1414 fructum.
1270 1357 1633 1414 Paenitentiam
1678 1358 1854 1430 agite,
1921 1368 1978 1414 et
2032 1374 2143 1414 non

553 1451 885 1521 Operamini,
914 1451 1037 1521 quia
1068 1465 1234 1519 opera
1277 1450 1419 1506 foras
1459 1465 1691 1522 corpora
1720 1451 1950 1520 dicitur;
2002 1452 2148 1523 agite

556 1543 800 1598 interiori
827 1542 1055 1609 homini,
1087 1542 1153 1598 de
1187 1542 1351 1598 corde
1380 1555 1591 1613 agatur.
1638 1542 1969 1599 Ptenitentia
2018 1558 2147 1598 vera

564 1646 671 1701 est,
703 1636 900 1693 amissa
927 1635 1153 1707 deﬂere,
1183 1650 1239 1692 et
1261 1636 1570 1706 paenitenda
1604 1651 1712 1691 non
1742 1636 2109 1692 committere.

2242 797 2461 863 vitium;
2490 797 2571 851 vel
2604 797 2760 867 facite
2786 799 3014 869 fructum
3037 798 3253 869 dignum
3285 799 3619 871 paenitentiae,
3643 800 3696 855 id
3726 811 3835 866 est,

2243 892 2334 961 qni
2360 891 2521 947 habet
2550 890 2685 945 duas
2720 890 2954 959 tunicas,
2988 890 3081 945 det
3114 904 3225 947 non
3258 891 3485 949 babenti
3522 911 3535 948 :
3579 893 3678 966 qui
3709 893 3846 951 facit

2246 986 2455 1054 illicite,
2485 986 2554 1041 ab
2582 985 2793 1041 illicitis
2828 986 3120 1041 abstineat.

2320 1076 2492 1131 Potest
2524 1076 2661 1133 Deus
2687 1094 2720 1132 a
2748 1076 3009 1150 lapidibus
3054 1078 3204 1147 tstis,
3236 1087 3290 1133 et
3337 1077 3569 1151 reliqua.
3604 1079 3843 1153 Lapides

2247 1178 2425 1238 erant,
2454 1169 2579 1239 quia
2618 1167 2827 1240 lapides
2879 1169 3182 1234 colebant,
3230 1169 3326 1226 sed
3356 1171 3543 1240 plures
3588 1170 3722 1228 inde
3774 1173 3842 1228 ad

2246 1261 2449 1317 Christi
2484 1262 2643 1317 ﬁdem
2694 1272 2982 1318 venerunt.
3016 1260 3073 1317 Id
3106 1270 3191 1319 est
3223 1305 3238 1332 ,
3295 1262 3504 1334 lapides
3556 1250 3844 1331 simulant,

2248 1359 2374 1428 quia
2402 1360 2553 1429 gravi
2577 1367 2631 1413 et
2658 1356 2779 1413 duri
2808 1365 2865 1411 et
2888 1357 3071 1428 frigidi
3104 1358 3163 1412 in
3197 1358 3303 1412 fide
3325 1366 3472 1414 sunt.
3502 1358 3723 1415 Securis
3753 1376 3847 1432 po-

2247 1456 2349 1507 sita
2376 1464 2471 1517 cst,
2507 1452 2557 1506 id
2587 1461 2689 1517 est,
2716 1451 3094 1524 Evangelium,
3128 1450 3197 1504 ad
3227 1451 3453 1506 radicem
3481 1450 3756 1520 arborum,
3792 1452 3845 1506 id

2251 1557 2355 1611 eat,
2389 1544 2614 1600 indicis.
2643 1545 2865 1601 Securis
2887 1559 2955 1600 ex
2987 1543 3134 1599 ferro
3162 1549 3218 1599 et
3262 1544 3407 1613 ligno
3450 1552 3711 1599 constat:
3767 1546 3849 1601 sic

2252 1637 2498 1693 Christus
2516 1653 2585 1694 ex
2611 1638 2897 1693 divinitate
2927 1645 2983 1693 et
3013 1636 3353 1694 humanitate
3386 1653 3401 1691 :
3450 1636 3665 1693 radices
3693 1682 3708 1707 ,
3757 1651 3845 1693 co-

625 1728 1078 1801 Appropinquavit
1129 1729 1268 1784 enim
1318 1745 1533 1800 regnum
1590 1728 1880 1784 calorum:
1922 1728 1974 1783 id
2029 1736 2145 1793 est,
2178 1718 2225 1780 Β
2252 1732 2545 1801 gitationes
2570 1749 2583 1785 :
2611 1731 2894 1801 arborum,
2927 1738 3317 1800 peccatorum;
3362 1729 3448 1787 vel
3480 1728 3699 1786 radices
3730 1729 3838 1796 ﬁlii,

554 1823 905 1894 baptismum,
938 1823 1024 1878 vel
1078 1821 1433 1891 Evangelium
1476 1820 1724 1888 Christi,
1782 1822 2148 1894 martyrium,

557 1917 645 1972 vel
667 1914 933 1975 Ecclesia.
947 1915 1063 1972 Vox
1080 1916 1347 1972 clamantis
1364 1916 1418 1971 in
1435 1924 1459 1952 ⁸
1475 1916 1699 1983 deserto,
1711 1914 1934 1971 Joannis
1948 1914 2153 1972 Christi

560 2009 762 2064 trinum
792 2008 844 2064 in
875 2008 1093 2065 modum
1122 2008 1181 2064 tit
1212 2009 1441 2079 clamor,
1489 2009 1535 2063 si
1579 2008 1741 2080 longe
1767 2019 1883 2065 est:
1915 2009 2099 2083 Longe
2123 2026 2157 2065 a

558 2100 915 2171 peccatoribus
943 2100 1127 2166 salus;
1154 2100 1397 2156 secundo
1443 2100 1511 2156 ad
1542 2101 1764 2156 surdum
1783 2146 1798 2171 ,
1831 2101 1984 2158 Sicut
2014 2102 2157 2174 aspis

558 2192 744 2271 surda,
774 2203 828 2251 et
858 2192 1096 2265 reliqua:
1115 2194 1275 2250 tertio
1303 2194 1635 2265 indignatur,
1657 2194 1709 2251 id
1740 2202 1842 2263 est,
1859 2196 2159 2269 indignatus

560 2298 634 2345 est
654 2290 802 2359 [uror
830 2296 972 2345 tuus.
996 2286 1065 2343 In
1090 2288 1314 2357 deserto,
1337 2288 1388 2343 id
1412 2298 1517 2355 est,
1540 2288 1658 2344 sine
1690 2288 1829 2360 lege,
1860 2288 1980 2345 sine
2005 2306 2155 2361 rege,

559 2381 681 2436 sine
703 2380 1134 2447 sacerdoteﬁvel
1176 2380 1464 2453 prephetia
1516 2389 1676 2437 erant
1717 2380 1912 2437 Judaei.
1941 2380 2013 2437 Ut
2066 2382 2161 2453 qui

560 2484 747 2531 amant
759 2475 936 2532 amico
950 2476 1234 2547 coniugem
1253 2475 1587 2544 conjungere
1599 2489 1853 2546 sponsam
1873 2493 1887 2530 ε
1906 2477 1985 2532 sic
1998 2476 2163 2532 Joan-

562 2583 662 2623 nes
683 2568 983 2624 Ecclesiam
1005 2568 1227 2624 Christo
1256 2569 1561 2638 conjunxit.
1591 2568 1715 2625 Ideo
1737 2568 1947 2624 amicus
1974 2571 2161 2638 sponsi

564 2658 1045 2717 dieitur.Joannes
1068 2659 1306 2716 habebat
1325 2672 1533 2716 vestem
1561 2660 1629 2715 de
1658 2661 1779 2729 pilis
1806 2662 2161 2729 camelorum,

573 2753 689 2820 ipse
720 2751 775 2806 in
791 2751 1003 2821 jejunio
1028 2758 1188 2808 natus
1214 2763 1303 2809 est
1324 2792 1340 2817 .
1369 2761 1425 2808 et
1450 2752 1686 2809 habebat
1712 2755 1969 2810 vestitum
1999 2765 2055 2812 et
2087 2757 2166 2811 ci-

572 2844 699 2901 bum
724 2844 949 2913 jejunii;
991 2852 1181 2916 aptum
1212 2844 1340 2912 fuit,
1375 2845 1503 2901 dum
1550 2848 1928 2917 paenitentiam
1953 2848 2163 2918 docuit,

574 2946 635 2994 ut
654 2937 807 3008 prius
836 2937 888 2994 in
912 2953 971 2995 se
1002 2939 1276 3010 impleret,
1307 2949 1366 2996 ut
1387 2941 1568 2997 omnis
1589 2942 1682 3011 qui
1710 2942 1936 2997 verbum
1967 2944 2168 3013 pracdi-

573 3032 683 3097 cat,
706 3031 962 3101 exemplo
992 3030 1296 3091 conﬁrmet.
1333 3032 1599 3089 Vestitum
1645 3034 1875 3091 Joannis
1893 3036 1964 3090 de
1980 3051 2165 3092 came.

2253 1828 2533 1897 arborum,
2570 1834 2878 1899 parentum.

2330 1921 2511 1976 Omnis
2539 1920 2713 1987 arbor,
2733 1922 2822 1993 qui
2843 1938 2947 1975 non
2977 1920 3102 1991 facit
3135 1920 3365 1991 fructum
3404 1918 3616 1984 bonum,
3647 1918 3839 1973 excide-

2259 2025 2339 2068 tnr
2364 2030 2381 2068 :
2405 2013 2455 2068 id
2485 2023 2591 2077 est,
2619 2012 2902 2068 dividetur
2922 2014 2990 2068 ab
3014 2014 3278 2069 Ecclesia.
3310 2010 3374 2067 1η
3396 2012 3569 2083 ignem
3595 2012 3841 2075 mittetur,

2260 2106 2450 2172 idest,
2484 2108 2539 2162 in
2564 2105 2879 2175 dicjudicii.
2917 2104 3131 2161 Fortior
3187 2121 3268 2160 me
3322 2114 3395 2159 est
3424 2122 3444 2163 :
3473 2096 3531 2159 id
3570 2113 3691 2170 est,
3744 2119 3845 2157 non

2258 2199 2433 2255 solum
2460 2199 2526 2254 de
2558 2200 2793 2264 Joanne,
2824 2199 2921 2254 sed
2954 2198 3024 2254 de
3055 2198 3310 2253 omnibus
3348 2196 3547 2252 fortior
3587 2205 3674 2251 est
3697 2195 3851 2251 Chri-

2265 2303 2385 2350 stus
2417 2312 2430 2346 :
2463 2292 2586 2348 ideo
2614 2292 2835 2361 fortior,
2863 2293 2986 2363 quia
3019 2292 3072 2347 in
3101 2292 3313 2363 Spiritu
3340 2298 3531 2346 sancto
3559 2299 3612 2347 et
3648 2290 3704 2344 in
3728 2290 3855 2361 igne

2261 2385 2521 2457 baptizat.
2542 2383 2895 2441 Caieiatuenta
2926 2394 3133 2453 portare
3157 2428 3172 2451 ,
3207 2384 3332 2440 ideo
3368 2398 3475 2449 non
3522 2396 3745 2455 possum
3773 2383 3860 2438 in-

2261 2478 2630 2535 carnationem
2658 2477 2777 2548 ejus
2810 2477 3024 2547 plenius
3050 2491 3335 2532 enarrare.

2335 2569 2461 2640 Ipse
2486 2587 2575 2625 eos
2602 2570 2886 2641 baptizabit
2910 2572 3027 2643 igne
3052 2586 3069 2624 :
3113 2570 3165 2625 id
3193 2578 3300 2639 est,
3324 2570 3380 2625 in
3398 2568 3625 2640 judicio,
3655 2569 3748 2625 vel
3803 2569 3863 2626 in

2264 2660 2473 2731 Spiritu
2492 2671 2682 2717 sancto
2711 2671 2765 2717 et
2791 2662 2938 2732 igne.
2960 2650 3125 2735 Cujus
3154 2659 3519 2727 ventilabrunt,
3542 2670 3596 2716 et
3620 2660 3857 2732 reliqua,

2264 2755 2319 2811 id
2346 2765 2452 2822 est,
2482 2757 2695 2824 justum
2723 2755 3027 2827 judicium;
3057 2757 3115 2809 in
3139 2771 3322 2821 manu,
3370 2754 3421 2809 id
3449 2764 3555 2821 est,
3601 2754 3659 2810 in
3707 2763 3864 2827 pote-

2264 2859 2406 2905 state
2426 2864 2553 2916 sua;
2588 2865 2741 2919 area,
2774 2849 2829 2905 id
2857 2857 2961 2915 est,
2996 2849 3230 2904 mundus
3253 2847 3343 2905 vel
3381 2847 3629 2904 Ecclesia
3660 2864 3675 2902 :
3728 2848 3865 2901 triti-

2266 2958 2403 3006 cum,
2437 2941 2491 2997 id
2522 2948 2624 3003 est,
2660 2949 2911 2997 sanctum
2947 2942 3039 2995 :in
3068 2941 3337 3009 horreum,
3388 2938 3445 2995 in
3470 2954 3642 3010 regna
3685 2938 3864 2995 casio-

2268 3051 2389 3093 rum
2420 3036 2641 3108 :poiear,
2672 3044 3023 3106 peccatores,
3059 3034 3184 3106 quia
3225 3033 3381 3105 palea
3436 3032 3575 3089 levis
3624 3040 3746 3097 est,
3808 3040 3868 3087 et

576 3122 725 3189 lotis,
752 3121 1027 3194 signiﬁcat
1049 3123 1354 3183 Ecclesium
1378 3126 1620 3195 gentium
1646 3167 1661 3192 ,
1687 3126 1772 3181 vel
1822 3125 2043 3182 divitias
2071 3144 2164 3184 eo-
2191 3104 2237 3168 C
2272 3104 2518 3200 portatur
2540 3144 2571 3182 a
2597 3104 2790 3194 vento,
2842 3135 2899 3182 et
2928 3104 3090 3198 ignis
3127 3104 3402 3181 comburit
3426 3142 3441 3179 :
3469 3124 3555 3180 sic
3609 3129 3866 3193 peccato-

574 3233 716 3286 rum,
744 3232 883 3290 qnos
910 3217 1160 3277 Christus
1185 3219 1424 3290 collegit,
1475 3229 1532 3274 et
1584 3219 1645 3275 ﬁt
1690 3220 1958 3276 Rclesia.
1990 3221 2163 3291 Zona,

574 3310 628 3371 id
657 3320 762 3379 est,
794 3311 1145 3370 mortiﬁcatio
1172 3313 1429 3370 vitiorum
1466 3329 1483 3369 ι
1525 3314 1662 3369 circa
1686 3313 1915 3382 lumbos,
1970 3316 2024 3371 id
2056 3328 2162 3385 est,

576 3406 700 3475 quia
725 3406 798 3463 ibi
818 3417 903 3464 est
930 3408 1224 3465 fornicatio
1257 3408 1357 3465 viri
1399 3417 1456 3465 ct
1482 3409 1774 3465 mulierum
1798 3410 1853 3465 in
1883 3411 2161 3468 umbilico.

576 3498 765 3555 Escam
786 3504 899 3569 ejus
920 3500 1166 3567 locusta,
1216 3503 1534 3559 miserrima:
1586 3518 1716 3558 aves
1770 3512 1932 3568 sunt,
1983 3515 2167 3561 osten-

577 3591 712 3645 dunt
740 3592 979 3659 Jndreos,
1022 3596 1114 3665 qui
1144 3604 1269 3650 sunt
1299 3596 1535 3650 litteram
1586 3595 1720 3665 legis
1768 3597 1845 3651 uti
1896 3597 2165 3667 locusta;

582 3684 679 3737 met
710 3683 959 3751 sitt'estre,
982 3686 1252 3756 signiﬁcat
1278 3686 1468 3742 dulces
1511 3703 1793 3745 sermones
1810 3690 1928 3759 Dei,
1971 3692 2053 3746 vel
2071 3692 2168 3748 Ju-

582 3774 729 3829 dzeos
752 3777 841 3846 qui
870 3786 1227 3847 susceperunt
1254 3778 1467 3835 dulcem
1498 3780 1962 3851 praedicationem,
1991 3790 2047 3839 et
2075 3800 2168 3840 ve-

581 3877 783 3923 nerunt
805 3868 871 3923 ad
902 3868 1202 3926 Christum.

653 3959 798 4017 Tune
824 3962 1031 4016 exibant
1058 3963 1127 4018 ad
1146 3979 1265 4018 eum
1293 3963 1656 4037 lerosolyma,
1714 3975 1771 4024 et
1817 3969 2050 4039 reliqua.
2105 3969 2167 4025 ld

579 4062 687 4120 est,
731 4052 883 4109 Judas
916 4064 1055 4109 terra
1079 4097 1094 4123 ,
1129 4070 1227 4125 pro
1274 4055 1668 4113 habitatoribus
1695 4058 1914 4114 dicitur.
1945 4060 2169 4116 Jeroso-

578 4148 744 4218 lyma,
770 4148 897 4203 uisio
922 4148 1084 4222 pacis,
1111 4148 1318 4205 indicat
1345 4152 1625 4221 pacificos,
1656 4154 1751 4223 qui
1776 4154 1842 4207 ad
1885 4154 2169 4212 Christum

580 4244 807 4301 veniunt
827 4260 930 4315 per
948 4244 1374 4302 confessionem.
1403 4246 1678 4313 Jordanis,
1715 4248 1766 4302 id
1795 4257 1909 4313 est,
1952 4249 2168 4303 descen-

580 4338 681 4405 sio,
704 4338 971 4409 signiﬁcat
999 4339 1392 4397 descendentes
1444 4341 1498 4397 iu
1532 4339 1847 4398 humilitate
1884 4339 1954 4397 ad
2008 4342 2169 4398 Chri-

577 4440 741 4489 Stunt.

652 4525 722 4582 Et
770 4526 1101 4599 baptizabant
1131 4526 1184 4582 in
1208 4526 1460 4583 Jordane.
1498 4525 1755 4583 Ostendit
1781 4526 1905 4597 quia
1948 4542 2046 4597 per
2075 4528 2169 4585 de-
2194 4505 2246 4565 θ

581 4622 925 4678 scensiouem
959 4621 1191 4677 humiles
1216 4629 1490 4678 venerunt
1517 4620 1585 4675 ad
1616 4621 1970 4690 baptismum.
1993 4621 2169 4693 Conﬁ-

580 4725 739 4772 tentes
766 4726 976 4789 peecata
1001 4732 1097 4771 sua
1127 4733 1147 4782 ;
1188 4715 1428 4774 ostendit
1476 4706 1625 4784 (mea
1664 4722 1879 4784 oportet
1918 4714 2171 4771 conﬁteri

580 4821 826 4879 peccata,
855 4819 1148 4883 antequam
1180 4827 1243 4868 ac
1258 4811 1707 4871 communionem
1737 4810 1944 4865 veniat.
1972 4808 2168 4865 Phari-

580 4906 693 4969 uti,
725 4906 779 4960 id
796 4916 903 4970 est.
931 4907 1110 4970 divisi,
1137 4906 1223 4963 vel
1243 4905 1521 4971 Sarahatze
1542 4912 1836 4973 vocantur,
1890 4902 2165 4973 Saductei,

572 5003 851 5074 justiﬁcati
876 5002 1017 5073 apud
1047 5004 1394 5075 semetipsos.

653 5095 725 5151 Et
749 5096 883 5152 dixit
910 5098 1006 5165 eis,
1039 5098 1327 5173 Prageuies
1348 5099 1668 5170 viperarum.
1710 5096 1859 5155 idem
1890 5112 2166 5154 venenum

580 5192 638 5249 in
662 5192 845 5264 lingua
874 5202 1080 5251 tantum
1110 5202 1227 5263 est;
1254 5209 1383 5251 nam
1418 5192 1711 5265 patricidas
1749 5202 1806 5251 ct
1846 5194 2167 5251 matricidas

652 5426 676 5455 α
708 5418 885 5489 Atque
916 5417 1032 5472 haec
1059 5418 1253 5489 mirum
1275 5458 1289 5481 ,
1322 5431 1481 5483 quam
1531 5416 1819 5485 depravata
1874 5424 2048 5471 erant.
2103 5417 2158 5470 in

579 5492 777 5545 deserto
801 5487 1032 5543 Joannis
1062 5487 1254 5543 Christi
1290 5490 1481 5542 trinum
1511 5489 1719 5544 modum
1767 5490 1825 5555 ﬁt
1868 5493 2155 5543 clamor....

577 5560 1119 5626 secundaasurdunt,
1160 5562 1205 5614 si
1249 5576 1363 5612 cum
1410 5562 1545 5630 aspis
1602 5564 1782 5625 surda,
1842 5568 1949 5616 etc.
2012 5574 2153 5623 mox,

581 5642 726 5684 erant
746 5630 945 5695 Jndwi,
970 5642 1015 5683 et
1045 5633 1132 5700 qui
1156 5646 1331 5685 amore
1352 5632 1537 5694 amico,
1554 5642 1683 5697 etc.,
1704 5645 1760 5685 nt
1785 5634 1917 5686 nihil
1946 5630 2015 5684 de
2038 5632 2159 5685 aliis

588 5700 1039 5769 interpunt-tionis
1066 5701 1237 5765 vitiis,
1275 5711 1434 5771 atque
1460 5704 1858 5771 orthographia:
1879 5704 2079 5766 dicam,
2106 5710 2161 5755 et

585 5784 710 5839 quae
744 5778 1061 5826 contextum
1113 5785 1331 5826 omnem
1366 5773 1739 5844 pervertebat,
1795 5785 1848 5830 et
1894 5788 2159 5839 sensum,

2267 3236 2378 3293 res,
2410 3222 2517 3295 ipsi
2549 3222 2868 3279 custodiunt
2900 3223 3116 3294 ignem,
3141 3220 3268 3290 quia
3299 3234 3407 3276 non
3458 3218 3647 3275 deﬁcit
3693 3217 3863 3289 ignis,

2268 3317 2372 3372 nisi
2401 3315 2658 3371 deﬁciant
2686 3314 2855 3384 ligna.

2335 3408 2484 3464 Tune
2505 3408 2641 3463 venit
2661 3405 2816 3462 Jesus
2838 3420 2839 3427 ‘
2862 3405 2933 3461 ad
2962 3405 3259 3471 Gaiiiaam,
3319 3412 3377 3460 ut
3407 3404 3778 3476 baptizaretur,
3808 3411 3869 3458 et

2265 3502 2493 3572 reliqua.
2528 3500 2782 3556 Christus
2805 3500 2872 3556 ad
2898 3500 3165 3555 Joannem
3195 3498 3363 3565 venit,
3398 3497 3450 3553 id
3494 3506 3597 3563 est,
3652 3511 3867 3567 sponsa

2265 3596 2540 3652 osculatur
2597 3608 2854 3663 sponsum
2884 3637 2900 3660 ,
2944 3594 3071 3665 quia
3130 3594 3360 3649 Joannis
3412 3606 3508 3663 per
3556 3589 3866 3647 Ecclesiam

2267 3704 2498 3759 sponsus
2520 3698 2623 3744 est.
2653 3689 2755 3745 Hic
2785 3688 2941 3754 dicit,
2975 3688 3238 3743 osculetur
3267 3704 3348 3743 me
3379 3683 3556 3742 osculo
3589 3685 3698 3741 oris
3728 3685 3814 3739 sui
3844 3702 3864 3743 :

2266 3785 2353 3840 vel
2386 3785 2508 3839 ideo
2530 3783 2780 3839 Christus
2825 3799 2856 3837 a
2909 3782 3121 3838 Joanne
3177 3782 3505 3852 baptizatur,
3549 3789 3610 3837 ut
3666 3793 3866 3836 servus

2270 3894 2375 3933 non
2408 3894 2468 3933 se
2496 3885 2723 3934 excuset
2749 3892 2846 3932 suo
2880 3878 3114 3931 Domino
3148 3874 3446 3945 baptizari,
3477 3874 3563 3929 vel
3598 3873 3869 3928 Dominus

2270 3988 2377 4027 non
2402 3972 2731 4043 dediguetnr
2754 3987 2783 4027 a
2806 3986 2969 4027 servo
2999 3985 3100 4025 suo
3128 3968 3417 4039 baptizari.
3451 3967 3566 4041 Ego
3604 3984 3637 4023 α
3678 3976 3726 4021 te
3772 3966 3869 4021 de-

2270 4067 2363 4122 beo
2391 4066 2664 4136 baptizari.
2695 4065 2801 4120 Per
2826 4065 2986 4119 istam
3041 4077 3267 4121 causam
3315 4061 3557 4118 Joannes
3608 4061 3870 4131 cognovit

2269 4158 2547 4214 Christum
2571 4158 2715 4213 inter
2746 4158 2967 4220 multos,
2998 4154 3124 4209 dum
3150 4153 3405 4209 Jordanis
3433 4152 3570 4222 fugit
3598 4153 3772 4216 illum,
3804 4163 3869 4206 et

2271 4260 2484 4307 montes
2538 4251 3006 4305 exsultaverunt:
3059 4247 3187 4315 quia
3242 4254 3497 4303 creatura
3552 4252 3867 4300 creatorem

2270 4322 2602 4416 agnovit;et
2638 4345 2760 4399 ideo
2809 4343 2876 4398 ad
2907 4344 3171 4401 Joannem
3223 4342 3414 4404 venit,
3458 4348 3521 4396 ut
3570 4338 3870 4399 mandaret

2271 4454 2463 4509 aquas,
2492 4446 2547 4493 et
2573 4446 2634 4492 ut
2654 4436 2861 4506 Spiritu
2887 4445 3075 4491 sancto
3100 4435 3586 4491 deiuonstraretur.
3610 4432 3870 4498 Quatuor

2272 4547 2483 4590 causas.
2521 4531 2649 4587 Sine
2678 4530 2853 4596 modo,
2887 4528 2941 4585 id
2966 4539 3079 4593 est,
3132 4528 3310 4585 donec
3367 4525 3619 4597 baptismi
3671 4533 3872 4581 essent

2273 4626 2455 4691 ambo,
2488 4625 2543 4680 id
2570 4635 2677 4692 est,
2700 4624 2769 4679 ab
2793 4623 2953 4679 undis
2978 4620 3230 4677 Christus
3250 4663 3265 4690 ,
3298 4619 3384 4675 vel
3434 4619 3699 4691 martyrio
3718 4658 3733 4683 ,
3793 4618 3871 4673 ad

2272 4731 2325 4776 te
2342 4718 2611 4790 pervenit.
2638 4717 2853 4772 Omnem
2867 4716 3151 4789 justitiam,
3167 4725 3221 4768 et
3235 4704 3468 4784 reliqua.
3486 4712 3537 4767 id
3557 4720 3664 4780 est,
3687 4712 3867 4781 legem

2271 4822 2505 4876 naturae,
2536 4811 2625 4867 vel
2652 4811 2825 4881 legem
2856 4810 3085 4874 litterte,
3128 4806 3255 4880 quia
3283 4821 3407 4862 mos
3441 4803 3543 4861 fuit
3575 4805 3629 4860 in
3660 4806 3741 4860 eis
3779 4819 3872 4860 se-

2273 4910 2454 4964 niores
2486 4906 2776 4961 honorare.
2802 4901 3147 4971 Baptismum
3197 4897 3426 4956 Christi.
3482 4895 3553 4954 Ut
3596 4910 3708 4952 non
3758 4896 3873 4950 dif-

2272 4998 2532 5059 ferrent”
2557 4996 2885 5067 baptismum
2924 4994 3153 5052 Joannis
3206 4991 3274 5049 de
3305 4992 3577 5061 baptismo
3630 4986 3867 5044 Christi.

2272 5096 2410 5164 Quia
2433 5107 2568 5164 aqua
2588 5093 2811 5148 lavatet
2842 5086 3180 5158 exstinguit;
3228 5083 3352 5140 ideo
3401 5097 3499 5153 per
3536 5092 3704 5150 aquas
3762 5081 3867 5136 lxi-

2274 5190 2531 5262 ptismum
2554 5184 2656 5240 fuit
2689 5201 2704 5237 :
2731 5186 2803 5238 ita
2830 5181 3071 5239 Joannes
3103 5180 3247 5235 lavat
3272 5185 3331 5233 ct
3384 5174 3685 5245 exstinguit
3736 5189 3871 5247 peco

2268 5412 2419 5469 nulla
2461 5405 2755 5463 verborum
2781 5404 3101 5476 Scriptum,
3130 5419 3251 5478 quze
3275 5413 3643 5475 exponuntur,
3674 5402 3869 5460 distiu-

2262 5493 2582 5605 cugbeesse
2606 5547 2831 5619 verbum
2858 5547 3103 5616 aliquod,
3128 5560 3184 5602 ut
3208 5548 3351 5602 alius
3382 5548 3774 5619 perlectusque
3796 5549 3871 5604 sit

2262 5639 2472 5687 sensus,
2502 5618 2842 5690 perspicuum
2864 5626 2967 5673 est.
2990 5620 3077 5673 Sic
3114 5623 3276 5689 paulo
3310 5630 3467 5685 post,
3504 5622 3591 5673 ubi
3642 5620 3865 5690 dicitur,

2262 5688 2541 5763 baptismns
2572 5688 2741 5743 mari:
2763 5704 2921 5760 quem
2947 5704 3012 5745 ex
3046 5691 3262 5763 ingenio
3296 5690 3475 5746 locum
3500 5690 3733 5762 reﬁgere
3759 5688 3870 5750 non

2266 5772 2419 5826 libet.
