4050 6198
775 330 1144 392 EXPOSITlO
1180 330 1517 404 QUATUOR
1554 329 2123 411 EVANGELIORUM.
2170 334 2595 394 MATTIIASUS.

3235 336 3341 395 54?.

191 464 280 519 m,
304 450 548 507 viviﬁcat
576 457 631 506 et
659 449 829 505 satiat
856 459 883 487 ιι
909 467 922 504 :
953 451 1029 506 ita
1058 450 1361 522 baptismus
1386 452 1545 505 mari.
1600 451 1665 507 Et
1690 449 1743 512 Α
1770 451 1859 520 qui
1881 465 1982 520 per
2008 450 2312 507 membrum
2341 468 2370 507 a
2419 452 2594 507 Pilato
2625 450 2869 522 cruciﬁgi
2918 451 3185 521 permisit.
3237 450 3344 511 llas

195 544 422 600 duobus
449 543 769 601 substantiis
813 543 1179 613 baptisantur,
1214 542 1267 597 id
1294 554 1400 607 est,
1434 559 1573 614 aqua
1605 552 1660 597 et

192 638 526 701 sacerdotis,
564 637 843 693 visibilem
871 645 927 692 et
955 637 1321 705 invisibilem,
1360 652 1565 709 corpus
1603 646 1659 692 et

200 745 318 784 am.
347 729 593 784 Ascendit
614 730 676 783 de
705 746 871 799 aqua,
900 728 1193 799 signiﬁcat,
1229 740 1419 800 postea
1466 745 1659 787 ascen-

208 838 315 892 per
347 825 491 878 bona
520 836 709 893 opera,
749 832 806 878 et
845 824 1019 893 gradu
1056 824 1375 879 humilitatis
1421 824 1651 879 descen-

204 932 220 969 :
259 917 388 987 quia
418 915 674 972 Jordanis
714 916 975 972 descensio
1026 916 1249 973 dicitur.
1300 915 1438 971 Ecce
1491 916 1657 987 aperti

194 1011 344 1077 cati,
378 1011 432 1066 id
461 1019 569 1075 est,
601 1010 930 1081 baptismum
954 1011 1236 1066 ostendit:
1269 1010 1466 1066 caelum
1497 1024 1657 1078 aper-

192 1113 291 1159 est
325 1103 621 1175 unicuique
644 1114 771 1175 post
801 1104 1017 1171 culpam
1044 1103 1199 1159 Adae.
1242 1100 1311 1157 Et
1343 1101 1469 1155 cidit
1499 1100 1656 1168 spiri-

191 1197 591 1253 descendentam
615 1196 749 1251 sicut
777 1195 1069 1251 columbam
1101 1212 1121 1251 :
1144 1195 1383 1250 ostendit
1426 1194 1568 1264 quod
1596 1194 1651 1249 iu

191 1304 227 1343 a
261 1290 538 1345 columba:
560 1298 796 1354 tantum,
814 1289 942 1359 quia
964 1288 1035 1344 ab
1059 1302 1185 1345 aere
1206 1286 1428 1357 spiritus
1454 1298 1652 1355 corpus

191 1383 275 1451 pit
306 1382 644 1441 :similitudo
664 1382 929 1439 columbae
957 1381 1025 1437 ad
1056 1382 1161 1439 hoc
1183 1381 1321 1437 laeta
1350 1388 1458 1446 est,
1519 1395 1643 1436 nam

191 1493 203 1529 l
242 1476 512 1533 nonfuit.
556 1475 684 1533 ideo
734 1476 788 1531 in
838 1474 1091 1533 columba
1131 1476 1283 1530 venit
1319 1474 1546 1544 spiritus
1593 1474 1647 1529 in

191 1577 371 1635 stum,
418 1570 546 1641 quia
577 1570 696 1627 avis
723 1570 872 1626 mitis
898 1578 1021 1626 est:
1069 1568 1145 1625 ita
1202 1566 1459 1625 Christus
1502 1567 1650 1623 mitis

191 1665 435 1721 macula.
464 1665 597 1721 Nam
621 1665 804 1733 aliter,
838 1674 1046 1735 septem
1096 1663 1297 1735 ﬁguras
1337 1662 1506 1720 habet
1556 1676 1650 1719 co-

194 1772 259 1823 a,
292 1756 632 1828 septiformis
661 1755 898 1826 Spiritus
926 1755 1294 1826 signiﬁcatur;
1321 1765 1376 1811 et
1400 1754 1526 1812 ideo
1552 1770 1651 1825 per

1764 552 1877 600 tres
1898 547 2229 601 tentationes
2255 548 2309 601 in
2341 547 2511 601 Adam
2537 547 2687 615 prius
2708 544 2960 601 diabolus
2986 547 3196 616 exigit:
3246 560 3347 617 per

1757 638 1939 708 gulam
1965 638 2123 705 dixit,
2152 649 2302 711 gusta
2328 654 2345 693 :
2376 654 2471 709 per
2494 653 2690 693 vanam
2721 638 2981 709 gloriam,
3034 640 3177 694 eritis
3215 640 3347 694 sicut

1760 732 1833 786 dii
1857 748 1877 786 :
1908 747 2003 801 per
2024 733 2329 798 avaritiam,
2354 733 2569 787 scientes
2598 732 2787 787 bonum
2808 742 2857 786 et
2880 731 3107 798 malum;
3131 731 3225 787 sed
3254 747 3348 801 per

1757 822 1858 880 has
1885 832 1995 880 tres
2028 826 2227 883 iterum
2258 826 2489 882 tentavit
2511 824 2789 881 Christum
2823 840 2837 879 :
2872 824 3017 896 gula,
3068 824 3135 879 de
3194 836 3347 892 petra

1758 920 1877 974 ﬁeri
1908 935 2102 989 panem
2136 938 2150 974 :
2181 935 2284 991 per
2313 936 2506 976 vanam
2529 920 2789 991 gloriam,
2831 920 2975 974 mitte
2997 925 3044 973 ω
3070 919 3305 972 deorsum
3326 934 3346 973 :

1756 1029 1855 1082 per
1880 1016 2160 1089 avaritiam
2180 1054 2197 1081 ,
2235 1017 2410 1070 omnia
2436 1014 2530 1069 tibi
2555 1014 2709 1080 dabo,
2741 1022 2797 1070 et
2826 1012 3052 1084 reliqua.
3098 1011 3207 1068 Sed
3251 1010 3345 1083 qui

1754 1121 1881 1162 eum
1910 1107 1964 1161 in
1997 1108 2277 1179 abyssum,
2307 1108 2476 1162 verbo
2509 1108 2940 1177 prscdicationis,
2966 1105 3346 1161 ducit:osten-

1751 1201 1831 1254 dit
1858 1214 1955 1268 per
1984 1201 2080 1253 has
2104 1208 2218 1254 tres
2239 1201 2462 1255 vincere
2483 1199 2782 1255 diabolum.
2824 1198 2925 1254 Hic
2961 1198 3204 1255 ostendit
3248 1212 3343 1253 ve-

1752 1306 1871 1347 rum
1901 1289 2074 1344 Deum
2102 1298 2156 1344 et
2178 1304 2367 1345 verum
2394 1290 2669 1345 hominem
2706 1307 2719 1343 :
2750 1290 2915 1345 homo
2961 1304 3121 1360 quem
3171 1293 3342 1345 tentat

1750 1382 2021 1446 diabolus,
2051 1380 2197 1437 Deus
2228 1388 2333 1445 est,
2353 1380 2439 1435 cui
2468 1380 2646 1450 angeli
2680 1379 3085 1435 ministrabant.
3112 1395 3183 1436 ιι.
3198 1378 3341 1445 dies,

1750 1470 1968 1535 decima
1996 1482 2126 1529 sunt
2155 1472 2303 1538 anni,
2334 1481 2394 1527 ut
2422 1472 2563 1528 sicut
2591 1472 2661 1527 ab
2686 1472 2942 1527 omnibus
2984 1472 3149 1527 rebus
3194 1472 3343 1527 deci-

1749 1581 1866 1622 mas
1886 1567 2018 1623 dare
2040 1565 2340 1623 debemus:
2372 1567 2447 1621 ita
2470 1574 2527 1622 et
2557 1563 2768 1622 dierum
2815 1565 2944 1619 vitae
2981 1574 3185 1621 nostra:
3227 1565 3341 1621 Deo

1749 1664 1990 1719 decimas
2018 1664 2151 1719 dare
2172 1662 2510 1720 studeamus.

1823 1756 2085 1824 Quoniam
2112 1756 2310 1828 angelis
2339 1756 2470 1823 suis,
2488 1763 2546 1811 et
2564 1754 2772 1825 reliqua
2810 1769 2823 1806 :
2851 1760 2912 1808 ut
2932 1752 3153 1809 vicisset
3174 1748 3337 1806 Chri-

191 1851 364 1907 nham
391 1852 546 1908 venit
569 1850 800 1922 spiritus
825 1850 883 1907 in
905 1850 1147 1915 Christo,
1172 1848 1315 1906 sicut
1343 1848 1503 1906 stella
1530 1865 1651 1920 quae
1678 1836 1728 1900 Β
1756 1858 1901 1905 stum
1931 1849 2183 1919 exemplo
2207 1890 2222 1915 ,
2263 1848 2367 1903 hoc
2427 1847 2567 1902 sicut
2607 1844 2858 1902 Christus
2901 1845 3053 1900 illum
3086 1844 3339 1915 exemplo

191 1952 348 2000 lutea
372 1941 497 2009 fuit,
526 1958 629 2001 nec
658 1951 875 2014 postea.
912 1942 1009 2001 Vel
1055 1941 1182 1999 ideo
1234 1942 1360 2013 quia
1406 1942 1554 1999 ﬁlius
1598 1944 1652 2000 in

192 2050 310 2100 πε,
338 2036 467 2106 quia
489 2035 633 2093 sicut
656 2049 765 2093 non
795 2036 1105 2106 potuissent
1127 2033 1379 2093 homines
1408 2049 1653 2105 prasen-

206 2128 348 2185 Filii
377 2128 480 2187 Dei
497 2130 778 2187 sustinere
800 2130 922 2186 sine
946 2142 1181 2201 corpore
1208 2146 1223 2183 :
1255 2128 1330 2185 ita
1361 2143 1466 2185 nec
1485 2128 1651 2199 spiri-

191 2222 319 2277 sine
342 2222 615 2279 columba
640 2224 825 2294 specie
868 2223 1280 2282 sustinuissent.
1328 2221 1440 2278 Cur
1488 2237 1654 2292 super

191 2316 337 2371 tolos
360 2316 417 2371 iu
448 2316 595 2388 igne,
631 2328 685 2373 et
731 2317 955 2373 Christo
1011 2317 1066 2373 in
1093 2316 1373 2385 columba,
1406 2317 1473 2373 ad
1504 2318 1656 2373 litte-

191 2408 495 2467 dicendum
526 2409 845 2465 ostendunt.
881 2408 950 2464 Et
975 2425 1076 2465 nos:
1104 2409 1173 2464 de
1197 2410 1359 2474 cistis,
1402 2408 1493 2464 hic
1540 2409 1653 2465 Tri-

223 2510 605 2571 comparatur.
639 2501 758 2557 Vox
781 2500 958 2556 Patris
986 2501 1185 2556 Filium
1216 2500 1369 2567 dicit,
1425 2502 1651 2572 spiritus

192 2593 518 2649 :oiumbam.
544 2593 651 2648 Hic
674 2604 749 2649 εει
775 2591 951 2648 Filius
968 2609 1129 2659 meus,
1155 2600 1210 2648 et
1237 2592 1449 2663 reliqua
1473 2608 1491 2651 ι
1520 2596 1648 2665 quia

191 2686 374 2743 sﬁiius
402 2688 573 2743 Adam
600 2687 901 2759 displicuit,
926 2687 983 2742 iu
1009 2684 1233 2743 Christo
1271 2694 1454 2745 autem
1500 2702 1653 2745 cont-

192 2781 287 2835 tit.

191 2891 279 2928 mc
305 2872 459 2929 Jesus
483 2875 669 2930 ductus
691 2884 787 2945 est,
820 2874 875 2929 id
906 2883 1011 2942 est,
1044 2890 1075 2931 a
1104 2874 1309 2947 Spiritu
1334 2882 1527 2930 sancto
1553 2875 1653 2931 du-

223 2969 284 3021 in
326 2967 565 3024 deserto'
602 2977 723 3039 post
772 2968 1138 3039 baptismum:
1166 2967 1464 3023 ostendunt
1505 2968 1648 3039 quod

198 3062 451 3133 ejunium
477 3073 532 3119 et
553 3064 860 3119 orationem
883 3063 1121 3119 vincitur
1140 3062 1412 3118 diabolus.
1466 3062 1644 3119 Debe—

1756 1960 1855 1999 suo
1882 1944 2016 1999 vicit
2040 1959 2136 2012 per
2162 1942 2507 2012 scripturam.
2544 1939 2653 1997 Sed
2684 1940 2934 1995 diabolus
2975 1954 3086 1995 non
3130 1949 3339 1995 rectum

1756 2037 1910 2092 illum
1941 2036 2207 2106 psalmum
2238 2033 2308 2089 de
2334 2032 2553 2089 Christo
2582 2031 2873 2101 intelligit:
2907 2031 2981 2085 ait
3028 2030 3107 2085 illi
3153 2031 3338 2092 Jesus,

1757 2129 1881 2184 Non
1910 2131 2133 2185 tentabis
2156 2129 2433 2183 Dominum
2463 2125 2630 2182 Deum
2661 2134 2805 2179 tuum
2824 2164 2841 2192 ,
2870 2124 2959 2180 hic.
2979 2124 3125 2191 ,dicit
3167 2142 3179 2179 :
3213 2125 3341 2179 dum

1756 2240 1857 2296 ego
1881 2239 2000 2281 sum
2032 2224 2297 2279 Dominus
2325 2224 2468 2279 Dens
2497 2230 2643 2291 tuus,
2675 2237 2773 2277 cur
2798 2235 2885 2276 me
2913 2219 3128 2276 tentas?

1827 2318 1897 2372 Et
1922 2317 2144 2372 ostendit
2166 2318 2213 2371 ei
2247 2316 2426 2371 omnia
2450 2330 2610 2386 regna
2644 2313 2873 2367 mundi:
2901 2312 2952 2368 id
2990 2320 3094 2377 est,
3126 2326 3339 2377 aurum,

1754 2421 2061 2483 argentum.
2103 2409 2235 2464 Haec
2266 2410 2443 2464 omnia
2484 2408 2577 2461 tibi
2612 2405 2747 2462 dabo
2773 2446 2789 2472 ,
2837 2413 2894 2462 et
2929 2404 3159 2475 reliqua.
3201 2404 3342 2461 Vere

1755 2506 1927 2573 cadit,
1960 2504 2053 2577 qui
2090 2505 2281 2560 adorat
2323 2503 2637 2569 diabolum;
2678 2502 3004 2573 quicumque
3042 2497 3344 2556 monachus

1754 2600 1988 2671 principi
2034 2609 2256 2670 propter
2297 2597 2609 2654 mercedem
2649 2597 2968 2664 curaverit,
3018 2608 3079 2652 se
3124 2594 3341 2649 diabolo

1754 2696 2114 2765 mancipatur.
2149 2694 2293 2749 Vade
2317 2702 2489 2757 retro,
2522 2692 2576 2748 id
2606 2699 2717 2758 est,
2746 2704 2974 2762 regnum
3002 2700 3149 2746 tuum
3175 2702 3338 2756 nunc,

1753 2792 1838 2846 vel
1869 2791 1925 2845 in
1948 2791 2154 2860 judicio
2182 2792 2235 2845 iu
2265 2788 2555 2845 infernum.

1824 2883 2107 2939 Dominum
2148 2894 2291 2937 tuum
2328 2882 2613 2949 adorabis,
2660 2888 2714 2937 et
2751 2879 2959 2951 reliqua
3016 2894 3033 2933 :
3090 2891 3189 2947 per
3237 2878 3342 2933 tria

1754 2978 2000 3049 exempla
2034 2976 2066 3017 ιι
2106 2976 2515 3033 Deuterouomii
2560 2991 2670 3045 quo
2717 2974 3057 3046 signiﬁcatur
3097 2972 3343 3044 Evange-

1751 3076 1903 3143 lium,
1936 3074 1989 3131 id
2009 3085 2113 3141 est,
2145 3074 2358 3131 iteratio
2385 3073 2542 3145 legis,
2571 3072 2837 3127 Dominus
2863 3069 3139 3128 diabolum
3169 3067 3298 3124 vicit
3325 3084 3339 3121 ε

191 3168 246 3211 ει
278 3171 379 3213 nos
408 3157 463 3212 in
493 3156 771 3213 desertum
794 3156 917 3210 duci
958 3170 988 3211 a
1030 3156 1176 3212 vitiis
1200 3197 1214 3221 ,
1271 3166 1328 3212 ut
1366 3157 1649 3213 vincamus
1686 3232 1721 3241 _
1751 3170 1789 3225 ἱι

1751 3170 1880 3226 item
1918 3168 2221 3241 signiﬁcat,
2263 3168 2317 3224 id
2346 3178 2466 3232 est,
2517 3165 2746 3223 tentatio
2775 3166 2827 3219 in
2860 3163 3027 3219 David
3058 3171 3113 3218 et
3139 3162 3338 3215 Coliat.

223 3250 299 3306 Ut
325 3260 612 3307 tentaretur
635 3267 667 3306 a
690 3251 933 3319 diabolo,
985 3251 1040 3307 id
1092 3262 1211 3321 est,
1262 3262 1322 3309 ut
1370 3254 1646 3310 diabolum
1677 3232 1723 3297 ο
1756 3282 1785 3320 ν
1816 3266 1822 3320 1

1756 3282 1785 3320 v
1816 3232 2056 3335 lapides,
2086 3280 2118 3318 v
2144 3232 2263 3319 libri
2296 3261 2466 3336 Moysi
2516 3279 2531 3316 :
2570 3259 2663 3332 qui
2696 3258 2764 3315 de
2790 3272 2898 3313 uno
2924 3255 3120 3312 occidit
3147 3254 3338 3311 diabo—

193 3353 317 3399 eret.
354 3344 718 3417 Quadraginta
744 3344 926 3401 diebus
947 3352 993 3400 et
1014 3345 1368 3417 quadraginta
1392 3346 1644 3413 noctibus,

194 3435 403 3493 :eretici
433 3434 698 3504 dicerent,
723 3457 732 3466 ·
756 3438 902 3510 quod
935 3447 1096 3494 nocte
1135 3438 1542 3496 manducasset.
1578 3454 1646 3495 ιι.

193 3546 264 3585 im
292 3533 436 3601 quod
460 3531 672 3604 Moyses
692 3532 958 3603 jejunavlt
983 3533 1036 3588 in
1060 3542 1337 3603 monte,et
1366 3549 1434 3589 ιι,
1460 3535 1642 3591 Elias:

193 3627 378 3681 itcum
410 3626 696 3698 discipulis
742 3629 855 3683 suis
886 3628 1245 3700 quadraginta
1286 3630 1477 3686 diebus
1518 3640 1644 3703 post

193 3722 510 3778 rectionem
546 3732 639 3777 :et
667 3738 739 3777 XL
777 3722 989 3779 dierum
1018 3723 1307 3791 diluvium,
1361 3725 1487 3797 quia
1546 3742 1641 3796 per

194 3820 480 3882 peccatum
505 3814 638 3870 Adae
686 3814 873 3871 delere
926 3815 1136 3871 debuit.
1197 3815 1390 3872 Postea
1437 3821 1639 3887 esuriit,

193 3916 244 3960 at
277 3921 470 3963 verum
498 3907 800 3975 hominem,
835 3916 892 3965 ut
946 3908 1198 3965 diabolus
1254 3908 1466 3966 falleret
1522 3912 1640 3982 ejus

194 4000 348 4055 itate.

193 4092 377 4145 cedem:
406 4102 653 4159 tentatur,
687 4093 739 4148 id
765 4102 869 4158 est,
925 4103 1203 4164 tamquam
1253 4095 1421 4163 piscis
1469 4105 1641 4152 tentat

194 4199 288 4247 im,
315 4193 373 4239 et
400 4185 759 4241 vinciturzut
802 4186 895 4256 qui
930 4187 1162 4254 primum
1213 4186 1492 4245 hominem
1543 4206 1639 4261 per

194 4295 221 4331 n
252 4279 418 4345 vicit,
464 4297 492 4334 a
533 4282 775 4335 secundo
803 4296 899 4350 per
939 4281 1329 4338 abstinentiam
1360 4285 1631 4341 vincatur.

193 4376 268 4428 ius
295 4374 399 4429 Dei
418 4392 473 4430 es
493 4418 505 4435 .
546 4376 633 4429 dic
674 4384 729 4429 ut
758 4377 980 4445 lapides,
1015 4385 1069 4431 et
1097 4376 1305 4448 reliqua
1338 4394 1351 4431 :
1385 4394 1483 4449 per
1512 4391 1632 4452 ety-

193 4471 358 4539 giam,
382 4472 536 4540 panis
560 4487 587 4524 a
617 4472 909 4540 pascendo,
937 4482 995 4525 ut
1018 4471 1235 4527 videret
1284 4473 1330 4527 si
1373 4472 1442 4529 de
1474 4485 1627 4544 petra

193 4577 303 4620 sset
337 4566 440 4619 hoc
481 4564 700 4620 facere:
733 4565 817 4620 vel
851 4566 977 4636 quia
1034 4567 1263 4637 mystice
1310 4566 1509 4621 diaboli
1554 4568 1630 4623 ci-

198 4661 452 4715 liomines
495 4660 689 4729 iapidei
722 4670 775 4713 et
806 4659 927 4713 duri
967 4658 1022 4714 in
1064 4670 1327 4730 peccato;
1380 4661 1474 4718 sed
1508 4662 1624 4730 ille,

196 4770 217 4807 ε
249 4770 397 4823 aqua
418 4752 634 4823 vinum,
694 4752 843 4809 etde
895 4760 1042 4823 petra
1088 4768 1284 4824 aquam
1344 4756 1621 4827 produxit,

195 4855 211 4899 t
231 4847 338 4903 hoc
366 4847 409 4901 si
440 4847 730 4902 voluisset.

201 4958 230 4993 η
261 4942 311 4994 in
342 4940 456 4994 solo
483 4957 616 5011 pane
640 4940 761 4995 vivit
792 4940 945 4995 homo
975 4956 995 4996 :
1021 4949 1077 4996 et
1128 4940 1358 5011 reliqua,
1409 4943 1462 4999 id
1516 4955 1623 5013 est,

206 5033 396 5089 ixisset
417 5033 603 5102 homo,
631 5034 679 5089 si
704 5049 809 5089 non
837 5034 1105 5090 voluisset
1129 5034 1295 5099 Deus,
1319 5046 1375 5091 et
1390 5036 1503 5107 jam
1531 5055 1627 5109 pa-

195 5126 597 5195 mandueasset,
625 5134 680 5182 et
701 5127 746 5182 si
776 5142 885 5182 non
912 5126 1299 5184 manducasset
1322 5146 1515 5198 panem
1536 5179 1548 5201 ,
1573 5136 1618 5189 si

195 5228 319 5286 sset,
352 5218 605 5289 vixisset,
634 5218 774 5275 sicut
800 5220 1012 5290 Moyses
1042 5230 1097 5276 et
1120 5220 1289 5287 Eiias,
1316 5238 1382 5276 χι
1404 5223 1615 5281 diebus.

196 5328 263 5365 tm
290 5313 411 5383 Dei,
465 5313 697 5379 animm,
741 5314 793 5368 id
834 5320 961 5383 est,
1007 5322 1270 5370 aeternam
1329 5318 1517 5373 vitam.
1553 5319 1617 5374 In

196 5428 212 5461 2
241 5413 460 5481 civitate,
493 5412 545 5467 id
573 5419 679 5481 est,
710 5410 1044 5476 Jerusalem;
1073 5429 1231 5481 super
1255 5413 1465 5484 pinnam
1491 5422 1620 5468 tem-

196 5503 338 5571 lest,
362 5506 527 5577 super
555 5519 773 5560 murum
812 5519 953 5559 areae
986 5504 1268 5576 maceriae,
1327 5507 1615 5564 elationem

196 5594 335 5654 icant
362 5617 375 5652 :
402 5614 506 5654 non
529 5607 634 5664 est,
658 5608 774 5654 uta
802 5598 982 5669 capite
1024 5613 1085 5654 se
1134 5608 1347 5656 tentare
1389 5600 1612 5669 dimisit,

196 5732 462 5809 Iorruptus
509 5736 663 5791 locus
702 5751 1005 5806 sensusque
1037 5747 1149 5803 est;
1186 5736 1283 5791 sed
1326 5752 1446 5805 qua:
1497 5749 1612 5796 tuto

200 5805 358 5875 dare;
382 5825 487 5864 non
509 5818 592 5862 est
623 5811 675 5861 in
700 5818 973 5876 promptu.
999 5812 1224 5863 οιιιιιὶηο
1253 5823 1359 5862 non
1389 5810 1539 5865 libet.

195 5874 337 5937 \ulea
363 5874 777 5948 Deuteronomio,
807 5874 897 5951 qui
923 5880 1215 5951 signiﬁcant
1240 5878 1602 5950 Evangelium.

1750 3361 1883 3425 lum,
1908 3358 1961 3415 id
1988 3368 2092 3427 est,
2125 3372 2291 3413 unum
2322 3356 2519 3411 librum
2552 3364 2611 3407 nt
2639 3351 2898 3420 lapidem.
2939 3349 3046 3404 Per
3076 3362 3134 3402 lii
3162 3355 3339 3402 tenta-

1749 3455 1949 3524 tiones,
1985 3453 2037 3508 id
2060 3463 2163 3520 est,
2196 3451 2491 3521 suggestio,
2520 3446 2833 3509 delectatio,
2867 3444 3199 3509 consensio;
3242 3440 3338 3497 sed

1746 3544 2019 3601 Christum
2047 3559 2145 3615 per
2167 3544 2341 3598 solam
2368 3540 2767 3613 suggestionem
2792 3535 3037 3600 tentavit,
3069 3532 3191 3606 quia
3214 3546 3339 3604 sug-

1745 3639 1921 3711 geStio
1948 3654 2014 3694 ex
2043 3636 2261 3692 diabolo
2303 3636 2384 3690 ﬁt.

1815 3734 1946 3788 Cum
1976 3741 2145 3787 autem
2175 3732 2405 3785 audisset
2431 3729 2587 3784 Jesns
2611 3771 2625 3794 ,
2672 3724 2811 3797 quod
2848 3724 3082 3780 Joannes
3110 3723 3337 3779 traditus

1743 3836 1895 3895 esset,
1928 3825 2131 3881 secessit
2162 3826 2215 3878 in
2236 3822 2511 3878 Gatilwam
2536 3839 2553 3875 :
2582 3821 2633 3877 id
2662 3830 2767 3886 est,
2793 3835 2821 3872 a
2849 3818 3076 3883 ludatis,
3107 3817 3241 3873 abiit
3267 3815 3335 3871 ad

1742 3930 1931 3991 gentes
1958 3962 1974 3986 ,
2012 3916 2102 3972 vel
2128 3918 2316 3971 relicta
2356 3930 2625 3988 synagoga
2658 3928 2779 3969 cum
2825 3911 2968 3984 Lege
2995 3925 3116 3977 sua,
3165 3908 3335 3965 collo-

1741 4014 1883 4069 cavit
1910 4013 2209 4068 Ecelesiam
2236 4021 2289 4066 et
2322 4008 2700 4080 Evangelium.
2735 4006 2959 4063 Galilaaa
2983 4050 2997 4071 ,
3031 4001 3331 4057 volubilitas

1740 4107 1935 4163 dicitur
1959 4126 1971 4162 :
1998 4104 2066 4160 ad
2090 4120 2184 4161 eos
2210 4103 2357 4159 venit
2380 4104 2468 4172 qui
2494 4103 2563 4157 de
2586 4100 2729 4156 malo
2752 4100 2817 4155 ad
2844 4100 3042 4154 bonum
3067 4097 3326 4151 veniunt:

1739 4212 1795 4257 et
1820 4200 1941 4272 quia
1972 4216 2072 4271 pro
2121 4200 2353 4254 sanitate
2396 4197 2585 4266 puella-
2628 4194 2815 4260 venit,
2858 4204 2914 4249 et
2953 4192 3234 4248 mulierem
3277 4190 3328 4243 in

1737 4293 1823 4348 via
1853 4294 2085 4361 sanavit,
2120 4292 2393 4364 signiﬁcat
2421 4306 2747 4364 synagogam
2776 4297 2831 4342 et
2864 4287 3183 4344 Ecclesiam.
3225 4282 3330 4338 Re-

1737 4386 1857 4443 licta
1885 4388 2104 4441 civitate
2128 4386 2375 4454 Galiltea,
2411 4385 2562 4440 venit
2589 4386 2639 4438 in
2667 4383 2992 4437 Calarnaum
3021 4377 3180 4433 :villa
3214 4375 3331 4445 pui-

1734 4481 2003 4537 cherrima
2043 4481 2239 4551 ﬁgurat
2270 4479 2595 4534 Ecclesiam.
2649 4474 2914 4531 Nazareth
2946 4476 3043 4545 ﬂos
3082 4471 3322 4526 dicitur:

1734 4578 1858 4647 quia
1890 4576 1958 4631 de
1982 4574 2117 4631 ﬁore
2149 4574 2359 4630 fructus
2390 4574 2488 4639 ﬁt;
2535 4573 2856 4628 Caiarnaum
2900 4568 3026 4623 uilla
3056 4566 3330 4639 pinguedi-

1732 4670 1811 4723 nis
1835 4685 1853 4722 :
1883 4669 1975 4723 lux
2008 4667 2312 4732 illuminat,
2344 4673 2400 4721 et
2430 4666 2703 4736 pinguedo
2738 4662 2999 4734 sanguine
3025 4671 3195 4716 caret.
3226 4659 3325 4713 Os-

1732 4761 1934 4826 tendit,
1967 4761 2114 4831 quod
2144 4758 2398 4813 Christus
2429 4771 2459 4811 a
2486 4757 2621 4812 ﬂore
2648 4756 2843 4811 littera:
2874 4754 3041 4824 legis,
3073 4752 3327 4824 pervenit

1729 4853 1797 4908 ad
1843 4854 2077 4907 fructum
2123 4848 2466 4920 pinguedinis
2512 4846 2790 4919 Evangelii
2834 4846 3013 4914 lucis,
3084 4845 3139 4901 id
3193 4854 3319 4915 est,

1726 4945 1992 5001 scientia.

1804 5054 1824 5081 ε
1868 5040 1934 5095 In
1962 5039 2151 5109 ﬁnibus
2179 5037 2415 5092 Zabulon
2440 5078 2455 5103 ,
2488 5045 2538 5089 et
2569 5033 2909 5107 Nephthalim
2958 5050 2977 5089 :
3028 5034 3271 5093 Zabulon
3298 5082 3313 5105 ,

1725 5135 1975 5190 habitatio
2001 5130 2401 5205 pulchritudinis
2424 5128 2626 5185 dicitur
2656 5145 2672 5184 :
2706 5127 3053 5197 Nephthalim
3078 5172 3092 5195 ,
3125 5128 3313 5184 oblivio

1725 5228 1941 5284 dicitur.
1987 5225 2089 5279 Hie
2126 5220 2364 5277 ostendit
2403 5219 2527 5292 quia
2574 5219 2665 5290 qui
2706 5219 3047 5277 obliviscitur
3091 5230 3315 5291 peccata

1723 5339 1841 5389 sua,
1872 5322 1988 5391 ipse
2017 5319 2070 5374 in
2098 5314 2509 5389 pulchritudine
2540 5314 2765 5370 habitat.
2799 5311 2966 5369 Trans
3002 5311 3307 5379 Iordanem,

1723 5429 1777 5473 et
1806 5416 2015 5486 reliqua
2068 5429 2082 5467 :
2133 5410 2258 5482 quia
2288 5423 2390 5480 pro
2419 5410 2615 5464 timore
2652 5408 2893 5479 gentium
2939 5406 3265 5477 populorum
3293 5447 3309 5473 ,

1722 5512 1824 5569 iste
1855 5511 1907 5564 in
1941 5516 2101 5562 nocte
2127 5505 2385 5560 manebat
2419 5504 2472 5558 in
2503 5518 2716 5575 eampo.

1801 5602 1940 5655 Vidit
1970 5600 2134 5654 lucem
2160 5613 2403 5671 magnam
2428 5640 2441 5667 ,
2487 5605 2545 5652 ut
2569 5596 2705 5653 dicit
2744 5614 2758 5652 :
2804 5595 2922 5650 Lux
2953 5600 3066 5650 orta
3092 5603 3168 5648 est
3194 5593 3267 5649 eis
3291 5635 3307 5662 ,

1726 5742 1953 5798 Leviora
1981 5740 2405 5795 dissimulamus.

1758 5886 1772 5941 l
1799 5825 1821 5852 ο
1849 5814 2035 5943 dVicini
2067 5816 2120 5868 in
2145 5812 2334 5885 ﬁnibus
2364 5812 2697 5885 superiorem
2724 5811 2974 5889 proxime
3002 5812 3299 5869 sectionem

1722 5900 1753 5942 c
1779 5901 1843 5942 au
1886 5902 1913 5945 e
1954 5897 2068 5944 aut.
