4056 6348
533 320 639 382 545

535 549 680 602 rum,
712 533 806 589 tua:
830 542 943 588 orta
965 539 1040 586 est
1070 531 1164 596 eis,
1191 529 1242 584 id
1266 538 1370 593 est,
1398 528 1668 586 Christus.

609 626 976 682 Paenitentiam
1005 625 1143 695 agite
1166 666 1181 691 ,
1228 623 1282 678 id
1309 631 1395 679 est
1417 665 1432 690 ,
1477 625 1660 680 vinum
1693 626 1746 681 in
1781 626 2005 682 vulnere
2035 643 2130 696 po-

535 721 648 776 nite
671 735 686 784 ;
734 717 1174 789 appmpinquavit
1196 718 1334 772 enim
1360 735 1571 790 regnum
1599 720 1878 785 ctelorum,
1919 720 1971 774 id
1999 730 2084 776 est
2110 762 2126 788 ,

541 812 720 868 oleum
753 811 808 866 in
839 810 1077 865 vulnus:
1109 811 1541 866 consolationem
1563 812 1677 880 dat,
1709 813 1832 884 quia
1864 814 1917 868 in
1946 813 2131 870 Veteri

541 919 742 975 pecora
785 903 1181 971 immolabant,
1229 904 1283 959 in
1321 903 1472 960 Novo
1501 906 1871 976 unusquisque
1901 907 2133 962 Domino

535 996 750 1055 offeret.
798 996 1151 1062 Ambulabat,
1200 999 1439 1053 ostendit
1483 998 1646 1053 nobis
1689 999 1742 1053 in
1772 1000 1975 1055 mundo
2012 1016 2134 1058 esse

537 1091 837 1164 praesenti,
878 1090 1196 1148 transiendo
1221 1136 1235 1161 ,
1279 1107 1391 1148 non
1432 1093 1687 1147 amando.
1733 1090 1898 1147 Juxta
1944 1111 2088 1147 mare
2115 1135 2130 1157 ,

542 1185 816 1240 mundana
848 1198 1016 1240 carne
1044 1225 1059 1250 ,
1103 1198 1259 1240 mare
1296 1183 1530 1240 Galilaea:
1555 1225 1570 1250 ,
1618 1185 1734 1253 ipse
1771 1192 1858 1240 est
1884 1192 2134 1255 stagnum

541 1278 916 1342 Genezareth,
949 1278 1099 1334 lacus
1149 1278 1486 1346 salinarum,
1529 1286 1585 1334 et
1608 1292 1759 1336 mare
1792 1277 2096 1335 Tiberiadis
2117 1321 2132 1348 ,

544 1384 601 1431 et
627 1377 774 1432 lacus
796 1375 1039 1432 Cineret.

622 1469 775 1525 Venit
803 1479 914 1539 post
941 1485 1046 1534 me,
1079 1475 1134 1524 et
1163 1467 1365 1538 reliqua
1395 1484 1409 1521 :
1444 1467 1495 1522 id
1523 1476 1648 1535 est,
1678 1466 1890 1524 animas
1921 1469 2138 1525 trahere

517 1607 524 1612 .
549 1562 621 1617 de
651 1562 843 1632 pelago
873 1561 1084 1630 peccati
1109 1560 1178 1615 ad
1203 1560 1353 1616 littus
1381 1562 1585 1631 requite
1605 1570 1845 1629 aeternae,
1877 1562 2000 1632 quia
2021 1577 2140 1618 mos

547 1665 632 1710 est
659 1652 994 1723 piscantibus
1025 1668 1218 1708 navem
1246 1663 1300 1708 et
1329 1662 1498 1708 retem
1529 1653 1584 1706 in
1609 1668 1760 1708 mare
1791 1652 1991 1709 habere
2021 1670 2036 1710 :
2067 1656 2139 1709 ita

549 1744 782 1816 apostoli
810 1743 1143 1810 Ecclesiam,
1179 1744 1499 1814 Evangelia,
1532 1753 1588 1798 et
1613 1744 1905 1808 mundum,
1939 1746 2139 1812 pisces,

1542 321 1603 379 ὃ.
1645 315 2030 378 HIERONYMI
2062 317 2349 378 OPERUM
2388 318 2760 379 MANTISSA.

533 442 624 516 qui
651 441 898 498 sedebant
922 443 975 496 in
1001 437 1252 504 tenebris,
1288 437 1340 493 id
1369 444 1484 507 est,
1516 438 1840 508 ignorantiae
1877 443 2130 508 peccato—
2155 437 2208 500 Α
2234 440 2475 513 paruulos
2505 436 2696 491 venire.
2738 434 2988 507 Decapoli

3717 323 3838 383 5η

3028 450 3046 490 :
3090 435 3145 492 id
3179 443 3266 492 est
3289 478 3304 506 ,
3350 437 3441 509 qui
3470 435 3640 494 verba
3668 436 3844 510 Legis

2231 532 2563 594 observant,
2596 537 2646 582 et
2677 529 2739 583 de
2771 527 3064 584 Jerusalem
3090 572 3104 596 ,
3149 528 3203 584 id
3230 537 3317 586 est
3341 573 3356 597 ,
3398 532 3543 602 quod
3574 531 3841 589 videntes

2230 639 2442 696 pacem,
2479 622 2754 678 Christum
2780 623 2954 678 secuti
2982 631 3187 692 essent,
3220 632 3269 678 et
3295 625 3358 678 de
3381 623 3575 680 Judtea
3599 642 3619 680 :
3640 625 3694 682 id
3724 637 3838 698 est,

2230 721 2321 791 qui
2351 735 2447 788 per
2473 717 2878 774 confessionem
2907 719 3079 773 secuti
3122 729 3251 773 sunt
3279 717 3577 776 Christum.

2309 812 2503 868 Videris
2545 822 2717 866 autent
2752 811 2908 866 Iesus
2951 812 3151 866 turbas.
3202 812 3335 868 ltem
3374 823 3612 884 quatuor
3655 815 3842 870 turba

2233 914 2435 963 secutae
2470 915 2597 960 sunt
2637 904 2922 959 Christum
2949 946 2964 970 ,
3005 913 3061 960 et
3106 904 3241 976 ipsa:
3267 914 3505 974 quatuor
3533 917 3841 978 sequuntur

2236 1000 2535 1069 Ecclesiam
2563 1017 2579 1059 :
2607 1000 2781 1069 prima
2813 1009 2871 1052 ut
2895 997 3170 1054 Christum
3201 1013 3298 1069 per
3322 997 3578 1056 timorem
3609 1009 3668 1056 et
3684 1016 3842 1056 amo-

2235 1111 2373 1163 rem,
2407 1095 2537 1150 item
2569 1095 2637 1151 ad
2664 1096 2966 1153 Ecclesiam
2999 1097 3230 1151 veniunt
3265 1113 3280 1150 :
3313 1096 3579 1163 secunda,
3613 1098 3706 1165 qui
3738 1113 3839 1168 pro

2237 1187 2536 1258 cupiditate
2565 1187 2668 1244 cibi
2709 1197 2800 1243 aut
2837 1198 2999 1258 potus
3031 1205 3044 1242 :
3079 1189 3241 1244 tertia
3268 1231 3284 1256 ,
3339 1203 3438 1257 pro
3484 1188 3686 1244 invidia
3715 1231 3730 1254 ,
3777 1197 3841 1244 ut

2239 1282 2474 1338 habeant
2503 1283 2648 1354 quod
2684 1294 2993 1342 accusent:
3035 1290 3224 1353 quarta
3265 1281 3538 1338 doctores.
3582 1282 3839 1340 Christus

2239 1382 2344 1435 tria
2368 1379 2583 1454 refugia
2616 1381 2840 1450 habuit,
2869 1391 2930 1438 ut
2955 1381 3168 1453 fugeret
3197 1381 3414 1450 turbas,
3447 1383 3500 1438 in
3524 1393 3744 1448 monte,
3778 1384 3834 1439 in

2239 1472 2493 1543 deserto,
2529 1475 2582 1530 in
2618 1490 2760 1531 nave
2787 1491 2954 1546 super
2979 1490 3165 1543 mare;
3199 1475 3320 1532 haec
3345 1477 3445 1532 tria
3470 1477 3629 1533 nobis
3659 1478 3836 1534 relin-

2240 1567 2394 1637 quit:
2425 1569 2479 1623 in
2506 1568 2852 1623 altitudinem
2883 1569 3263 1624 mandatorum
3296 1569 3618 1626 descendere
3643 1569 3702 1624 in
3734 1570 3836 1624 dr-

2243 1672 2394 1718 serto
2419 1705 2434 1731 ,
2484 1663 2742 1720 deserere
2782 1664 2912 1718 vitia
2941 1707 2954 1728 ,
3001 1673 3057 1720 et
3086 1665 3138 1719 in
3169 1665 3429 1720 unitatem
3455 1664 3726 1720 Ecclesiae
3753 1663 3836 1718 in-

2242 1763 2410 1810 trare.
2465 1756 2628 1810 Navis
2679 1755 2980 1811 Ecclesiam
3032 1757 3302 1827 signiﬁcat
3352 1775 3364 1810 :
3417 1764 3477 1810 ut
3525 1757 3618 1826 qui
3671 1755 3834 1812 habet

551 1839 799 1894 homines
830 1855 844 1892 :
873 1837 1150 1893 mittentes
1195 1838 1360 1892 retias
1390 1836 1442 1891 in
1473 1851 1622 1891 mare
1643 1876 1658 1903 ,
1700 1836 2139 1906 praedicationem
2169 1838 2216 1898 B
2244 1850 2663 1918 gubernatorem
2693 1860 2749 1904 et
2773 1851 3116 1920 navigatores
3142 1891 3158 1918 ,
3193 1861 3248 1906 et
3277 1865 3414 1922 aqua
3439 1892 3455 1916 ,
3487 1851 3581 1921 qui
3606 1849 3824 1920 iactant,

547 1932 603 1989 in
641 1932 924 1987 mundum.

622 2025 736 2088 Illi,
758 2026 950 2079 relictis
977 2025 1172 2079 retibus
1201 2033 1252 2078 et
1279 2032 1447 2094 patre,
1475 2025 1638 2078 secuti
1657 2033 1775 2078 sunt
1801 2043 1939 2081 eum.
1972 2027 2138 2096 Idem,

552 2131 697 2188 patre
725 2116 934 2172 diabolo
964 2133 981 2172 :
1010 2119 1176 2174 retias
1205 2117 1575 2187 habitationis,
1609 2127 1665 2174 et
1690 2122 1905 2191 negotia
1933 2124 2142 2179 saeculi.

556 2210 752 2265 Petrus
780 2219 837 2266 et
874 2210 1137 2266 Andraeas
1167 2210 1332 2265 retias
1361 2211 1625 2266 miserunt
1656 2213 1707 2266 in
1736 2228 1885 2268 mare
1913 2231 1929 2266 :
1962 2226 2146 2271 osten-

555 2304 732 2372 dunt,
777 2305 920 2376 quod
953 2305 1214 2360 Dominus
1243 2305 1411 2376 elegit
1438 2306 1576 2360 alios
1615 2310 1902 2376 cupientes
1927 2355 1941 2377 ,
1983 2311 2146 2366 rebus

558 2399 747 2454 mundi
774 2399 1143 2454 adhaerentes.
1173 2398 1414 2454 .lacobus
1457 2411 1512 2453 et
1546 2398 1786 2457 Joannes
1816 2403 1981 2457 retias
2008 2403 2151 2459 refe-

560 2500 776 2560 cerunt,
810 2503 870 2546 ut
899 2493 1182 2548 mitterent
1208 2507 1303 2546 eas
1330 2492 1383 2545 in
1412 2506 1581 2557 mare,
1610 2492 1662 2546 id
1685 2501 1788 2561 est,
1817 2493 1959 2564 quod
1989 2495 2152 2566 elegit

559 2585 701 2640 alios
745 2585 1029 2654 cupientes
1065 2583 1346 2638 adhazrere
1389 2582 1551 2637 rebus
1595 2583 1800 2637 mundi.
1852 2583 1986 2651 Quis
2031 2587 2151 2655 plus

562 2678 784 2746 reliquit
815 2678 883 2732 de
915 2677 999 2731 his
1021 2676 1294 2746 quatuor?
1324 2675 1518 2730 Petrus
1544 2683 1600 2730 et
1624 2675 1886 2731 Andraaas
1918 2679 2038 2747 plus
2066 2694 2153 2734 re-

562 2771 996 2841 liquerunt,quia
1021 2768 1238 2839 propria
1263 2783 1452 2824 eorum
1479 2777 1625 2836 sunt,
1650 2785 1772 2823 nam
1798 2768 1881 2825 his
1901 2769 2110 2826 duobus
2134 2789 2150 2828 :

561 2862 684 2917 aliis
712 2863 812 2916 fuit
840 2878 950 2917 non
981 2876 1100 2915 sua.

635 2953 859 3007 Faciam
885 2969 990 3019 vos,
1026 2962 1081 3008 et
1109 2952 1339 3022 reliqua.
1374 2952 1598 3008 Mutavit
1624 2952 1899 3022 affectum,
1934 2969 2040 3010 non
2070 2954 2153 3009 ol-

567 3045 786 3112 ﬁcium,
821 3046 916 3102 sed
956 3046 1040 3102 his
1066 3056 1299 3117 quatuor
1326 3089 1341 3114 ,
1389 3046 1506 3103 haec
1535 3058 1620 3104 est
1652 3049 1820 3119 prima
1849 3049 2110 3121 quadriga
2142 3068 2155 3104 :

570 3158 717 3198 nunc
744 3141 860 3197 bini
900 3151 956 3197 et
999 3142 1118 3198 bini
1155 3143 1442 3197 mittuntur
1473 3143 1524 3196 in
1559 3143 1850 3198 Ecclesiam
1877 3185 1892 3210 ,
1933 3145 2074 3199 sicut
2104 3146 2153 3198 in

2245 1943 2302 1998 hi
2327 1944 2396 1999 de
2426 1959 2591 2000 nave.
2623 1944 2770 2000 Idem
2801 1946 3082 2016 episcopi,
3132 1955 3186 2002 et
3227 1945 3565 2001 laboratores
3587 1986 3606 2013 ,
3649 1955 3705 2001 et
3743 1946 3826 2014 qui

2247 2035 2550 2090 ministeria
2593 2036 2738 2091 intus
2784 2036 3031 2100 faciunt,
3081 2045 3138 2092 et
3171 2047 3281 2092 tres
3310 2037 3598 2093 offendunt
3628 2052 3788 2092 naves
3811 2082 3824 2105 ,

2247 2129 2546 2198 periculum
2577 2129 2629 2184 in
2658 2129 2839 2198 undis,
2876 2130 2928 2185 in
2958 2140 3142 2195 vento,
3176 2131 3228 2185 in
3259 2130 3446 2186 silice:
3474 2131 3552 2185 sic
3579 2130 3830 2187 Ecclesim

2247 2220 2550 2290 periculum
2580 2221 2737 2277 undis
2761 2264 2778 2291 ,
2810 2221 3131 2278 tentationis
3157 2221 3357 2278 diaboli
3386 2264 3400 2284 .
3440 2222 3495 2276 in
3522 2232 3687 2277 vento
3715 2237 3833 2292 pec-

2249 2319 2494 2366 catorum
2519 2353 2534 2378 ,
2575 2313 2627 2366 in
2666 2313 2821 2368 silice
2847 2353 2863 2379 ,
2900 2312 3055 2367 falsis
3082 2311 3366 2366 fratribus.
3396 2311 3620 2380 Quando
3651 2326 3839 2367 ascen-

2251 2401 2415 2458 debat
2459 2405 2514 2458 in
2556 2414 2796 2460 montem
2825 2403 3164 2475 significabat
3193 2403 3461 2471 theorica,
3493 2403 3544 2458 id
3571 2411 3676 2468 est,
3709 2417 3842 2457 con-

2253 2496 2608 2566 templativa:
2645 2496 2863 2566 quando
2897 2495 3222 2561 descendit,
3267 2495 3427 2550 docet
3453 2492 3687 2564 practica
3716 2534 3734 2560 ,
3782 2492 3841 2547 id

2252 2598 2358 2655 est,
2391 2589 2622 2644 actuale.
2653 2588 2722 2642 Et
2757 2606 2875 2643 cum
2900 2589 3152 2654 sedisset,
3187 2587 3388 2642 indicat
3413 2586 3842 2642 incarnationem

2252 2681 2370 2751 ejus
2394 2697 2500 2736 non
2525 2683 2863 2752 apparuisse,
2894 2682 3017 2751 quia
3047 2680 3140 2752 qui
3171 2680 3335 2747 sedit,
3364 2680 3691 2736 vestimento
3717 2694 3843 2733 cor-

2255 2789 2356 2844 pus
2389 2787 2544 2828 suum
2575 2773 2838 2828 defendit.

2326 2866 2662 2921 Accesserant
2692 2867 2760 2920 ad
2785 2883 2900 2920 eum
2936 2865 3179 2936 discipuli
3209 2867 3323 2938 ejus
3348 2879 3367 2919 :
3398 2864 3449 2920 id
3481 2873 3604 2930 est,
3649 2879 3852 2934 corpus

2257 2967 2312 3012 et
2341 2958 2539 3013 anima.
2577 2956 2644 3011 Et
2671 2958 2911 3029 aperiens
2942 2975 2999 3012 os
3026 2974 3179 3012 suum
3204 3001 3218 3026 ,
3256 2955 3312 3011 id
3344 2964 3468 3023 est,
3512 2956 3609 3026 qui
3640 2957 3855 3026 aperuit

2258 3067 2353 3106 ora
2383 3051 2792 3121 pr0phetarum.
2823 3050 2971 3106 Beati
3001 3067 3257 3122 pauperes
3287 3050 3500 3119 spiritu,
3533 3049 3588 3106 id
3619 3061 3723 3116 est,
3757 3051 3856 3120 qui

2261 3130 2360 3216 pro
2385 3144 2588 3214 Spiritu
2618 3153 2808 3199 sancto
2842 3158 3111 3214 pauperes
3144 3152 3308 3208 sunt,
3349 3157 3474 3197 cum
3506 3141 3703 3197 divites
3729 3157 3859 3198 esse

568 3253 698 3293 arca
730 3236 863 3293 Noe.
897 3237 1017 3291 Bini
1055 3246 1113 3292 et
1150 3235 1274 3291 bina
1315 3235 1572 3289 animalia
1600 3276 1614 3300 ,
1658 3245 1885 3306 quatuor
1928 3239 2156 3293 virtutes
2184 3220 2230 3284 Ο
2262 3238 2493 3309 possint.
2537 3236 2686 3290 Beati
2729 3239 2912 3302 mites,
2960 3235 3011 3291 id
3047 3246 3169 3304 est,
3216 3235 3309 3305 qui
3349 3234 3483 3290 nulli
3523 3236 3725 3290 malum
3757 3251 3861 3304 pro

565 3333 911 3406 signiﬁcant:
938 3332 1173 3402 justitia,
1205 3329 1511 3396 prudentia,
1540 3328 1822 3397 fortitudo,
1856 3339 2160 3400 temperan-

569 3428 665 3482 tia.
713 3426 817 3483 Per
851 3434 960 3481 tres
988 3425 1306 3480 vocationes
1332 3423 1508 3477 vocati
1541 3432 1666 3476 sunt
1694 3422 1877 3491 populi
1925 3441 1938 3476 :
1989 3426 2160 3493 prima

568 3534 664 3590 per
676 3515 1047 3586 Joannem,ad
1067 3515 1385 3583 amicitiam,
1406 3530 1516 3568 ecce
1539 3514 1717 3586 Agnus
1736 3511 1834 3568 Dei
1861 3515 2157 3577 :secunda,

567 3613 637 3668 ad
659 3612 1059 3678 credulitatem,
1077 3612 1286 3667 Joanne
1306 3609 1547 3674 dicente,
1571 3607 1690 3661 Iloc
1710 3605 1936 3678 primum
1956 3608 2160 3678 signum

571 3707 692 3777 fecit
702 3704 738 3758 J
741 3722 853 3759 esus
875 3707 926 3758 in
940 3705 1083 3760 Cana
1101 3704 1337 3773 Galilcte,
1357 3715 1412 3758 ut
1434 3703 1698 3758 crederent
1720 3704 1773 3756 in
1792 3721 1905 3758 eum
1923 3705 2162 3775 discipuli

573 3800 687 3868 ejus
712 3812 730 3850 :
761 3797 918 3850 tertia
949 3796 1162 3851 vocatio
1186 3796 1254 3850 ad
1283 3796 1673 3865 apostolatum,
1713 3795 1895 3850 Venite
1918 3807 2030 3868 post
2060 3815 2159 3865 me,

578 3896 634 3942 et
663 3888 887 3958 reliqua.

650 3981 912 4036 Circuibat
938 3981 1096 4036 Iesus
1128 3990 1285 4035 totam
1312 3980 1590 4037 Gali/aram
1612 4024 1626 4048 ,
1667 3991 1722 4038 et
1751 3983 1978 4054 reliqua.
2009 3983 2164 4040 Sicut

580 4075 804 4133 Gedeon
834 4076 1084 4130 vincebat
1114 4075 1465 4141 Philistinos,
1505 4077 1576 4129 ita
1602 4075 1850 4131 Christus
1875 4079 2159 4132 dzemonia.

574 4169 814 4236 Docens,
846 4169 896 4224 id
934 4179 1050 4230 est.
1084 4185 1145 4224 ea
1175 4185 1295 4240 quae
1332 4170 1465 4240 legis
1509 4179 1665 4224 erant
1694 4188 1705 4222 :
1733 4171 2034 4240 praedicans
2061 4216 2074 4240 ,
2113 4172 2165 4226 id

576 4270 683 4325 est,
715 4261 1090 4332 Evangelium.
1125 4259 1342 4314 Omnem
1365 4263 1689 4332 languorem,
1721 4260 1773 4315 id
1796 4270 1896 4326 est,
1923 4262 2165 4317 medicus

575 4352 675 4408 fuit
706 4354 923 4425 populi,
956 4353 1009 4407 id
1040 4361 1153 4423 est,
1186 4352 1351 4409 Israel
1387 4371 1399 4406 :
1431 4353 1669 4424 languor
1696 4354 1944 4424 corporis
1965 4394 1980 4420 ,
2013 4354 2166 4409 inﬁr-

577 4449 740 4502 mitas
771 4449 986 4503 animte.

651 4537 717 4592 Et
748 4539 871 4594 abiit
909 4539 1085 4609 opinio
1122 4539 1238 4609 ejus
1268 4537 1322 4591 in
1352 4547 1512 4592 totam
1544 4537 1755 4610 Syriam
1785 4554 1802 4592 :
1847 4538 1900 4593 id
1943 4547 2025 4594 est
2049 4579 2065 4606 ,
2112 4539 2163 4594 in

2263 3330 2410 3386 malo
2439 3329 2658 3394 reddit;
2705 3330 2952 3399 quoniam
2997 3328 3101 3399 ipsi
3139 3326 3470 3398 possidebunt
3510 3334 3703 3380 terram
3728 3368 3744 3390 ,
3789 3325 3864 3381 de

2262 3437 2366 3491 qua
2393 3421 2615 3488 dicitur,
2648 3423 2806 3474 credo
2828 3420 3021 3485 videre,
3051 3427 3108 3474 et
3132 3419 3360 3488 reliqua.
3392 3417 3544 3472 Beati
3565 3420 3655 3487 qui
3683 3419 3865 3488 lugent

2266 3532 2403 3568 nunc
2428 3557 2442 3581 ,
2491 3530 2598 3568 nou
2626 3513 2693 3569 dc
2722 3515 2869 3568 omni
2899 3513 3028 3568 ﬁetu
3065 3513 3169 3568 hoc
3204 3512 3335 3568 dicit
3363 3530 3376 3565 :
3411 3512 3506 3567 sed
3536 3513 3603 3568 de
3643 3513 3818 3568 tribus
3845 3554 3862 3576 ,

2263 3624 2400 3679 quos
2448 3608 2707 3662 saeculum
2736 3617 2954 3678 Oportet
2995 3607 3201 3662 habere
3229 3621 3244 3658 :
3277 3605 3512 3676 primum
3545 3605 3869 3675 ﬂeturi-Hum

2269 3710 2488 3773 peccato
2515 3716 2615 3756 suo
2645 3719 2658 3756 :
2691 3701 3016 3768 secundum,
3053 3715 3154 3770 pro
3178 3710 3407 3771 peccato
3440 3701 3668 3772 proximi
3701 3717 3714 3753 :
3749 3709 3869 3757 tere

2267 3796 2340 3849 tio
2365 3810 2460 3865 pro
2479 3810 2670 3850 amore
2692 3795 2920 3850 caelesti.
2942 3795 3222 3865 Lacryma:
3244 3803 3354 3849 tres
3377 3803 3597 3848 naturas
3623 3792 3864 3849 habent:

2267 3905 2484 3954 amara,
2522 3905 2620 3960 pro
2649 3899 2872 3959 peccato
2902 3904 3008 3944 non
3054 3888 3186 3944 ﬁere
3213 3905 3226 3943 :
3260 3890 3430 3944 calida
3452 3933 3466 3954 ,
3501 3905 3596 3958 per
3620 3889 3868 3945 calorem

2267 3984 2551 4039 charitatis
2583 3983 2816 4054 proximi
2842 3982 3046 4039 deflere
3070 3982 3267 4038 delicta
3294 4023 3309 4048 ,
3341 3991 3367 4018 α
3404 3980 3587 4051 jacent
3614 3997 3643 4035 a
3673 3982 3821 4037 caelo
3847 4026 3864 4050 ,

2269 4092 2366 4146 pro
2394 4077 2512 4146 ejus
2559 4091 2746 4131 amore
2786 4074 2939 4130 flere.
2973 4075 3171 4129 Tribus
3214 4073 3395 4128 causis
3441 4073 3696 4144 lacrymte
3742 4073 3867 4128 fun-

2270 4172 2470 4227 duntur
2501 4189 2513 4225 :
2544 4187 2641 4241 pro
2668 4168 3049 4226 recordatione
3072 4209 3086 4234 ,
3132 4183 3228 4238 pro
3265 4167 3463 4222 timore
3511 4165 3715 4234 futuri,
3762 4182 3869 4238 pro

2269 4261 2729 4334 peregrinatione.

2342 4357 2493 4411 Beati
2522 4357 2609 4425 qui
2637 4356 2900 4419 esuriunt,
2932 4361 2988 4409 et
3015 4353 3258 4422 reliqua:
3290 4351 3342 4408 id
3371 4361 3474 4421 est,
3503 4351 3584 4406 cui
3615 4367 3723 4407 non
3751 4353 3872 4408 suf-

2277 4449 2389 4504 ﬁcit
2420 4448 2678 4519 quidquid
2717 4447 2846 4502 boni
2897 4446 3024 4501 facit
3047 4490 3062 4514 ,
3115 4447 3215 4500 nisi
3249 4446 3480 4516 amplius
3517 4446 3690 4499 facere
3725 4447 3871 4501 vult.

2272 4542 2384 4615 Ipsi
2410 4543 2804 4607 saturabuntur,
2837 4540 2889 4595 id
2919 4549 3023 4610 est,
3055 4541 3107 4595 in
3137 4555 3303 4611 regno
3338 4541 3448 4595 Dei.
3481 4538 3627 4594 Beati
3661 4538 3872 4594 miseri-

577 4648 769 4688 omnes
796 4641 1006 4703 gentes.
1044 4632 1234 4686 Omnes
1261 4631 1392 4686 male
1419 4633 1658 4686 habentes
1686 4674 1700 4697 ,
1743 4632 1794 4686 id
1821 4641 1901 4687 est
1929 4674 1944 4700 ,
1984 4634 2165 4689 multis
2194 4623 2246 4684 D
2271 4635 2452 4690 cordes
2481 4651 2500 4689 :
2529 4636 2578 4688 id
2609 4643 2694 4690 est
2719 4677 2734 4701 ,
2765 4635 2853 4705 qui
2882 4635 3211 4689 miserentur
3234 4674 3249 4699 ,
3281 4633 3350 4687 de.
3381 4631 3598 4687 miseria
3629 4631 3874 4686 liberan-

581 4729 820 4800 pcccatis
860 4728 1031 4782 insani
1060 4726 1276 4782 fuerunt
1301 4767 1318 4792 ,
1366 4725 1452 4780 vel
1483 4726 1618 4780 mala
1653 4726 1778 4780 ﬁde.
1811 4726 1880 4780 Et
1909 4727 2030 4797 quia
2060 4727 2168 4781 dte-

578 4823 752 4876 monia
779 4821 1032 4876 habebant
1060 4836 1079 4874 :
1110 4820 1163 4874 id
1209 4829 1328 4885 est,
1374 4819 1428 4875 in
1468 4821 1650 4875 anima
1694 4819 1852 4876 idolis
1882 4823 2164 4877 creditur:

580 4916 858 4978 lunaticos.
891 4916 942 4970 id
973 4925 1054 4971 est
1077 4957 1091 4982 ,
1123 4915 1349 4970 lunatici
1383 4915 1643 4986 putabant
1667 4916 1734 4972 de
1763 4928 1882 4973 ortu
1913 4920 2050 4974 luna:
2089 4919 2169 4973 in-

581 5006 889 5062 ﬁrmitates.

657 5098 967 5153 Obtulerunt
996 5101 1046 5155 ei
1070 5101 1388 5174 paralyticos
1416 5118 1432 5154 :
1476 5103 1527 5157 id
1556 5111 1671 5168 est,
1706 5103 1840 5174 pigri
1868 5103 1932 5158 ad
1966 5105 2164 5159 bonum

582 5191 870 5260 agendum.
905 5189 975 5244 Et
1004 5204 1189 5248 secuta:
1217 5206 1337 5249 sunt
1364 5211 1481 5270 eum
1513 5196 1672 5250 turba:
1703 5196 1880 5250 mullw
1904 5238 1919 5263 ,
1966 5196 2016 5250 id
2047 5206 2167 5251 est:

584 5286 758 5356 primo
796 5285 1047 5355 discipuli
1076 5286 1142 5340 ad
1171 5287 1334 5343 ﬁdem
1366 5306 1378 5341 :
1411 5288 1633 5343 secundi
1665 5288 1861 5343 infirmi
1903 5305 2001 5359 pro
2029 5291 2174 5348 sani-

585 5387 694 5434 tate
723 5394 736 5432 :
773 5377 916 5434 tertii
947 5378 1080 5450 legis
1115 5379 1294 5449 periti,
1325 5380 1390 5434 ad
1425 5381 1926 5450 reprehendendum
1953 5401 1966 5437 :
1995 5385 2170 5452 quarti

584 5485 854 5541 pauperes
881 5516 894 5540 ,
944 5486 1044 5540 pro
1088 5472 1432 5544 eleemosyna
1467 5490 1480 5526 :
1513 5477 1715 5542 quinta:
1760 5475 2017 5531 mulieres
2043 5520 2057 5542 ,
2105 5493 2173 5533 ne

582 5561 715 5633 ipsa:
732 5565 1085 5634 desperarent
1111 5581 1124 5617 :
1148 5565 1292 5620 sexti
1317 5565 1693 5637 parvulorum,
1721 5576 1782 5624 ut
1802 5565 1937 5622 dixit
1963 5586 1974 5620 :
2005 5567 2173 5624 Sinite

662 5802 686 5829 ⁸
727 5792 984 5852 Fortasse
1013 5795 1222 5868 placens
1251 5797 1380 5856 Catio
1419 5818 1438 5856 :

593 5862 804 5920 damus.

2271 4738 2359 4783 tur
2383 4771 2397 4795 ,
2441 4738 2495 4784 et
2521 4744 2641 4784 cum
2667 4727 2810 4784 dono
2837 4741 2934 4781 suo
2959 4728 3011 4781 in
3034 4727 3234 4782 coelum
3258 4725 3480 4781 vadem.
3509 4723 3652 4778 Beati
3675 4726 3876 4779 mundo

2272 4821 2447 4886 corde,
2485 4821 2535 4874 id
2569 4831 2674 4886 est,
2705 4820 2794 4890 qui
2829 4835 2963 4890 puro
2984 4819 3179 4885 corde;
3212 4833 3318 4873 non
3349 4819 3584 4889 tangitur
3607 4817 3719 4872 ulla
3741 4833 3875 4873 con-

2274 4915 2500 4969 scientia
2530 4913 2779 4984 peccati,
2825 4911 2948 4983 quia
2995 4911 3232 4967 mundus
3261 4912 3404 4967 Deus
3444 4909 3676 4966 mundos
3705 4911 3875 4966 corde

2275 5011 2518 5080 reSpicit.

2346 5102 2495 5157 Beati
2526 5102 2732 5174 paciﬁci
2777 5117 2796 5155 :
2837 5099 2889 5156 id
2917 5108 3002 5155 cst
3028 5139 3044 5166 ,
3093 5099 3150 5154 in
3192 5106 3426 5169 quatuor
3456 5105 3634 5170 partes
3658 5111 3676 5162 ,‘
3728 5096 3879 5152 inter

2280 5198 2472 5265 Deum,
2505 5206 2561 5252 et
2586 5194 2861 5250 hominem
2894 5202 2946 5248 et
2968 5191 3303 5263 proximum,
3334 5192 3476 5246 inter
3502 5187 3783 5244 hominem
3822 5197 3875 5242 et

2278 5292 2512 5346 amicum
2550 5304 2730 5344 suum.
2763 5288 2989 5360 Oportet
3021 5287 3212 5341 vitium
3257 5284 3412 5340 odire
3440 5325 3454 5351 ,
3505 5290 3559 5337 et
3591 5282 3874 5339 hominem

2277 5384 2525 5454 diligere.

2353 5478 2501 5535 Beati
2524 5477 2612 5547 qui
2640 5475 3040 5546 persecutionem
3063 5473 3339 5542 patiuntur
3359 5474 3572 5540 prepter
3588 5470 3874 5542 justitiam.

2280 5570 2331 5626 id
2361 5579 2464 5638 est,
2493 5570 2551 5627 in
2575 5568 2811 5626 Christo.
2841 5568 2933 5628 [ιω
2958 5575 3084 5624 octo
3115 5563 3487 5622 heatitudines
3522 5561 3590 5619 ad
3621 5571 3748 5618 octo
3775 5561 3874 5618 ho-

1482 5801 1580 5860 scd
1623 5816 1729 5860 non
1773 5802 1907 5861 libet
1933 5800 2185 5876 augurari
2231 5815 2407 5875 neque
2429 5802 2636 5879 operae:
2661 5801 2890 5875 pretium
2916 5806 3019 5856 est.
3046 5797 3344 5869 innumera
3382 5793 3487 5852 alia
3522 5791 3671 5852 taciti
3695 5805 3878 5850 emen—
