4056 6324
219 251 330 314 545

966 251 1334 316 EXPOSITIO
1368 252 1701 329 QUATUOR
1737 254 2306 322 EVANGELIORUM.
2350 258 2777 325 MATTHEUS.
2834 265 2859 319 Ἢ

3399 264 3508 333 840

220 373 397 429 mines
421 371 717 444 pertinent,
748 371 841 444 qui
866 371 1156 432 fueruntin
1184 386 1408 444 arca,et
1429 377 1593 434 modo
1611 376 1812 435 debent
1835 379 1892 443 Α
1915 387 2026 448 εει,
2048 380 2141 451 qui
2170 380 2292 436 aliis
2322 380 2548 438 minime
2566 381 2861 453 praedicat,
2882 378 3072 440 etsibi
3110 379 3321 455 majora
3349 397 3506 445 com-

219 478 345 522 esse
369 509 385 533 ,
417 467 542 536 quia
570 476 780 537 septem
812 468 1069 526 mulieres
1097 485 1264 525 unum
1307 472 1482 526 virum
1512 469 1814 526 habuerunt

227 558 503 616 Christum
539 577 555 615 :
596 560 647 616 id
673 568 792 629 est,
825 562 878 618 in
906 564 1330 621 resurrectione.
1364 565 1458 621 Hae
1489 575 1613 623 octo
1640 566 1814 623 beati-

221 653 439 710 tudines
455 654 508 709 in
523 652 741 711 Christo
752 656 1114 728 complentur.
1132 658 1280 715 Beati
1302 674 1567 731 pauperes
1589 661 1812 731 spiritu:

220 743 396 802 Filius
422 747 651 802 hominis
678 764 781 804 non
800 748 949 806 habet
976 752 1065 807 ubi
1088 762 1246 823 caput
1264 753 1497 809 reclinet.
1532 754 1681 810 Beati
1718 754 1819 809 mi-

222 845 306 896 tes
335 857 349 894 :
379 838 576 896 Discite
600 858 632 896 a
655 858 737 896 me
760 885 775 912 ,
808 844 936 915 quia
959 845 1099 900 mitis
1119 861 1259 904 sum.
1290 846 1439 902 Beati
1468 848 1561 917 qui
1591 847 1817 919 lugent:

227 930 429 988 Videas
449 934 708 990 civitatem
726 937 867 1007 ﬂeuit
884 954 1040 1011 super
1065 955 1197 995 eam.
1230 940 1381 996 Beati
1411 942 1507 1010 qui
1535 943 1814 999 esuriunt:

220 1027 378 1084 Meus
403 1030 548 1085 cibus
573 1041 649 1086 est
677 1041 737 1087 ut
764 1033 955 1105 faciam
980 1034 1297 1091 uoluntatem
1314 1034 1493 1091 Patris
1514 1037 1637 1091 mei.
1665 1036 1817 1092 Beati

220 1120 631 1191 misericordes,
662 1123 716 1179 id
742 1134 861 1191 est,
889 1124 1311 1182 Misericordiam
1335 1126 1453 1183 volo
1474 1172 1488 1196 ,
1521 1136 1567 1182 et
1593 1142 1698 1181 non
1725 1144 1818 1182 sa-

220 1214 503 1285 criﬁcium.
531 1217 686 1275 Beati
708 1219 913 1275 mundo
937 1219 1125 1289 corde,
1156 1221 1210 1276 id
1238 1230 1323 1276 est
1352 1240 1365 1275 :
1399 1221 1579 1275 Estote
1605 1222 1773 1275 sancti
1797 1263 1814 1288 ,

218 1309 471 1379 quoniam
490 1326 585 1381 ego
607 1321 817 1366 sanctus
840 1328 976 1367 sum.
998 1312 1150 1369 Beati
1172 1312 1378 1384 pacifici
1402 1330 1415 1367 :
1438 1311 1628 1367 Pacem
1648 1329 1817 1368 meam

220 1401 294 1456 do
315 1404 477 1469 vobis,
508 1411 566 1460 et
589 1404 815 1475 reliqua.
846 1403 996 1460 Beati
1019 1406 1109 1476 qui
1140 1404 1575 1475 persecutionem
1603 1408 1817 1477 patiun-

220 1504 333 1566 tur,
367 1498 419 1554 id
448 1507 529 1554 est
554 1516 569 1553 :
596 1498 659 1555 Si
683 1515 764 1553 me
784 1502 1039 1572 persecuti
1065 1508 1208 1568 sunt,
1239 1511 1289 1555 et
1312 1516 1401 1555 uos
1424 1510 1811 1573 persequentur.

302 1590 407 1645 Vos
436 1591 556 1647 estis
585 1591 665 1651 sal
694 1600 845 1647 terra:
874 1608 892 1645 :
925 1591 981 1647 ld
1012 1601 1097 1648 est
1123 1633 1138 1658 ,
1189 1593 1423 1664 apostoli
1463 1600 1520 1649 et
1560 1591 1816 1649 doctores

220 1683 475 1741 dicuntur
516 1699 532 1740 :
576 1694 766 1753 teme,
813 1685 975 1757 hujus
1005 1686 1192 1742 mundi
1217 1686 1437 1743 dicitur.
1488 1686 1643 1754 Quod
1666 1688 1711 1743 si
1734 1685 1817 1742 sal

1914 475 2098 531 mittit.
2141 474 2385 530 Minimus
2411 475 2678 531 vocabitur
2724 476 2779 531 in
2804 492 2963 547 regno
2994 478 3256 547 caelorum,
3302 478 3356 535 id
3395 489 3499 551 est,

1916 569 1970 624 in
1990 569 2253 626 Ecclesia.
2280 570 2402 625 Nisi
2427 571 2766 626 abundaverit
2776 572 2985 644 justitia
3011 582 3178 627 vestra
3203 574 3322 645 plus
3349 593 3505 648 quam

1916 662 2207 716 scribarum
2235 671 2284 717 et
2310 662 2683 736 pharisworum
2708 663 2869 734 :quia
2894 664 2969 719 illi
2992 679 3185 735 magna
3214 666 3501 740 docebant,

1918 767 1972 812 et
2001 756 2273 814 modicum
2304 757 2595 827 faciebant,
2628 759 2713 814 vel
2734 760 2859 831 quia
2884 759 2988 816 alia
3017 761 3267 816 mandata
3293 762 3360 819 de
3386 764 3502 836 lege

1918 851 2283 922 repudiabant
2308 869 2320 905 :
2344 866 2467 923 qua:
2496 867 2603 908 non
2648 852 2938 921 amabant,
2978 867 3086 911 non
3125 852 3402 924 dicebant,
3451 864 3505 913 et

1918 959 2039 1016 qua:
2064 945 2339 1015 amabant,
2372 947 2643 1004 dicebant.
3388 996 3393 1003 .

1990 1037 2224 1094 Audistis
2268 1038 2391 1110 quia
2432 1040 2623 1095 dictum
2653 1048 2729 1096 est
2756 1039 3008 1113 antiquis,
3040 1057 3144 1097 non
3175 1042 3373 1099 occides
3406 1059 3424 1102 :
3454 1042 3508 1099 id

1917 1137 2023 1195 est,
2058 1145 2162 1185 non
2188 1131 2404 1188 solvere
2432 1132 2628 1203 legem.
2680 1134 2784 1202 Qui
2824 1135 3072 1190 irascitur
3118 1136 3270 1207 fratri
3299 1154 3392 1192 suo
3416 1156 3430 1192 :
3456 1136 3510 1193 id

1915 1228 2022 1285 est,
2053 1220 2133 1275 ira
2164 1221 2215 1275 in
2245 1221 2409 1277 corde
2437 1221 2557 1278 sine
2596 1239 2753 1293 voce,
2799 1240 2927 1283 reus
2965 1228 3071 1282 erit
3120 1226 3172 1282 in
3197 1228 3426 1298 judicio,
3457 1227 3512 1285 id

1917 1322 2023 1381 cst,
2049 1312 2103 1367 in
2136 1312 2225 1368 die
2250 1312 2461 1383 judicii.
2487 1314 2688 1383 Racha,
2713 1317 2765 1372 id
2793 1326 2899 1383 est,
2930 1333 3122 1375 uacuus
3173 1321 3260 1376 vel
3317 1320 3511 1375 inanis.

1917 1402 2109 1474 Fatue,
2135 1406 2188 1459 id
2217 1413 2321 1474 est,
2354 1404 2474 1461 sine
2494 1406 2766 1463 cerebro:
2797 1424 2917 1462 reus
2944 1410 3042 1463 erit
3084 1409 3328 1481 gehennae
3354 1412 3511 1483 ignis,

1919 1498 1972 1554 id
2008 1508 2113 1569 est,
2166 1501 2415 1571 gehenna
2445 1499 2645 1571 duplex
2696 1515 2878 1572 paena,
2911 1516 2979 1559 eo
3009 1503 3152 1574 quod
3179 1503 3412 1560 animam
3459 1513 3515 1561 et

1916 1606 2118 1662 corpus
2157 1594 2331 1664 punit.
2896 1604 2909 1613 '

1990 1684 2053 1743 Si
2083 1686 2268 1753 olferes
2306 1704 2491 1743 munus
2538 1697 2687 1743 tuum
2715 1688 2783 1744 ad
2806 1688 2992 1754 altare,
3020 1694 3078 1745 et
3102 1687 3310 1761 reliqua
3339 1706 3356 1746 :
3386 1690 3518 1746 uade

221 1777 529 1845 evanuerit,
580 1787 634 1834 et
664 1778 897 1850 reliqua.
948 1777 1006 1835 Si
1053 1779 1246 1835 doctor
1281 1781 1585 1848 erraverit,
1627 1781 1682 1836 in
1713 1797 1820 1853 quo
1850 1779 2254 1841 Breconciliari
2293 1782 2443 1852 fratri
2501 1790 2589 1836 tuo
2614 1782 2707 1838 :id
2755 1791 2859 1851 εει,
2911 1797 3133 1853 munus,
3186 1784 3514 1853 orationem,

222 1869 582 1926 emendatur?
614 1870 706 1928 Sal
732 1880 973 1941 saporat,
1004 1886 1223 1927 vermes
1248 1872 1467 1928 occidit.
1502 1872 1819 1946 Projiciatur

222 1972 275 2018 et
301 1965 628 2020 conculcetur
655 1965 719 2019 ab
748 1966 1067 2033 hominibus,
1098 1965 1151 2021 id
1177 1975 1283 2035 est,
1313 1976 1511 2022 exeant
1537 1974 1691 2022 extra
1721 1966 1822 2023 Ec-

223 2059 476 2125 clesiam,
504 2068 559 2117 et
581 2069 905 2132 reputentur
942 2060 996 2116 in
1028 2070 1180 2133 parte
1209 2062 1511 2133 gentilium.
1569 2062 1674 2117 Vos
1701 2065 1823 2119 estis

224 2152 321 2207 tua:
346 2152 533 2207 mundi
561 2168 583 2208 :
608 2152 661 2208 id
692 2162 799 2221 est,
829 2153 952 2226 quia
982 2154 1072 2210 lux
1094 2153 1358 2209 absconsa
1386 2154 1626 2221 revelat,
1656 2163 1713 2211 et
1742 2164 1823 2212 te-

225 2245 431 2302 nebras
459 2244 736 2303 illuminat
776 2265 788 2300 :
821 2246 897 2303 ita
939 2256 993 2304 et
1034 2262 1132 2303 vos
1173 2248 1426 2304 tenebras
1475 2257 1820 2318 peccatorum

226 2340 551 2397 illuminate.
605 2341 761 2396 Alias
800 2357 973 2409 vero,
1021 2344 1165 2399 sicut
1205 2343 1289 2400 sol
1330 2357 1548 2415 semper
1590 2346 1645 2401 in
1680 2344 1821 2402 caelo

224 2442 413 2491 manet
443 2452 457 2492 :
494 2435 568 2491 ita
598 2444 657 2492 et
684 2451 783 2493 vos
815 2437 887 2492 ibi
916 2446 1154 2495 manete.

300 2525 426 2582 Non
455 2537 623 2600 potest
649 2528 831 2584 civitas
858 2528 1102 2586 abscondi
1132 2547 1151 2585 :
1181 2530 1239 2586 Id
1266 2538 1380 2601 est,
1408 2531 1657 2589 Ecclesia
1676 2573 1692 2600 ,
1727 2549 1819 2589 su-

225 2637 323 2691 per
351 2632 576 2678 montem
599 2663 616 2690 ,
648 2622 704 2679 id
734 2632 819 2680 est
844 2665 860 2691 ,
900 2638 1067 2695 super
1087 2625 1384 2682 Christum.
1419 2626 1607 2700 Neque
1633 2645 1820 2684 accen-

223 2716 358 2773 dunt
388 2715 653 2772 lucernam
677 2762 692 2787 ,
738 2717 792 2774 id
820 2728 903 2775 est
932 2764 947 2790 ,
992 2721 1269 2791 apostolos
1296 2730 1351 2778 et
1377 2722 1651 2780 doctores.
1696 2723 1819 2780 Non

224 2820 429 2881 ponunt
454 2813 546 2867 sub
570 2813 745 2868 modio
767 2854 782 2880 ,
826 2814 879 2869 id
919 2824 1039 2884 est,
1088 2815 1192 2873 sub
1216 2818 1450 2889 timore,
1485 2820 1571 2875 vel
1607 2834 1815 2877 amore.

219 2906 470 2975 Quatuor
493 2906 883 2965 similitudines
911 2908 1115 2965 habent
1143 2912 1374 2982 apostoli
1406 2930 1418 2966 :
1447 2914 1562 2979 sal,
1599 2915 1703 2980 sol,
1738 2916 1818 2969 lu-

218 3014 410 3067 cerna,
441 3000 650 3056 civitas.
679 3001 854 3075 Super
884 3003 1254 3058 candelabrum
1275 3047 1291 3073 ,
1320 3004 1373 3061 id
1397 3014 1511 3072 est,
1546 3006 1815 3063 Ecclesia.

225 3090 299 3148 Ut
323 3094 526 3149 luceant
552 3096 789 3151 omnibus
815 3097 903 3167 qui
933 3097 988 3151 in
1017 3096 1172 3151 domo
1198 3106 1321 3152 sunt
1346 3114 1366 3152 :
1396 3097 1451 3152 id
1478 3109 1593 3166 est,
1623 3097 1677 3154 in
1712 3099 1817 3155 Ec-

1924 1873 2253 1930 oblationem
2297 1883 2392 1929 aut
2436 1876 2667 1943 teipsum
2719 1874 2789 1931 ad
2829 1876 3264 1933 communionem
3308 1874 3513 1933 offers:

1924 1980 2217 2037 numquam
2255 1965 2320 2021 ad
2367 1966 2666 2023 Ecclesiam
2699 1967 3029 2023 veniendum
3079 1976 3184 2035 est,
3234 1982 3518 2041 usquequo

1922 2060 2079 2117 fratri
2096 2075 2202 2116 non
2226 2060 2686 2117 reconciliaberis.
2713 2060 2965 2133 Relinque
3002 2061 3074 2115 ibi
3106 2078 3298 2118 munus
3324 2072 3472 2118 tuum
3494 2078 3517 2119 :

1923 2153 2201 2225 quomodo
2230 2152 2335 2210 hoc
2362 2153 2648 2224 impletum
2662 2153 2818 2210 erit?
2869 2154 3073 2225 pariter
3100 2155 3292 2209 ambos
3331 2155 3517 2210 incre-

1924 2256 2035 2320 pat,
2067 2249 2112 2302 si
2143 2255 2227 2303 est
2264 2248 2319 2304 in
2377 2247 2706 2319 propinquo,
2755 2248 2915 2316 bene,
2949 2258 3006 2304 et
3034 2246 3082 2302 si
3111 2247 3292 2318 longe,
3334 2256 3519 2305 mente

1923 2351 2101 2397 tamen
2132 2340 2293 2397 debet
2317 2341 2696 2409 reconciliare,
2729 2350 2787 2397 et
2806 2340 2919 2413 jam
2962 2340 3106 2412 quod
3162 2340 3368 2396 dictum
3399 2350 3515 2411 est,

1922 2450 2045 2492 cum
2075 2435 2333 2492 omnibus
2361 2434 2671 2490 hominibus
2698 2448 2886 2504 pacem
2934 2434 3155 2490 habere.

1996 2529 2122 2586 Esto
2150 2531 2475 2586 consentiens
2506 2527 2802 2583 adversario
2819 2537 2926 2594 tuo,
2945 2527 2997 2583 id
3014 2537 3099 2585 est
3126 2528 3477 2601 Evangelium
3502 2546 3518 2587 :

1922 2623 2046 2679 dum
2063 2642 2114 2679 es
2134 2625 2188 2679 in
2210 2625 2293 2678 via
2317 2640 2435 2679 cum
2460 2640 2539 2689 eo,
2572 2623 2625 2679 id
2647 2632 2751 2692 est,
2784 2625 2840 2679 in
2869 2624 2972 2680 ista
3002 2625 3112 2681 vita
3138 2642 3152 2679 :
3182 2626 3296 2682 sive
3316 2626 3511 2683 adver-
3579 2622 3583 2626 ’

1920 2716 2068 2772 sario
2090 2727 2184 2772 tuo
2210 2716 2449 2785 diabolo,
2471 2725 2528 2771 ut
2556 2731 2659 2771 non
2691 2716 2859 2773 facias
2875 2717 3019 2788 quod
3043 2719 3282 2791 suggerit
3302 2719 3425 2786 tibi,
3450 2733 3519 2776 ne

1919 2808 2020 2865 tibi
2063 2820 2325 2880 augeatur
2367 2825 2526 2881 pmna
2556 2825 2656 2882 pro
2704 2820 2801 2866 tuo
2830 2821 3077 2881 peccato.
3106 2811 3166 2868 Si
3197 2810 3373 2867 infans
3402 2812 3521 2884 gla-

1921 2903 2069 2959 dium
2097 2902 2250 2972 petit,
2284 2917 2392 2958 non
2420 2904 2472 2959 ei
2494 2904 2762 2975 porrigas,
2794 2903 2942 2961 unde
2990 2918 3051 2960 se
3093 2914 3298 2975 pungat
3327 2916 3419 2962 :et
3439 2906 3519 2963 sic

1920 2998 1971 3055 ei
1990 2998 2290 3054 consentis.
2315 2995 2400 3052 Ne
2431 3000 2564 3068 forte
2588 2982 2914 3054 adversarius
2960 2999 3140 3054 tradat
3166 3009 3213 3054 te
3234 3000 3430 3073 judici,
3464 3000 3518 3056 id

1922 3100 2028 3158 εει,
2062 3106 2130 3147 ne
2150 3091 2236 3147 lex
2270 3092 2546 3163 Evangelii
2600 3092 2777 3149 tradat
2818 3102 2871 3149 te
2909 3093 3128 3150 Christo
3150 3093 3358 3164 judici:
3392 3096 3517 3166 quia

217 3184 387 3242 clesia
408 3226 425 3252 ,
456 3186 542 3243 vel
584 3186 636 3241 in
678 3186 906 3242 mundo.
943 3186 1034 3243 Sic
1065 3188 1232 3243 luceat
1263 3188 1357 3242 tua;
1379 3199 1549 3243 vestra
1570 3235 1583 3258 ,
1615 3190 1667 3245 id
1693 3201 1812 3259 est,
1846 3173 1892 3239 Ο
1923 3199 2029 3240 non
2056 3184 2382 3241 consenSiSli
2408 3184 2733 3257 Evangelio,
2767 3187 3019 3242 ηιὶηίειΐυ
3039 3227 3056 3253 .
3086 3187 3139 3243 id
3162 3197 3269 3254 εει,
3302 3188 3515 3259 angelo,

217 3276 468 3334 doctrina
490 3320 504 3344 ,
538 3278 655 3334 sive
684 3279 827 3334 bona
856 3293 1047 3351 opera.
1075 3277 1147 3333 Et
1172 3280 1465 3353 gloriﬁcent
1491 3280 1704 3338 Patrem
1730 3301 1816 3339 ve-

214 3380 407 3441 strum,
446 3372 496 3427 id
517 3381 624 3440 est,
655 3373 706 3428 in
747 3372 1048 3430 benefactis
1072 3376 1293 3431 vestris.

296 3463 477 3520 Nolite
498 3476 703 3539 putare,
734 3467 860 3538 quia
887 3482 993 3524 non
1017 3468 1133 3523 ueni
1162 3468 1356 3527 solvere
1379 3469 1544 3546 legem
1576 3488 1596 3529 :
1622 3471 1682 3529 Id
1707 3482 1811 3542 est,

216 3557 603 3630 quodcumque
629 3575 765 3631 opus
793 3559 993 3617 factum
1014 3571 1121 3630 est,
1153 3562 1272 3633 ipse
1300 3565 1559 3634 implevit.
1587 3566 1815 3636 Quando

217 3652 321 3710 ﬁlii
351 3652 513 3709 Israel
540 3665 925 3725 peccaverunt,
958 3655 1175 3726 Moyses
1204 3667 1261 3714 et
1284 3657 1420 3716 Levi
1454 3669 1566 3717 tres
1607 3661 1815 3733 gladios

218 3746 290 3803 ad
321 3747 618 3804 vindictam
655 3763 824 3820 super
857 3762 957 3806 eos
992 3759 1365 3821 acceperunt,
1397 3753 1539 3824 quod
1563 3752 1814 3810 Chrisms

216 3842 347 3899 fecit
366 3858 488 3899 cum
508 3843 645 3900 dixit
669 3862 683 3900 :
710 3843 833 3901 Non
858 3846 973 3900 ueni
992 3862 1172 3919 pacem
1196 3847 1420 3915 mittere,
1442 3848 1533 3902 sed
1554 3848 1811 3919 gladium.

218 3935 291 3992 Et
318 3935 554 4006 implere,
587 3936 640 3993 id
669 3945 773 4004 est,
806 3938 951 4009 quod
980 3941 1158 3995 minus
1180 3949 1322 4006 erat,
1351 3938 1473 4010 quia
1498 3947 1657 3997 vetus
1676 3939 1809 4005 Lex,

217 4029 263 4084 si
293 4028 850 4099 quisadulterasset,
892 4031 1075 4102 puniri
1118 4031 1346 4100 iubebat
1393 4047 1410 4087 :
1455 4046 1601 4087 nunc
1628 4042 1811 4088 autem

218 4139 331 4179 non
357 4122 613 4190 solvitur,
646 4122 743 4179 sed
773 4123 1051 4194 impletur,
1080 4138 1204 4179 cum
1228 4123 1430 4179 dicitur
1460 4140 1474 4177 ε
1508 4124 1609 4192 Qui
1632 4125 1814 4180 riderit

218 4217 494 4272 mulierem
523 4216 592 4269 ad
620 4217 1085 4287 concupiscendam
1110 4232 1251 4283 eam,
1282 4226 1339 4271 et
1361 4216 1602 4287 reliqua:
1635 4227 1689 4273 et
1714 4217 1814 4274 ite-

219 4327 377 4368 rum:
408 4306 486 4362 De
513 4310 658 4363 omni
682 4308 833 4363 verbo
861 4309 1048 4376 otioso,
1077 4311 1335 4364 rationem
1367 4308 1581 4364 reddere
1626 4310 1679 4364 in
1729 4311 1814 4366 die

221 4405 428 4475 iudicii.
465 4403 605 4460 Ecce
649 4417 759 4458 non
806 4403 931 4459 veni
974 4402 1188 4460 solvere
1224 4402 1435 4475 legem,
1470 4401 1567 4458 sed
1614 4417 1811 4475 augere

221 4497 365 4569 quod
390 4505 548 4553 vetus
576 4511 682 4551 non
709 4494 866 4551 dixit.

1919 3279 2011 3350 qui
2062 3280 2276 3335 animas
2323 3279 2378 3335 in
2408 3293 2630 3352 pmnam
2661 3280 2831 3336 mittit
2860 3280 2915 3336 iu
2959 3295 3258 3347 carcerem,
3300 3280 3355 3335 id
3409 3290 3514 3351 est,

1918 3371 1972 3427 in
1999 3371 2294 3428 infernum.

1990 3464 2115 3521 Non
2146 3466 2287 3522 exies
2312 3466 2455 3533 inde,
2478 3464 2531 3522 id
2560 3474 2669 3535 est,
2701 3466 2823 3537 quia
2850 3465 2918 3522 de
2957 3462 3173 3523 inferno
3194 3479 3356 3522 nemo
3383 3467 3515 3535 exit,

1917 3560 2097 3617 donec
2126 3559 2483 3616 novissimum
2532 3558 2890 3630 quadrantem
2921 3559 3112 3616 reddat
3146 3577 3160 3615 :
3194 3560 3382 3629 donec,
3418 3575 3518 3634 pro

1916 3669 2118 3725 semper
2147 3651 2437 3721 accipitur.
2471 3650 2756 3720 Quadrans
2792 3661 2879 3708 est
2916 3664 3109 3723 quarta
3136 3667 3259 3724 pars
3286 3654 3513 3721 nummi,

1915 3760 2037 3816 qua:
2058 3758 2161 3816 pro
2190 3744 2467 3800 lavatione
2492 3744 2543 3799 in
2573 3744 2827 3800 mercede
2850 3744 3032 3814 datur,
3062 3747 3144 3802 vel
3166 3761 3265 3818 pro
3289 3746 3516 3803 minimo

1915 3848 2140 3912 peccato
2169 3837 2370 3894 dicitur
2402 3857 2413 3891 :
2445 3839 2803 3910 quadrantem
2832 3839 3083 3909 reddere,
3136 3841 3188 3897 in
3243 3840 3515 3898 infernum

1915 3934 2082 3998 mitti,
2110 3933 2194 3988 vel
2221 3933 2342 4003 quia
2366 3932 2529 3989 homo
2554 3933 2622 3989 de
2645 3942 2878 4005 quatuor
2897 3934 3185 3990 elementis
3212 3935 3388 3993 factus
3408 3944 3516 3994 est.

1915 4026 2122 4081 Audisti
2134 4027 2257 4096 quia
2270 4026 2461 4081 dictum
2480 4035 2555 4081 est
2569 4027 2813 4099 antiquis,
2833 4026 2953 4082 Non
2975 4028 3328 4097 maechaberis,
3344 4028 3397 4084 id
3410 4038 3514 4098 est,

1915 4135 2023 4175 non
2051 4118 2401 4174 adulterabis.
2439 4119 2545 4187 Qui
2559 4121 2743 4175 viderit
2768 4121 3033 4176 mulierem
3057 4121 3128 4176 ad
3147 4123 3517 4193 concupiscen-

1915 4212 2187 4268 dumeam.
2213 4213 2341 4268 Duae
2378 4214 2834 4284 concupiscentia:
2880 4224 3024 4282 sunt,
3049 4214 3245 4286 prima,
3271 4228 3432 4285 quam
3463 4214 3507 4271 si

1915 4306 2252 4378 possibilitas
2281 4316 2538 4377 sequatur
2572 4306 2824 4377 aﬂ‘ectus,
2855 4312 3036 4380 operis
3069 4323 3174 4364 non
3223 4306 3469 4379 sequitur
3499 4325 3511 4361 :

1913 4402 2154 4459 secunda
2180 4418 2303 4472 qua:
2333 4412 2764 4471 consummatur,
2798 4403 2843 4458 si
2869 4402 3204 4473 possibilitas
3232 4407 3514 4471 suppetat:

1913 4497 2221 4553 moechatus
2245 4498 2298 4551 in
2323 4511 2576 4567 corpore,
2606 4506 2661 4551 et
2685 4498 2739 4551 in
2772 4496 2939 4552 corde
2961 4495 3040 4552 ﬁt.

292 4593 454 4646 Amen
477 4591 594 4645 dico
615 4589 778 4645 vobis.
806 4589 990 4658 Amen,
1022 4588 1076 4645 id
1104 4598 1210 4655 est,
1242 4606 1380 4657 uere,
1413 4590 1531 4647 sive
1552 4590 1806 4647 fideliter.
1838 4573 1892 4634 Ῑ)
1989 4589 2053 4646 Si
2082 4590 2263 4645 oculus
2292 4601 2411 4644 tuus
2441 4591 2616 4645 dexter
2646 4588 2967 4645 scandalizat
3000 4598 3047 4644 te
3074 4605 3094 4643 :
3121 4604 3242 4644 erue
3280 4602 3420 4656 eum,
3472 4596 3520 4644 et

225 4683 343 4740 Iota
363 4701 555 4753 unum,
583 4698 780 4740 nomen
803 4683 1026 4750 litterae,
1050 4698 1171 4754 qua:
1196 4697 1305 4738 uno
1324 4682 1487 4739 ducto
1512 4700 1526 4736 :
1553 4683 1613 4737 lit
1634 4683 1765 4739 deca
1790 4692 1817 4722 ιι

225 4780 404 4837 littera
429 4820 446 4847 ,
490 4778 545 4834 id
580 4787 666 4835 est
690 4820 706 4845 ,
748 4779 937 4835 decem
978 4777 1148 4833 verba
1187 4775 1346 4848 Legis
1371 4818 1385 4841 ,
1430 4777 1570 4848 apud
1596 4777 1817 4833 Graecos

225 4874 439 4943 litterae,
471 4873 615 4946 quod
648 4889 749 4931 nos
776 4889 940 4929 unum
972 4873 1233 4929 diximus.
1268 4872 1416 4929 Unus
1447 4890 1583 4945 apes:
1605 4914 1621 4939 ,
1648 4889 1813 4929 unum

226 4981 485 5041 punctum
511 5012 527 5038 ,
573 4970 640 5025 ad
669 4969 936 5037 litteram;
972 4968 1040 5024 ad
1074 4983 1294 5025 sensum
1329 4978 1511 5024 autem
1534 5010 1549 5037 ,
1594 4970 1814 5025 minima

226 5063 475 5119 mandata
505 5061 685 5134 Legis.
727 5062 903 5119 Donec
943 5063 1118 5117 omnia
1159 5063 1288 5133 ﬁant
1313 5104 1328 5130 ,
1375 5063 1496 5133 quia
1536 5078 1657 5133 quae
1695 5064 1815 5134 lege

227 5158 451 5212 minima
478 5155 737 5223 fuerunt,
782 5158 945 5229 plena
972 5158 1251 5230 mysteriis
1279 5156 1413 5212 fiunt
1442 5173 1457 5224 ;
1508 5157 1613 5212 iota
1658 5166 1815 5213 vetus

226 5245 334 5305 Lex
359 5290 374 5315 ,
406 5264 545 5319 apex
568 5248 739 5305 Nova.

297 5340 401 5416 Qui
421 5342 557 5395 enim
581 5341 793 5398 soluerit
821 5360 985 5399 unum
1014 5344 1077 5400 de
1097 5343 1360 5399 mandatis
1406 5344 1520 5399 istis
1570 5343 1814 5399 minimis.

225 5433 281 5491 id
301 5446 407 5505 est,
431 5436 522 5507 qui
560 5436 783 5493 multum
814 5438 993 5503 docet,
1021 5447 1077 5495 et
1122 5439 1348 5495 minime
1379 5438 1586 5509 implet.
1622 5437 1815 5493 Phari-

222 5530 316 5586 swi
340 5529 660 5585 exeolantes
705 5530 958 5600 culicem,
990 5540 1047 5588 et
1087 5531 1353 5589 camelum
1392 5532 1688 5604 glutientes
1720 5548 1734 5585 :
1764 5529 1817 5587 id

295 5705 323 5733 ι
350 5692 583 5765 Videtur
622 5692 691 5748 de
730 5692 849 5747 iota
893 5691 1097 5765 littera,
1146 5701 1352 5765 quaeet
1398 5691 1571 5747 decem
1602 5688 1814 5765 numeri

226 5766 372 5843 apud
396 5764 617 5822 Graecos
643 5772 770 5822 nota
797 5772 901 5833 est,
931 5764 1136 5823 dicere.
1164 5762 1286 5822 Sed
1315 5762 1641 5836 depravatus
1687 5762 1825 5819 adeo

1921 4684 2119 4755 projice
2146 4683 2235 4737 abs
2251 4693 2318 4738 te.
2344 4682 2398 4737 ld
2420 4692 2522 4750 est,
2552 4682 2804 4753 princeps
2833 4683 2916 4736 vel
2942 4680 3137 4737 doctor
3166 4690 3313 4748 tuus,
3362 4694 3517 4747 erue,

1920 4776 1973 4832 id
2007 4784 2109 4845 est,
2143 4791 2335 4848 separa
2366 4791 2487 4830 eum
2516 4791 2544 4827 a
2577 4783 2653 4842 te,
2688 4776 2735 4829 si
2768 4782 2825 4829 te
2849 4773 2945 4829 Dei
2975 4773 3197 4829 servitio
3228 4772 3522 4844 prohibue-

1921 4871 2023 4937 rit;
2053 4885 2217 4925 unum
2251 4869 2552 4924 membrum
2585 4879 2759 4933 tuum,
2789 4868 2839 4923 id
2865 4877 2970 4933 est,
2996 4866 3194 4923 melius
3221 4875 3305 4924 est
3333 4864 3432 4922 tibi
3461 4874 3520 4922 ut

1922 4963 2175 5035 princeps
2201 4970 2410 5031 pereat,
2446 4966 2611 5029 quam
2643 4974 2766 5015 cum
2817 4960 2915 5015 illo
2945 4959 3111 5015 vadas
3141 4959 3193 5016 in
3224 4960 3517 5016 infernum.

1927 5056 2147 5115 Oculus,
2179 5056 2230 5109 id
2280 5065 2393 5122 est,
2426 5053 2753 5109 desiderium
2784 5062 2964 5122 tuum,
3006 5056 3131 5125 quia
3178 5069 3378 5128 corpus
3427 5066 3555 5127 per

1924 5150 2077 5207 illum
2112 5150 2164 5203 in
2201 5148 2503 5219 gehennam
2531 5147 2785 5204 mittitur.
2821 5147 3020 5205 Dextra
3046 5167 3251 5223 manus,
3296 5150 3348 5206 id
3396 5158 3518 5218 est,

1921 5243 2192 5307 minister,
2224 5252 2316 5295 aut
2347 5243 2427 5295 ira
2460 5250 2547 5296 tua
2581 5258 2595 5296 :
2624 5242 2943 5297 scandalizat
2974 5254 3044 5310 te,
3075 5244 3127 5299 id
3156 5255 3261 5313 est,
3293 5244 3523 5301 amanda

1921 5353 1953 5394 a
1990 5344 2046 5393 te
2079 5355 2094 5389 :
2126 5350 2329 5400 manus,
2374 5333 2425 5389 id
2457 5342 2540 5390 est
2566 5348 2704 5403 epus
2730 5335 2931 5391 malum
2973 5336 3212 5394 abscide.

2000 5430 2124 5486 Non
2144 5433 2330 5503 jurare
2357 5447 2369 5484 :
2392 5428 2443 5483 id
2465 5438 2694 5495 est,non
2723 5429 3011 5501 perjurare
3042 5451 3054 5487 :
3085 5449 3188 5488 non
3208 5433 3396 5503 furare
3416 5446 3525 5487 om-

1923 5525 2048 5582 nino
2069 5540 2089 5579 :
2112 5522 2165 5579 id
2192 5530 2298 5591 est,
2326 5538 2613 5596 numquam
2635 5522 2823 5594 iurare
2848 5540 3041 5596 :neque
3069 5541 3161 5598 per
3176 5524 3377 5595 caelum,
3403 5524 3527 5597 quia

1929 5693 2214 5743 contextus
2244 5690 2347 5749 est,
2379 5690 2441 5737 ut
2465 5695 2589 5737 eum
2620 5680 2724 5737 alia
2755 5690 3009 5739 sexcenta
3058 5681 3322 5739 hactenus
3342 5696 3529 5738 emen-

1886 5831 1907 5837 ,ν
1933 5757 2270 5828 daverimus,
2298 5754 2388 5814 hic
2418 5762 2630 5812 tantum
2655 5777 2672 5810 ι
2696 5769 2795 5828 pro
2826 5776 2857 5813 κ
2893 5756 3178 5815 immutare
3208 5753 3524 5816 audeamus.
