4056 6336
542 231 648 291 ειν

1558 224 1619 284 S.
1659 222 2037 282 HIERONYMI
2077 218 2361 280 OPERUM
2401 217 2762 277 MANTISSA.

3722 212 3839 271 5&8

539 352 683 408 sedes
708 360 780 405 est
808 346 908 404 Dei
939 366 952 403 :
987 346 1143 403 aliter
1171 352 1266 411 est,
1316 353 1423 398 est:
1450 359 1571 410 non,
1614 359 1738 408 non,
1771 341 1825 395 id
1855 349 1959 407 est,
2013 356 2135 396 ver-
2160 343 2213 402 Α
2238 338 2409 394 voluit
2436 350 2577 393 esse.
2613 336 2679 391 Et
2704 335 2785 389 sic
2811 331 3078 390 faciamus
3100 338 3161 389 ut
3187 331 3433 391 haeredes
3452 332 3630 403 patris
3652 331 3839 405 possi-

541 446 666 503 bum
698 444 804 501 dici
834 444 888 499 in
916 456 1014 498 ore
1039 450 1093 496 et
1113 438 1168 493 in
1190 437 1386 493 corde:
1416 437 1549 509 quod
1580 437 1809 506 amplius
1836 446 1909 491 est
1934 452 1967 491 a
1993 434 2130 490 malo

541 549 639 610 est,
673 538 726 595 id
757 545 860 602 est,
888 550 953 591 ex
994 532 1317 603 indignitate
1348 531 1513 596 illius,
1547 529 1634 584 cui
1667 546 1771 585 non
1805 527 2067 584 creditur.

617 632 837 687 Oculum
860 643 955 699 pro
987 629 1159 691 oculo,
1192 625 1244 681 id
1266 634 1371 692 est,
1407 640 1516 680 non
1547 624 1776 680 reddere
1800 623 2001 679 malum
2034 638 2133 694 pro

541 727 705 783 malo.
738 724 798 779 Si
833 722 949 794 quis
972 721 1281 793 percusserit
1305 720 1421 773 tein
1451 719 1716 773 dexteram
1764 717 2053 783 maxillam,
2076 715 2133 771 id

540 825 643 883 est,
676 815 723 872 si
751 813 1042 869 hzereticus
1063 811 1398 883 percusserit
1429 822 1480 867 te
1507 812 1559 865 in
1577 810 1772 882 dogma
1810 807 2134 873 malzcscri-

538 920 735 984 pturze,
769 910 951 976 praebe
978 905 1054 960 illi
1083 904 1227 960 aliud
1252 906 1445 975 dogma
1476 904 1673 959 divinae
1701 904 2035 973 Scriptum,
2067 899 2137 957 ad

539 1002 845 1060 vivendum.
881 1000 982 1067 Qui
1004 999 1111 1054 vult
1137 999 1362 1054 tunicam
1394 1010 1533 1053 tuam
1588 1000 1789 1070 tollere,
1817 998 1869 1054 id
1897 1006 2004 1064 est,
2030 997 2137 1053 cri—

541 1112 662 1152 men
692 1094 835 1167 quod
865 1093 918 1149 in
951 1105 1005 1149 te
1033 1094 1278 1148 homines
1330 1090 1510 1149 sciunt
1557 1092 1625 1148 de
1674 1102 1748 1159 te,
1800 1091 2134 1162 dispoliare:

540 1192 758 1247 Dimitte
783 1201 831 1245 et
858 1190 1102 1261 pallium,
1136 1189 1187 1244 id
1219 1200 1322 1256 est,
1355 1189 1624 1253 criminis,
1656 1188 1811 1256 cujus
1831 1187 1980 1243 solus
2008 1202 2137 1241 con-

536 1290 686 1347 scius
712 1302 797 1353 es,
828 1286 896 1341 da
921 1286 970 1342 ei
997 1286 1411 1342 confessionem.
1449 1282 1515 1338 Et
1548 1286 1593 1337 si
1622 1286 1740 1352 quis
1768 1294 1812 1339 te
1862 1284 2135 1356 angarisa-
2214 1334 2220 1341 .

538 1382 667 1437 verit
696 1379 841 1435 mille
865 1396 1072 1451 passus,
1101 1379 1229 1432 vade
1253 1394 1372 1432 cum
1403 1377 1495 1432 illo
1525 1377 1630 1431 alia
1658 1376 1825 1440 mille,
1859 1376 1911 1431 id
1937 1385 2050 1443 est,
2082 1382 2142 1431 ut

539 1475 740 1534 exieris
766 1488 1017 1544 corpore,
1057 1472 1197 1527 vade
1218 1479 1274 1527 et
1296 1480 1497 1527 mente.
1529 1468 1630 1537 Qui
1656 1470 1783 1540 petit
1819 1486 1852 1522 a
1876 1479 1922 1523 te
1974 1468 2044 1523 da
2069 1468 2138 1539 ei,

541 1572 593 1626 id
643 1578 751 1638 est,
798 1570 890 1640 qui
942 1568 1270 1637 interrogat,
1327 1565 1414 1621 dic
1452 1565 1525 1632 ei,
1580 1564 1695 1620 sive
1743 1562 1967 1635 pauperi
1992 1564 2139 1620 elec-

546 1676 854 1733 mosynam.

2232 448 2353 490 mus
2396 444 2554 499 esse;
2597 446 2723 487 nam
2769 438 2826 487 et
2871 428 2960 486 lex
3005 427 3264 499 humana,
3321 427 3650 488 hereditare
3703 426 3840 485 facit

2233 528 2396 584 ﬁlios.

2304 620 2668 691 Sanctiﬁcelur
2696 635 2879 675 nomen
2907 626 3053 675 tuum
3078 634 3098 676 :
3130 618 3217 675 hic
3248 633 3526 691 rogamus,
3554 623 3613 675 ut
3654 618 3709 674 in
3734 632 3839 675 no-

2233 713 2315 770 bis
2340 713 2732 782 sanctiﬁcetur,
2760 712 2814 767 id
2834 700 2994 769 estin
3018 711 3277 783 operibus
3305 712 3539 776 nostris;
3566 720 3692 765 nam
3715 709 3840 780 ejus

2233 821 2431 863 nomen
2460 820 2675 876 semper
2706 815 2951 862 sanctum
2979 814 3087 863 est.
3128 803 3309 859 Veniat
3333 821 3553 877 regnum
3590 814 3755 871 tuum,
3782 804 3839 859 id

2234 911 2340 968 est,
2369 901 2511 957 sicut
2536 908 2728 972 optant
2754 900 2848 956 ﬁlii
2903 915 3127 972 regnum
3159 898 3303 972 patri
3358 914 3459 954 suo
3486 917 3500 953 :
3532 900 3609 955 ita
3649 907 3707 955 et
3740 913 3839 955 nos

2235 1007 2474 1065 oramus,
2526 1003 2585 1051 ut
2613 994 2706 1049 ille
2745 1003 2939 1065 regnet
2984 994 3038 1050 in
3080 993 3273 1061 nobis,
3321 1002 3377 1049 et
3405 1009 3516 1049 non
3545 992 3837 1049 diabolus:

2233 1083 2362 1156 ille,
2404 1096 2460 1142 et
2510 1100 2617 1142 non
2653 1094 2955 1157 peccatum,
3005 1087 3122 1144 sive
3173 1085 3440 1154 Ecclesia,
3494 1086 3613 1144 sive
3660 1086 3838 1143 Evan-

2235 1178 2459 1251 gelium.

2310 1269 2435 1326 Fiat
2462 1274 2699 1329 voluntas
2735 1280 2846 1340 tua,
2879 1280 2936 1328 et
2960 1273 3190 1345 reliqua.
3224 1273 3379 1331 Sicut
3417 1275 3594 1345 angeli
3627 1275 3682 1331 in
3702 1275 3839 1334 etelo

2239 1365 2358 1421 sine
2388 1365 2545 1435 culpa
2587 1364 2916 1421 famulantur
2944 1380 2957 1419 ε
2986 1364 3059 1421 ita
3086 1373 3143 1421 et
3183 1380 3325 1422 nos:
3358 1366 3445 1421 vel
3468 1367 3610 1422 sicut
3643 1367 3698 1422 in
3728 1369 3841 1422 ani-

2240 1460 2453 1525 mabus,
2489 1460 2561 1515 ita
2610 1469 2666 1517 et
2704 1459 2761 1515 in
2805 1474 3080 1531 corpore:
3127 1458 3217 1516 vel
3246 1460 3387 1516 sicut
3415 1459 3734 1526 Christiani,
3765 1462 3838 1517 ita

2240 1550 2516 1611 hmretici:
2541 1553 2689 1610 sicut
2714 1551 2989 1621 Ecclesia,
3042 1555 3115 1609 ita
3161 1554 3442 1627 Synagcga
3474 1554 3651 1611 :sicut
3671 1553 3837 1625 justi-

2239 1650 2335 1716 tia,
2382 1649 2454 1704 ita
2501 1657 2804 1719 peccatum.
2834 1646 3189 1717 Convertant,
3212 1658 3271 1705 ut
3318 1649 3421 1705 illis
3448 1648 3541 1706 ﬁat
3583 1649 3840 1707 voluntas

614 1732 825 1811 Dictum
846 1763 921 1811 est
950 1754 1195 1824 antiquis,
1223 1732 1421 1824 Diliges
1444 1751 1738 1824 proximum
1759 1758 1923 1815 tuum,
1944 1760 1992 1806 et
2020 1750 2137 1805 odio
2165 1743 2214 1805 Β
2243 1752 2354 1796 lua-

540 1849 751 1906 habebis
778 1849 1043 1903 inimicum
1072 1858 1232 1902 tuum.
1267 1846 1549 1914 Quomodo
1597 1846 1759 1911 dixit,
1805 1862 1909 1899 non
1947 1845 2142 1901 solvere

542 1944 725 2016 legem,
757 1950 908 1998 recte
938 1940 1146 2011 implet,
1179 1939 1303 2010 quia
1331 1939 1384 1993 in
1411 1946 1597 1994 vetere
1625 1936 1761 1993 dicit
1784 1937 1853 1993 de
1901 1937 2139 2007 diabolo,

540 2037 821 2096 inimicum
851 2034 1005 2090 odire
1031 2052 1043 2087 :
1080 2033 1168 2088 hic
1190 2041 1373 2088 autem
1400 2031 1469 2088 de
1499 2042 1747 2102 utroque.
1779 2030 1934 2088 Treis
1965 2031 2144 2088 modis

539 2132 816 2203 diligimus
845 2128 1097 2185 inimicos
1128 2146 1141 2183 :
1174 2126 1339 2185 corde
1361 2127 1574 2198 quinos
1603 2125 1769 2182 corde
1798 2124 1915 2179 odit
1942 2140 2143 2195 :opere

538 2228 676 2285 bene
706 2224 890 2281 facere
919 2223 1020 2291 illi,
1077 2223 1172 2295 qui
1204 2238 1306 2279 nos
1348 2236 1515 2292 opere
1556 2219 1906 2291 persequitur
1935 2237 1951 2276 :
1984 2234 2144 2277 orare

536 2320 729 2386 verbo,
754 2319 845 2390 qui
870 2332 969 2373 nos
985 2316 1156 2373 verbo
1172 2316 1483 2371 criminant.
1507 2312 1956 2368 Calumniantibus
1976 2313 2140 2379 vobis,

539 2415 591 2470 id
622 2423 727 2481 est,
761 2412 894 2466 falsa
918 2409 1214 2466 accusatio.
1243 2406 1312 2464 Ut
1334 2409 1445 2464 sitis
1470 2406 1569 2476 ﬁlii
1590 2407 1757 2479 patris
1782 2406 1956 2473 vestri,
1981 2415 2036 2461 et
2058 2420 2144 2461 re-

536 2507 687 2577 liqua
721 2526 734 2559 :
769 2505 823 2561 id
851 2512 958 2572 est,
987 2502 1143 2575 quasi
1166 2501 1369 2572 aliquis
1403 2506 1675 2569 portasset
1699 2514 1913 2565 aurum,
1945 2514 2140 2569 argen-

540 2608 650 2654 tum
682 2597 960 2654 nobiszet
1003 2596 1051 2650 si
1100 2592 1471 2651 maledixisset
1521 2606 1645 2658 nos,
1678 2601 1734 2648 et
1758 2592 2139 2662 percussisset,

538 2690 899 2748 dilexerimus
927 2702 1074 2752 eum,
1100 2693 1297 2741 etcum
1326 2683 1421 2739 illa
1450 2682 1809 2751 defecissent,
1841 2693 1895 2738 et
1927 2697 2024 2738 nos
2047 2682 2144 2738 tle-

538 2784 858 2840 fccissemus
883 2797 897 2834 :
920 2780 1046 2836 ideo
1074 2795 1184 2835 non
1212 2777 1500 2833 deﬁciente
1521 2775 1627 2832 vita
1656 2777 2011 2847 promittitur.
2039 2777 2141 2844 Qui

536 2875 701 2932 solem
729 2884 900 2939 suum,
932 2880 988 2928 et
1019 2871 1231 2941 reliqua
1264 2885 1278 2923 :
1309 2877 1355 2924 et
1379 2867 1512 2941 pluit
1536 2885 1692 2941 super
1707 2873 1902 2942 justas,
1931 2869 2061 2940 quia
2087 2869 2139 2923 in

536 2978 771 3039 utroque
795 2975 939 3022 totus
970 2965 1203 3021 tuundus
1234 2964 1550 3021 continetur
1584 2983 1596 3017 :
1628 2965 1683 3019 in
1710 2964 1847 3029 sole,
1879 2963 2051 3029 arida,
2084 2972 2143 3020 et

538 3060 738 3130 calida,
762 3059 818 3117 in
850 3059 1055 3130 pluvia,
1082 3057 1306 3114 humida
1338 3067 1391 3113 et
1420 3057 1612 3128 frigida
1643 3076 1655 3113 :
1698 3058 1767 3114 de
1794 3058 1878 3114 his
1905 3067 2138 3129 quatuor

2318 1833 2516 1889 Panem
2566 1845 2801 1891 nostrum
2846 1834 3207 1906 quotidianum
3236 1851 3258 1892 :
3288 1834 3341 1892 id
3373 1843 3497 1900 est,
3551 1836 3701 1892 omni
3756 1837 3840 1894 die

2244 1941 2413 1996 usque
2442 1927 2509 1982 ad
2538 1940 2702 1997 caput
2725 1928 2854 1983 anni
2883 1947 2896 1984 :
2929 1930 3107 1995 hodie,
3138 1928 3193 1985 id
3213 1937 3317 1993 est,
3344 1942 3570 1999 semper
3594 1949 3609 1984 :
3632 1932 3833 2002 panem,

2246 2018 2298 2075 id
2328 2029 2412 2074 est
2436 2016 2738 2077 Christum.
2773 2021 2863 2078 Sic
2883 2036 3044 2092 agere
3068 2020 3355 2088 debemus,
3378 2031 3437 2077 ut
3461 2037 3586 2079 eum
3612 2023 3842 2093 quotidie

2247 2115 2519 2183 possimus
2544 2116 2797 2185 accipere
2818 2116 2886 2171 ad
2917 2117 3241 2173 remedium.
3272 2116 3340 2171 Et
3370 2118 3577 2174 dimitte
3602 2120 3763 2180 nobis.
3793 2127 3845 2174 et

2244 2209 2456 2279 reliqua
2491 2228 2505 2264 :
2541 2209 2627 2265 hic
2653 2210 2965 2266 cautionem
2987 2226 3111 2266 cum
3147 2211 3256 2269 Deo
3288 2210 3559 2268 facimus:
3592 2213 3639 2268 si
3670 2213 3846 2269 dimit-

2246 2301 2460 2368 temini,
2492 2302 2795 2359 dimittetur
2818 2304 2993 2360 vobis.

2317 2395 2385 2450 Et
2414 2412 2475 2452 ne
2502 2414 2596 2452 nos
2637 2398 2860 2453 inducas
2890 2399 2945 2453 in
2991 2399 3343 2455 tentationem.
3371 2399 3523 2457 Sicut
3572 2401 3849 2460 seduxisti

2244 2488 2493 2546 homines
2520 2489 2573 2545 in
2604 2490 2834 2558 diluvio,
2865 2491 2950 2546 vel
2984 2490 3107 2548 illos
3136 2491 3191 2549 in
3240 2488 3497 2560 Sodoma,
3548 2494 3636 2549 vel
3692 2493 3842 2552 Pha-

2243 2599 2468 2640 raonem
2493 2584 2547 2640 in
2576 2601 2750 2653 mare,
2776 2586 2895 2644 sive
2916 2587 2971 2645 in
2998 2588 3308 2647 tentatioue
3334 2589 3554 2659 diaboli,
3598 2599 3696 2648 aut
3746 2591 3847 2649 ho-

2243 2681 2449 2737 minum
2488 2681 2737 2737 insidias.

2316 2774 2422 2829 Sed
2444 2774 2603 2830 libera
2630 2792 2724 2831 nos
2749 2793 2780 2831 a
2804 2776 2966 2833 malo.
3000 2776 3055 2835 Id
3076 2788 3182 2848 est,
3212 2794 3242 2836 ιι
3271 2781 3513 2852 diabolo,
3537 2792 3566 2839 ιι
3593 2793 3845 2855 peccato,

2243 2868 2310 2923 ab
2335 2868 2556 2925 homine
2585 2871 2753 2925 malo.
2783 2870 2877 2927 Hae
2906 2882 3115 2942 septem
3132 2875 3412 2933 orationes
3440 2894 3456 2932 :
3489 2888 3516 2915 α
3546 2886 3605 2934 ιιι
3635 2888 3845 2951 septem

2240 2963 2431 3033 gratim
2455 2962 2694 3034 Spiritus
2724 2965 2896 3021 sancti
2928 2983 2941 3019 :
2966 2975 3200 3036 quatuor
3233 2982 3552 3026 communes
3573 2982 3706 3028 sunt
3733 2989 3848 3028 om-

2242 3053 2441 3110 nibus:
2469 3065 2579 3111 tres
2606 3056 2900 3126 petitiones
2927 3059 2994 3114 ad
3024 3060 3269 3117 ctelestia
3297 3062 3602 3131 pertinent,
3637 3064 3692 3120 id
3739 3073 3842 3133 εει,

532 3157 711 3213 factus
739 3164 823 3213 est
847 3154 1080 3210 mundus
1112 3172 1124 3208 :
1158 3153 1238 3209 sic
1259 3167 1362 3207 nos
1414 3152 1674 3209 debemus
1718 3148 1852 3209 dare
1902 3152 2136 3209 inimicis
2164 3144 2207 3207 C
2241 3148 2613 3206 sanctiﬁcetur
2646 3166 2842 3207 nomen
2873 3161 3050 3221 tuum,
3072 3152 3330 3213 adveniat
3378 3171 3611 3227 regnum
3672 3166 3842 3229 tuum,

535 3250 738 3308 nostris
776 3248 958 3305 cibum
1007 3257 1064 3304 et
1117 3256 1328 3318 potum,
1362 3245 1763 3312 vestimentum,
1802 3254 1857 3301 et
1907 3246 2133 3301 verbum

539 3345 866 3401 dilectionis.

609 3438 671 3495 Si
698 3438 834 3492 enim
849 3436 1069 3508 diligitis
1096 3450 1206 3505 eos,
1237 3444 1293 3491 et
1318 3433 1543 3506 reliqua.
1572 3432 1901 3491 Publicanus
1915 3432 2132 3499 dicitur,

531 3532 662 3605 quia
686 3533 898 3604 publice
919 3540 1127 3601 peccat,
1144 3538 1239 3585 aut
1257 3531 1347 3601 qui
1366 3544 1481 3585 rem
1503 3527 1779 3599 publicam
1798 3528 1938 3598 agit:
1959 3527 2136 3584 ethni-

533 3628 607 3691 ci,
636 3626 892 3696 gentiles.
924 3624 1100 3679 Estote
1125 3623 1362 3696 perfecti,
1421 3620 1476 3677 id
1524 3631 1632 3688 est,
1665 3632 1719 3676 ut
1749 3620 1993 3691 perfecte
2020 3622 2135 3677 haec

534 3717 805 3786 impleatis
827 3718 881 3773 in
912 3716 1301 3787 eleemosynis,
1333 3716 1386 3771 in
1408 3714 1656 3785 ieiuniis,
1682 3715 1734 3771 in
1758 3715 2133 3772 orationibus:

533 3825 600 3865 ne
622 3823 797 3862 coram
824 3807 1120 3862 hominibus
1141 3808 1438 3875 videamini,
1466 3809 1519 3862 id
1546 3819 1650 3879 est,
1674 3810 1817 3879 quod
1836 3812 1974 3867 bona
2005 3825 2134 3881 ope-

533 3917 595 3959 ra
626 3916 720 3970 per
745 3900 960 3956 laudem
986 3900 1280 3956 humanam
1305 3917 1411 3956 non
1445 3900 1597 3956 fiant.

608 3996 737 4054 Cum
764 4011 886 4068 ergo
917 3995 1047 4065 facis
1079 3996 1475 4067 eleemosynam,
1521 3996 1572 4051 id
1596 4006 1702 4063 est,
1727 3997 1809 4054 fac
1839 3996 2128 4065 sacerdoti,

528 4102 582 4148 et
613 4091 855 4163 pauperi,
896 4099 952 4145 et
980 4088 1223 4144 inimico.
1252 4088 1539 4161 Hypocrita
1564 4090 1766 4146 dicitur
1784 4091 1963 4147 ﬁctus.
2001 4091 2134 4147 Per-

535 4196 778 4257 ceperunt
822 4184 1107 4239 mercedem
1154 4200 1325 4249 suam,
1373 4199 1481 4240 non
1513 4184 1647 4241 Dei:
1680 4184 1893 4239 Nesciat
1921 4186 2134 4242 sinistra

536 4288 660 4345 tua,
710 4277 764 4335 id
801 4286 920 4343 est,
966 4291 1107 4332 vana
1144 4276 1321 4347 gloria
1354 4276 1635 4343 :dextera,
1678 4279 1863 4332 omnia
1911 4289 2134 4348 propter

535 4370 708 4428 Deum
728 4368 835 4425 fac.
871 4365 1025 4423 Intra
1054 4369 1105 4423 in
1126 4367 1441 4433 cubiculum,
1482 4368 1537 4424 id
1576 4377 1682 4432 est,
1729 4369 1782 4424 in
1824 4369 2005 4425 cordis
2043 4384 2131 4427 se-

529 4472 678 4519 creta
710 4479 724 4515 :
758 4462 937 4516 clauso
958 4462 1109 4526 ostio,
1145 4460 1199 4516 id
1222 4468 1329 4527 est,
1351 4468 1540 4516 contra
1567 4475 1760 4515 vanam
1803 4462 2054 4532 gloriam.

2239 3241 2335 3297 ﬁat
2363 3242 2618 3299 voluntas
2642 3253 2732 3300 tua
2765 3262 2779 3301 :
2813 3256 3049 3317 quatuor
3073 3247 3139 3303 ad
3168 3248 3326 3303 istam
3357 3247 3551 3305 vitam.

2310 3334 2440 3389 Cum
2492 3346 2667 3390 autem
2710 3340 3089 3411 jejunaverint,
3132 3351 3186 3397 et
3217 3342 3445 3414 reliqua,
3500 3346 3847 3402 exterminant

2235 3428 2397 3499 facies
2418 3445 2560 3484 suas.
2589 3429 2646 3484 Id
2678 3439 2789 3497 est,
2821 3434 3208 3503 transﬁgurant
3227 3449 3308 3502 se,
3335 3436 3387 3491 id
3418 3445 3525 3505 est,
3553 3450 3609 3493 ut
3635 3441 3844 3495 videan-

2236 3530 2318 3577 tur
2356 3522 2418 3576 ab
2443 3523 2754 3593 hominibus,
2784 3525 2909 3596 quia
2930 3526 3203 3597 jejunant.
3227 3527 3373 3600 Unge
3400 3542 3557 3601 caput
3586 3543 3753 3600 tuum,
3791 3543 3845 3589 et

2237 3618 2355 3673 lava
2384 3618 2573 3688 faciem
2602 3629 2765 3689 tuam,
2796 3621 2853 3676 id
2884 3630 2968 3678 est
2993 3623 3137 3696 quod
3180 3625 3410 3683 Domino
3439 3628 3572 3684 dare
3600 3629 3699 3695 vis,
3746 3632 3852 3701 qui

2235 3720 2321 3767 est
2347 3721 2509 3783 caput
2543 3723 2717 3783 tuum,
2751 3714 3006 3783 proximo
3031 3725 3129 3773 tuo
3183 3718 3272 3775 da.
3332 3719 3466 3776 Noli
3494 3721 3844 3778 thesaurisare

2236 3804 2292 3858 in
2319 3815 2478 3870 terra,
2510 3805 2567 3861 id
2597 3816 2701 3873 est,
2735 3806 2792 3862 in
2822 3808 2992 3864 caelo:
3027 3827 3096 3885 ne
3126 3827 3325 3883 aerugo,
3350 3813 3402 3868 id
3428 3824 3532 3881 est,
3558 3830 3696 3871 vana
3722 3816 3845 3887 glo-

2235 3896 2343 3963 ria,
2371 3906 2467 3953 aut
2492 3898 2771 3966 ira,tinea,
2802 3901 3008 3958 invidia
3030 3905 3419 3976 autsuperbia,
3454 3910 3612 3977 fures,
3639 3909 3842 3965 daemo-

2234 4006 2367 4059 nes,
2398 4007 2626 4063 aurum,
2657 4008 2884 4063 sensus,
2925 3998 3192 4067 mundus,
3242 4002 3660 4069 vestimentum;
3711 4019 3836 4060 nam

2233 4088 2408 4155 cibus,
2432 4089 2749 4158 praedicatio
2786 4091 2988 4148 divina.

2261 4176 2265 4180 ’
2307 4182 2546 4240 Lucerna
2587 4187 2820 4257 corporis
2853 4189 2928 4243 tati
2957 4187 3048 4243 :id
3077 4198 3183 4258 est,
3213 4189 3431 4258 doctor,
3463 4191 3547 4247 vel
3578 4193 3833 4264 princeps

2233 4285 2386 4343 tuus;
2420 4281 2675 4350 corporis,
2708 4280 2763 4335 id
2784 4289 2890 4345 est,
2939 4280 3176 4338 hominis
3200 4283 3503 4353 interioris,
3533 4287 3579 4340 si
3606 4286 3830 4357 simplex

2229 4373 2386 4441 fuerit
2409 4374 2571 4427 unius
2603 4374 2703 4429 rei.
2737 4371 2905 4427 Nemo
2946 4382 3109 4445 potest
3136 4375 3338 4431 duobus
3362 4376 3585 4431 dominis
3602 4379 3831 4444 servire;

2234 4468 2321 4521 ubi
2351 4468 2504 4538 fuerit
2532 4466 2799 4522 thesaurus
2830 4478 2969 4540 tuus,
3001 4479 3057 4526 et
3097 4471 3305 4542 reliqua
3336 4481 3469 4526 :aut
3514 4488 3675 4526 unum
3707 4472 3831 4527 oa'ia

601 4556 782 4612 Nolite
820 4556 1040 4610 multum
1068 4554 1230 4626 loqui,
1261 4554 1314 4609 id
1344 4564 1454 4620 est,
1488 4570 1555 4609 ne
1590 4554 1786 4610 multas
1811 4556 2121 4625 petitiones,
2154 4554 2206 4613 D
2229 4562 2455 4631 habebit,
2480 4564 2533 4620 id
2556 4574 2660 4633 est,
2691 4567 2783 4637 qui
2809 4583 2909 4623 nec
2930 4568 3034 4625 sibi
3057 4569 3264 4636 bonus;
3303 4569 3466 4625 alium
3488 4570 3687 4643 diliget,
3732 4572 3829 4644 qui

528 4657 624 4705 aut
653 4650 821 4705 multa
848 4648 1009 4705 verba
1040 4648 1243 4714 dicere,
1293 4648 1409 4703 sive
1438 4663 1534 4717 per
1588 4648 1933 4705 altitudinem
1971 4653 2126 4707 vocis

529 4740 700 4798 Deum
722 4757 942 4812 rogare.
965 4741 1076 4798 Scit
1095 4741 1229 4795 enim
1259 4739 1423 4796 Pater
1448 4740 1588 4812 quod
1616 4742 1753 4797 vobis
1774 4758 1901 4815 apus
1923 4753 2019 4812 est,
2051 4745 2123 4801 sic

526 4851 648 4908 ergo
673 4845 835 4903 orate,
870 4834 1033 4890 Pater
1058 4843 1253 4901 noster,
1283 4834 1336 4889 id
1366 4844 1470 4901 est,
1502 4837 1745 4892 vivamus
1775 4837 1826 4893 in
1859 4847 2024 4903 terra,
2067 4847 2125 4894 ut

527 4938 739 4996 patrem
768 4927 1067 4983 habeamus
1099 4928 1149 4983 in
1182 4928 1358 4995 caelo;
1386 4926 1711 4984 charitatem
1733 4938 1788 4984 et
1816 4931 2123 4987 fraternita-

526 5028 639 5074 tem
665 5020 1005 5077 ostendimus
1041 5020 1169 5077 dum
1207 5020 1441 5077 dicimus
1469 5032 1659 5075 noster.
1710 5021 1822 5077 lloc
1853 5021 1982 5078 dicit
2019 5025 2119 5077 im-

525 5120 766 5184 perator,
789 5122 844 5168 et
866 5116 1145 5170 mendicus
1172 5115 1340 5170 adicit
1363 5116 1614 5172 dominus
1645 5126 1700 5173 et
1718 5131 1940 5180 servus;
1965 5116 2124 5173 simul

524 5206 716 5263 dicunt
743 5221 759 5259 :
785 5203 943 5261 Pater
965 5217 1156 5263 noster.
1183 5207 1331 5278 Ergo
1361 5209 1448 5278 qui
1478 5225 1645 5265 unum
1669 5220 1876 5279 patrem
1902 5210 2121 5276 habent,

525 5300 721 5356 fratres
761 5310 889 5355 sunt
915 5316 929 5353 :
953 5299 1075 5356 ideo
1121 5317 1229 5357 tton
1266 5301 1588 5372 dedignetur
1622 5303 1875 5360 dominus
1903 5318 2120 5359 servum

523 5409 683 5453 suum
710 5394 937 5451 fratrem
963 5394 1184 5466 habere,
1206 5410 1370 5466 quem
1400 5394 1660 5452 Dominus
1680 5395 1930 5453 Christus
1956 5399 2121 5454 frater

598 5568 623 5600 α
650 5559 892 5616 Luxatus
923 5567 1104 5616 textus
1135 5558 1221 5615 hic
1251 5568 1367 5615 erat
1396 5559 1594 5628 verbis,
1629 5571 1685 5615 ut
1713 5572 1903 5632 septem
1929 5563 2110 5632 gratim

527 5632 759 5702 Spiritus
786 5634 974 5705 sancti,
1003 5648 1123 5701 quae
1169 5632 1518 5705 subsequenti
1562 5634 1767 5689 isocolo
1822 5635 2111 5705 subjunge-

526 5706 720 5778 batm‘._
752 5703 965 5778 adjecto
994 5705 1160 5764 etiam
1211 5703 1378 5762 verbo
1422 5714 1643 5778 orasset,
1691 5705 1831 5777 qttod
1890 5703 2110 5765 settstuu

526 5772 924 5842 intercipiebat.

2231 4658 2336 4714 sibi
2382 4659 2682 4716 bonuszid
2728 4670 2848 4727 est,
2899 4663 3179 4721 diabolum
3238 4676 3612 4735 contemnere,
3650 4666 3827 4723 Deum

2231 4768 2437 4810 amare.
2466 4753 2570 4822 Qui
2594 4754 2798 4812 divitiis
2826 4758 3013 4822 servit,
3062 4759 3279 4814 diabolo
3303 4759 3492 4816 servit.
3527 4758 3829 4815 Hammona

2230 4847 2487 4907 dicuntur
2506 4846 2732 4915 divitiae,
2765 4849 2880 4905 sive
2918 4866 3115 4906 nomen
3147 4851 3373 4908 diaboli.

2306 4940 2495 4997 Nonne
2511 4943 2687 4997 anima
2708 4944 2825 5014 plus
2853 4955 3101 5015 estquam
3123 4962 3259 5001 esca.
3290 4946 3343 5001 ld
3369 4954 3475 5009 est.
3502 4947 3592 5016 qui
3614 4946 3824 5001 minora

2230 5033 2322 5088 dat
2353 5035 2494 5098 Deo,
2527 5043 2582 5090 et
2613 5036 2816 5106 majora
2845 5036 3086 5092 diabolo.
3131 5036 3391 5109 Respicite
3418 5037 3658 5093 volatilia
3688 5040 3822 5102 creti,

2227 5133 2283 5181 et
2321 5126 2549 5197 reliqua.
2582 5127 2716 5195 Quia
2738 5144 2855 5183 mos
2883 5138 2968 5185 est
3008 5132 3190 5185 avium
3234 5132 3286 5186 in
3315 5130 3479 5186 altum
3507 5130 3708 5191 volare,
3764 5138 3825 5186 et

2224 5219 2497 5274 canticum
2520 5229 2762 5289 cantare,
2797 5234 2849 5276 ct
2871 5223 3076 5293 aliquid
3105 5224 3206 5280 sibi
3241 5224 3513 5282 voluerint
3548 5225 3602 5279 in
3648 5235 3819 5292 terra,

2225 5313 2500 5384 accipiunt
2527 5332 2553 5368 ε
2586 5315 2817 5374 Domino
2849 5336 2861 5371 :
2891 5319 2963 5374 ita
2992 5327 3048 5375 et
3070 5319 3318 5377 homines
3345 5320 3545 5377 debent
3569 5320 3815 5377 coelestia

2225 5408 2485 5479 Cogitarc,
2516 5418 2575 5465 et
2602 5408 2774 5467 Deum
2799 5411 3058 5469 laudare:
3082 5420 3139 5469 et
3164 5428 3288 5469 cum
3328 5413 3465 5470 cibis
3492 5416 3522 5452 ι’
3554 5412 3814 5483 indigent,

2292 5556 2471 5622 1)‘Erat
2497 5571 2708 5628 civibus.
2739 5572 2861 5628 Mox
2907 5572 3048 5642 quod
3100 5571 3330 5637 dicitur,
3376 5570 3643 5644 deponant
3688 5589 3815 5644 quas

2221 5647 2455 5713 pertant
2477 5648 2735 5709 sarcinas,
2769 5659 2869 5700 nos
2895 5644 3224 5713 substituere
3257 5645 3431 5699 coacti
3472 5660 3683 5711 sumus,
3715 5661 3814 5713 pro

2219 5709 2637 5837 yis‘n'erlliqrum
2685 5715 2944 5774 monstris
2966 5758 2985 5788 ,
3024 5712 3285 5785 deponant
3311 5725 3515 5789 portam
3549 5709 3683 5787 ﬁdes
3716 5709 3809 5789 pa.

2241 5796 2296 5835 as
2322 5798 2426 5836 tcas
2523 5824 2535 5837 .
2642 5822 2647 5837 ι
2939 5826 2945 5837 ,

2241 5796 2426 5836 αδιιεαε
2450 5796 2505 5837 ll
2523 5824 2535 5837 .

2931 5826 2950 5861 ι
