4050 6198
795 237 1161 298 EXPOSITIO
1197 237 2139 310 QUATUOR‘EVANGEUORUM.
2180 241 2603 302 MATTIIA‘IDS.

3214 240 3322 302 550

226 355 331 411 ιίιιε
362 355 414 410 in
445 362 585 411 terra
618 354 893 427 accipiunt
938 358 1331 429 reparationem
1378 356 1626 413 divinita-
1650 363 1700 422 Α
1730 358 1951 422 diaboli,
1985 359 2212 416 veniunt
2240 360 2306 416 ad
2340 362 2521 431 tidem,
2553 362 2861 430 recumbent,
2894 360 2948 418 id
2977 370 3081 429 est,
3112 360 3322 417 inhabi-

226 458 375 504 uanto
400 450 560 518 magis
586 448 746 504 Pater
776 461 960 521 vester,
978 452 1067 521 qui
1098 451 1272 509 bonus
1299 461 1384 508 est
1412 463 1625 520 natura,

226 544 339 597 bona
359 544 638 616 petentibus
664 561 747 612 se,
773 544 825 600 id
844 556 927 603 est
944 589 959 614 ,
990 544 1149 602 ﬁdem
1170 562 1266 617 per
1287 546 1626 604 charitatem.

228 654 253 690 e
280 654 365 707 per
388 647 659 710 angustam
698 647 921 710 portam,
951 639 1043 695 uhi
1069 656 1172 696 non
1201 640 1417 709 capient
1442 657 1631 712 pecca-

260 730 358 785 nisi
387 729 658 801 deponant
684 748 818 802 quas
842 743 1056 800 portant
1084 735 1348 791 sarcinas.
1394 735 1530 803 Duo,
1578 737 1630 793 id

228 826 483 883 raritatem
509 827 602 884 Dei
628 837 683 884 et
710 830 940 901 proximi
976 849 989 884 :
1023 830 1130 886 duo
1171 832 1491 902 luminaria,
1542 848 1633 888 su-

225 936 233 972 ε
263 919 621 991 Evangelium,
668 921 891 979 interius
914 934 1070 981 vetus
1098 924 1232 993 Lex,
1267 926 1355 981 ubi
1383 927 1501 996 quis
1549 926 1631 980 of-

225 1020 269 1082 ι,
303 1027 406 1068 non
430 1014 616 1069 intrat.
647 1014 814 1080 Quam
847 1015 955 1069 lata
984 1026 1167 1089 porta,
1202 1027 1258 1074 et
1298 1017 1503 1088 reliqua
1532 1035 1546 1071 :
1576 1017 1632 1074 id

234 1107 371 1161 vitiis
388 1117 441 1164 et
468 1107 685 1176 propria
714 1109 994 1164 voluntate
1021 1110 1342 1166 servientes.

226 1200 371 1255 rudite
394 1201 549 1268 vobis,
584 1201 633 1256 id
658 1213 761 1267 est,
788 1214 817 1256 a
851 1202 1002 1259 falsis
1028 1202 1346 1259 doctoribus
1395 1211 1583 1259 cavete
1610 1220 1623 1259 :

226 1295 418 1349 imentis
441 1295 631 1361 ovium,
680 1293 731 1348 id
760 1306 863 1360 est,
896 1294 1024 1349 boni
1051 1295 1311 1361 doctoris,
1336 1295 1446 1364 lupi
1470 1310 1629 1364 rapa-

226 1388 239 1441 l
268 1396 368 1452 est,
390 1388 600 1442 animas
633 1387 683 1441 in
716 1387 1023 1457 perditione
1039 1388 1275 1457 rapiunt.
1305 1389 1350 1440 A
1370 1388 1626 1459 fructibus

225 1522 236 1543 ,
279 1480 329 1535 id
357 1489 459 1547 εει,
487 1495 553 1537 ex
580 1481 855 1551 operibus,
910 1483 1223 1553 cognoscetis
1275 1499 1382 1549 eos,
1416 1482 1469 1536 id
1496 1492 1621 1549 est,

231 1572 283 1627 id
331 1570 581 1642 colligunt
618 1573 682 1626 de
722 1574 884 1640 spinis
912 1573 1003 1629 :id
1044 1583 1154 1640 est,
1193 1573 1262 1629 de
1314 1572 1621 1639 haereticis,

228 1665 260 1721 d
290 1675 391 1733 est,
423 1664 823 1737 virginitatem:
855 1667 917 1720 de
967 1667 1169 1722 tribulis
1224 1666 1374 1735 ﬁcus,
1426 1666 1480 1721 id
1516 1674 1619 1733 est,

1732 462 1865 509 tant.
1890 454 2069 521 Quare
2090 470 2212 512 cum
2236 456 2408 512 tribus
2431 467 2665 525 tantum,
2688 456 2741 512 id
2762 467 2867 525 est,
2889 467 3115 530 propter
3133 459 3323 513 remis-

1728 547 1961 604 sionem.
2015 547 2117 616 Qui
2166 550 2591 620 concupiscunt,
2634 550 2763 604 illuc
2800 549 2994 620 ﬂebunt
3030 565 3049 604 :
3094 549 3203 605 illis
3240 557 3324 605 est

1730 642 1935 698 stridor
1968 643 2212 700 dentium
2240 684 2255 710 ,
2285 659 2514 715 quorum
2548 643 2695 699 Deus
2726 652 2915 699 venter
2954 650 3056 697 est.
3096 641 3321 697 Soerum

1734 733 1877 791 Petri
1906 733 2306 791 febricitantem
2337 753 2350 789 :
2385 736 2440 792 id
2470 746 2573 801 εει,
2606 750 2898 807 synagogas
2926 732 3197 789 dubietas.

1803 828 1993 901 Tetigit
2014 846 2240 885 manum.
2276 830 2561 886 Praestavit
2588 830 2879 895 auxilium,
2902 828 3123 885 dimissa
3149 826 3322 894 febre,

1732 920 1784 975 id
1824 933 1950 989 est,
1982 923 2181 979 desinit
2211 922 2584 979 incredulitas.
2629 921 2961 978 Ministrabat
3004 922 3051 975 ei
3066 966 3079 987 ,
3116 920 3166 975 id
3198 930 3318 989 est,

1731 1011 2091 1069 benedicebat
2131 1015 2179 1070 ei
2228 1032 2240 1067 :
2292 1030 2387 1086 per
2426 1031 2743 1085 vesperum,
2783 1014 3021 1072 ostendit
3066 1014 3113 1070 ei
3156 1014 3319 1070 tinem

1730 1103 1943 1157 mundi.
1978 1104 2255 1159 Dremonia
2282 1146 2299 1171 ,
2338 1106 2389 1159 id
2419 1116 2537 1176 est,
2560 1117 2803 1177 peccata
2840 1126 2851 1161 :
2887 1122 2983 1178 per
3014 1108 3233 1176 vulpes,
3268 1106 3321 1162 id

1728 1204 1833 1257 est,
1868 1194 2119 1252 homines
2149 1197 2462 1255 incredulos
2493 1219 2505 1255 :
2534 1217 2630 1272 per
2657 1202 2929 1269 volucres,
2961 1202 3210 1259 homines
3237 1201 3321 1257 di-

1728 1285 1886 1341 vites.
1912 1285 2030 1343 Non
2055 1287 2286 1344 reclinet
2311 1300 2499 1361 caput,
2531 1292 2621 1346 ubi
2656 1309 2761 1348 non
2792 1304 2875 1349 est
2895 1293 3050 1350 fides.
3077 1293 3133 1348 Μ
3141 1303 3319 1349 ortuos

1728 1388 1985 1432 mortuum
2010 1381 2258 1449 sepelire,
2286 1380 2340 1436 id
2367 1392 2487 1448 est,
2518 1397 2719 1455 corpus
2747 1386 2981 1442 animam
3012 1404 3025 1443 :
3059 1387 3241 1456 aliter,
3272 1386 3320 1444 si

1726 1484 1978 1545 peccator
1997 1476 2184 1533 laudat
2214 1488 2579 1548 peceatorem.

1800 1570 1985 1638 Navis,
2016 1571 2071 1628 id
2099 1582 2212 1641 est,
2245 1574 2506 1632 Ecclesia:
2537 1593 2552 1630 :
2585 1584 2754 1632 motus
2783 1586 2830 1633 et
2858 1577 3049 1649 [luctus
3069 1623 3084 1649 ,
3118 1578 3175 1635 id
3199 1588 3315 1650 est,

1728 1664 1953 1721 tentatio
1978 1681 1991 1717 :
2020 1663 2365 1733 dormitatas,
2398 1666 2453 1723 id
2480 1677 2583 1736 est,
2626 1669 2964 1739 incarnatus,
2993 1672 3111 1728 sive
3139 1674 3318 1727 cruci-

226 1775 315 1821 :em
342 1759 409 1815 de
458 1757 749 1815 haereticis.
796 1758 961 1813 Arbor
1008 1760 1166 1825 bona,
1214 1758 1376 1813 homo
1406 1757 1581 1815 bonus
1603 1798 1620 1828 ,
1652 1752 1701 1815 Β
1730 1752 1866 1810 ﬁxus
1897 1771 1911 1809 :
1943 1767 2169 1823 ventus,
2202 1757 2255 1812 id
2281 1767 2395 1829 est,
2424 1759 2707 1816 subitauea
2738 1764 2987 1818 tcntatio.
3019 1764 3321 1821 Daemonia-

225 1852 375 1917 mala,
404 1850 567 1907 homo
592 1851 796 1909 malus:
829 1853 919 1921 qui
951 1851 1060 1921 agit
1086 1865 1249 1923 opera
1280 1850 1443 1905 mala.

225 1964 233 1999 ι
262 1945 425 1999 omnis
454 1946 543 2015 qui
573 1944 696 2000 dicit
724 1943 873 2011 mihi,
902 1942 1141 2007 Domine,
1177 1943 1418 2011 Domine,
1451 1954 1510 2001 et
1538 1960 1627 2000 re-

239 2040 311 2093 lte
341 2036 451 2093 illis
478 2037 611 2094 dicit
639 2037 733 2108 qui
761 2049 943 2094 amant
970 2036 1023 2092 in
1052 2039 1263 2109 angulis
1293 2048 1440 2094 stare
1466 2052 1624 2093 oran-

226 2132 279 2184 ιιι
314 2133 399 2202 qui
442 2133 567 2202 facit
598 2132 910 2189 voluntatem
937 2130 1119 2186 Patris
1149 2132 1266 2196 mei,
1312 2132 1369 2188 id
1400 2141 1503 2199 est,
1534 2133 1627 2204 qui

250 2225 524 2283 mandata.
556 2224 717 2282 Multi
748 2226 874 2283 mihi
914 2226 1119 2295 dicunt,
1153 2225 1395 2293 Domine,
1430 2226 1481 2281 id
1518 2233 1626 2294 est,

225 2329 346 2375 sunt
375 2321 464 2391 qui
504 2322 705 2376 intrant
735 2335 834 2390 per
864 2336 1007 2377 eam;
1041 2321 1177 2390 Quia
1203 2336 1483 2392 numquam
1510 2322 1629 2375 novi

226 2462 227 2467 η
255 2423 361 2481 εει,
395 2415 621 2484 bonum,
663 2414 752 2470 vel
780 2415 1049 2472 haeretici.
1080 2412 1341 2470 Discedite
1368 2431 1401 2467 a
1436 2429 1534 2479 me,
1574 2412 1627 2469 id

226 2509 274 2563 ui
308 2518 530 2578 sperant
559 2525 669 2563 non
701 2522 823 2564 esse
852 2508 1229 2564 remissionem
1262 2516 1628 2579 peccatorum.

226 2625 228 2649 ς
266 2604 354 2673 qui
385 2604 534 2658 audit
572 2603 725 2659 verba
750 2620 893 2668 mea,
935 2614 989 2659 et
1027 2603 1279 2673 reliqua;
1309 2603 1397 2674 qui
1439 2611 1627 2658 contra

226 2699 485 2754 sationem
514 2713 621 2754 non
650 2698 778 2770 agit,
812 2698 1201 2754 assimilabitur
1227 2698 1345 2753 viro
1372 2698 1628 2770 sapienti,

225 2792 660 2861 li/icavirdomum
681 2810 834 2866 super
852 2801 1070 2865 petram,
1099 2793 1153 2850 id
1175 2801 1281 2861 est,
1308 2808 1473 2865 super
1493 2808 1632 2865 opus

225 2901 273 2950 I,
308 2901 379 2941 ne
411 2884 641 2942 intraret
669 2886 851 2958 pluvia
880 2887 935 2942 in
964 2902 1122 2953 eum,
1154 2886 1206 2942 id
1238 2896 1353 2953 est,
1383 2888 1631 2945 doctrina

228 2991 290 3031 ca
344 2993 360 3033 :
409 2975 679 3047 ﬂamina,
730 2980 1151 3049 persecutiones
1203 2978 1631 3047 haereticorum,

237 3070 541 3128 daemones.
574 3071 757 3129 Nubes
786 3074 1059 3143 accipiunt
1088 3073 1325 3143 pluviam
1357 3074 1428 3131 de
1458 3091 1628 3145 mare,

1726 1865 1843 1918 cus,
1869 1851 2109 1920 gentilis,
2131 1868 2264 1922 gens
2286 1867 2408 1908 cum
2432 1855 2679 1923 perﬁdia.
2714 1854 2818 1912 Per
2838 1867 3191 1926 monumenta,
3213 1859 3319 1916 hoc

1727 1949 1855 1997 sunt
1899 1956 2176 2010 corpora:
2222 1958 2317 2012 per
2355 1944 2498 2000 viam
2538 1960 2649 2002 non
2692 1947 2915 2015 transit,
2954 1948 3006 2004 id
3057 1958 3173 2017 est,
3221 1965 3319 2021 per

1726 2031 2085 2103 gentilitatem
2121 2031 2191 2088 ad
2222 2049 2469 2105 regnum.
2518 2035 2661 2094 Grex
2704 2052 2992 2108 porcorum
3028 2040 3319 2097 ostendunt

1730 2124 1979 2182 homines
2001 2133 2129 2182 ante
2149 2128 2561 2185 conversionem
2585 2146 2602 2187 :
2633 2130 2845 2186 dimersi
2866 2132 2923 2186 in
2944 2148 3107 2201 mare,
3132 2133 3185 2189 id
3208 2142 3317 2202 εει,

1729 2216 1783 2275 in
1806 2216 2155 2290 profundum.
2183 2217 2289 2275 Per
2310 2228 2585 2289 pastorem
2606 2223 2846 2279 ostendit
2872 2224 3245 2296 philosOphos.

1802 2310 2085 2367 Surrexit:
2118 2312 2171 2367 id
2204 2324 2285 2369 est
2307 2354 2324 2379 ,
2352 2324 2572 2371 curatus
2596 2327 2681 2373 εει
2708 2335 2722 2372 :
2760 2334 2993 2383 reversus
3025 2320 3081 2375 in
3113 2322 3323 2377 domum

1729 2422 1897 2473 suam,
1925 2406 1975 2461 id
2005 2415 2110 2476 est,
2137 2406 2204 2463 ad
2234 2407 2463 2477 primam
2486 2411 2844 2469 creationem.
2871 2414 3138 2484 Sponsus,
3166 2415 3325 2474 Chri-

1730 2507 1846 2555 stus
1868 2505 1953 2553 est
1973 2514 1988 2549 z
2008 2513 2228 2569 sponsa,
2255 2499 2495 2557 Ecclesia
2520 2521 2533 2557 :
2556 2502 2651 2559 ﬁlii
2676 2506 2881 2574 sponsi,
2900 2506 3147 2577 Apostoli
3174 2519 3320 2566 sunt.

1732 2586 1901 2647 Rudis
1920 2591 2132 2661 pannis,
2159 2591 2402 2649 doctrina
2431 2593 2743 2665 Evangelii:
2774 2599 2963 2655 scissis
2985 2602 3201 2671 pannis,
3223 2603 3324 2659 hoc

1731 2692 1856 2739 sunt
1882 2682 2131 2741 homines
2158 2694 2395 2743 veteres.
2428 2686 2626 2744 Vinum
2656 2706 2877 2762 novum,
2912 2706 2967 2750 et
2999 2704 3147 2753 utres
3176 2706 3324 2754 vete-

1729 2793 1852 2843 res,
1888 2792 2027 2835 nova
2059 2779 2374 2850 praedicatio
2401 2783 2470 2839 ad
2513 2785 2761 2846 homines
2790 2797 3025 2848 veteres.
3060 2791 3322 2864 Princeps

1732 2870 1959 2941 ﬁguram
2016 2882 2167 2930 tenet
2222 2878 2607 2945 prophetarum
2640 2921 2656 2944 ,
2715 2881 2805 2937 vel
2863 2884 3324 2953 patriarcharum.

1733 2963 1919 3022 Puella
1950 2966 2066 3024 haac
2091 2978 2177 3025 est
2202 2984 2495 3044 synagoga.
2531 2974 2727 3032 Tenuit
2750 2976 2909 3034 Jesus
2938 2994 3153 3037 manum
3176 2983 3327 3051 ejus-

1734 3056 1859 3113 dem
1899 3059 2125 3131 puellte,
2176 3061 2227 3117 id
2266 3074 2383 3131 εει,
2422 3066 2686 3123 auxilium
2725 3068 2779 3125 ei
2817 3072 3092 3142 praestitit.
3140 3072 3328 3132 Messio

226 3166 282 3221 ci
312 3166 567 3222 domm“,
606 3166 675 3223 de
704 3166 927 3223 mundo.
962 3167 1032 3222 ει
1071 3184 1175 3223 non
1203 3169 1389 3224 εεείάίε
1424 3169 1629 3239 dom”,
1657 3151 1705 3217 C
1734 3155 1920 3221 multa,
1943 3153 1997 3210 id
2019 3163 2126 3224 est,
2146 3157 2311 3213 corda
2335 3169 2518 3232 parata
2544 3178 2557 3215 :
2587 3175 2884 3229 messores,
2905 3164 3179 3224 doctores.
3204 3167 3331 3224 Non

226 3306 227 3317 χ
263 3275 374 3315 non
403 3259 571 3328 cadit,
602 3259 696 3329 qui
727 3274 894 3327 super
919 3259 1078 3317 ﬁdem
1106 3269 1213 3316 stat
1242 3262 1295 3316 in
1320 3260 1559 3319 Christo.

225 3353 377 3407 amnis
404 3352 495 3423 qui
520 3352 667 3407 audit
696 3351 845 3407 verba
875 3368 1018 3417 mea,
1049 3360 1098 3406 et
1128 3370 1229 3409 non
1268 3354 1423 3423 faciet
1451 3371 1532 3409 ea.
1575 3354 1633 3411 id

226 3460 299 3501 los
329 3442 433 3499 fuit
459 3447 511 3502 in
540 3443 686 3515 Lege
724 3444 869 3516 quod
909 3459 1019 3501 non
1060 3453 1205 3503 esset
1232 3447 1287 3501 in
1315 3446 1513 3518 populo
1538 3448 1632 3516 qui

225 3547 323 3593 sset
352 3535 610 3607 mundus,
640 3544 695 3592 et
714 3537 761 3591 si
789 3539 1076 3593 sanitatem
1100 3539 1425 3610 accepisset,
1451 3549 1633 3594 osten-

250 3644 311 3683 se
341 3627 617 3685 sacerdoti
648 3644 664 3682 :
706 3636 761 3685 et
799 3628 1130 3687 oiierebatur
1167 3645 1266 3699 pro
1296 3644 1362 3685 eo
1393 3646 1590 3687 manus
1616 3647 1633 3687 :

226 3730 443 3786 trtures,
476 3727 568 3776 aut
590 3720 720 3777 duos
751 3719 925 3790 pullos
955 3722 1329 3777 columbarum.
1365 3723 1433 3777 Et
1460 3721 1635 3779 fuerat

225 3813 269 3867 is
295 3812 455 3884 juxta
484 3812 594 3868 hoc
622 3828 780 3884 opus,
814 3813 1017 3885 lignum
1050 3814 1340 3886 hysopum,
1371 3825 1427 3871 et
1456 3816 1631 3871 cocci-

225 3923 335 3979 :rga
374 3923 637 3969 cacumen
683 3908 856 3981 ipsius
905 3908 1071 3979 ligni,
1114 3919 1171 3964 et
1219 3909 1635 3981 dispergebatur

226 4018 260 4056 .s
285 4001 515 4057 alterius
545 4001 658 4056 avis
684 4016 847 4072 super
874 4001 1018 4057 istud
1048 4001 1251 4073 lignum
1279 4020 1291 4057 :
1317 4017 1483 4074 super
1502 4003 1632 4058 alte-

225 4108 363 4161 vem,
392 4104 447 4149 et
470 4098 587 4163 ipse
608 4093 981 4150 dimittehalur
1002 4094 1056 4148 in
1075 4109 1222 4149 aere.
1249 4093 1477 4165 Lignum
1503 4112 1633 4152 crux

228 4184 288 4250 i;
348 4186 679 4250 coccinum,
740 4185 920 4255 passio
979 4184 1115 4257 ejns.
1180 4185 1245 4241 Et
1293 4195 1512 4257 oportet
1562 4187 1630 4242 ad

225 4282 359 4336 rium
403 4282 516 4346 ire,
561 4298 657 4355 per
694 4280 1004 4351 passionem
1046 4280 1283 4348 Christi,
1322 4291 1379 4338 et
1416 4283 1633 4354 sanguis

256 4384 546 4445 spargatur
580 4389 743 4447 super
771 4388 990 4430 crucem
1024 4372 1173 4445 ejus,
1209 4389 1335 4430 nam
1376 4375 1636 4433 ascendat

225 4465 462 4523 :clesiam
489 4508 505 4536 ,
553 4474 679 4539 post
724 4466 1033 4538 passionem
1070 4467 1317 4537 corporis
1361 4466 1533 4525 nostri
1578 4469 1632 4524 in

226 4560 329 4616 rio.

226 4651 511 4707 ‘eslimonio
534 4642 663 4707 illis.
695 4650 755 4708 Id
784 4660 901 4721 est,
933 4661 1121 4707 utnon
1147 4644 1404 4710 solvisset
1430 4652 1599 4725 legem
1620 4695 1636 4723 ,

226 4745 627 4815 dissent-quod
679 4752 837 4800 natus
890 4754 1035 4800 esset
1077 4760 1107 4799 a
1158 4746 1330 4816 lepra.
1383 4748 1640 4803 Centurio

226 4849 236 4890 ι
268 4838 551 4904 doctores,
585 4852 720 4909 puer
747 4838 1079 4910 paralyticus
1105 4850 1443 4907 contractus,
1477 4842 1643 4912 signi-

226 4945 364 4985 cnus
388 4928 705 4995 humanum,
733 4929 786 4984 in
812 4931 1048 5001 peccatis
1076 4932 1411 4987 conclusum.
1435 4931 1645 4988 Invenit

227 5022 284 5076 in
316 5009 639 5079 cen'turione
674 5023 812 5078 trina
845 5023 1101 5094 mysteria
1123 5065 1137 5090 ,
1172 5024 1399 5094 primam
1432 5023 1643 5079 humili-

225 5158 230 5176 .
266 5115 359 5170 ubi
386 5116 460 5170 ait
487 5132 500 5169 :
531 5114 769 5182 Domine,
795 5133 897 5170 non
924 5132 1035 5172 sum
1062 5116 1276 5187 dignus,
1301 5128 1356 5171 ut
1383 5118 1543 5171 intres
1556 5117 1645 5171 sub

226 5225 232 5257 ι
264 5221 478 5262 meum:
511 5207 745 5263 secunda
776 5205 931 5273 ﬁdes,
958 5207 1044 5263 ubi
1070 5212 1166 5276 ait,
1203 5215 1402 5261 tantum
1433 5208 1516 5260 dic
1536 5224 1647 5263 ver-

225 5313 270 5357 et
300 5301 576 5357 sanabitur
607 5318 625 5358 :
657 5303 839 5369 tertia,
876 5301 925 5358 id
959 5311 1065 5367 est,
1100 5301 1405 5373 prudentia,
1439 5301 1529 5358 ubi
1561 5303 1645 5357 di-

226 5416 334 5451 )mo
366 5397 460 5453 sub
492 5406 760 5471 potestate.
785 5396 1012 5453 Miratur
1040 5396 1201 5454 Jesus
1228 5398 1279 5453 in
1303 5396 1646 5465 centurione,

225 5542 231 5558 .
256 5498 469 5553 invenit
491 5498 543 5554 in
566 5514 633 5553 eo
654 5497 994 5569 sapientiam,
1020 5512 1124 5568 qua
1144 5496 1323 5553 fuerat
1342 5495 1534 5552 doctus
1554 5510 1650 5565 per

226 5592 504 5645 cationcm
534 5589 797 5645 divinam.
828 5590 906 5645 Ab
938 5590 1131 5645 oriente
1156 5590 1418 5657 conversi,
1453 5588 1504 5644 id
1536 5596 1654 5652 est,

226 5684 418 5749 'antia;
449 5683 513 5738 ab
542 5684 819 5750 occidente,
851 5682 904 5738 id
936 5692 1048 5752 εει,
1078 5699 1108 5737 a
1136 5693 1455 5745 senectute;
1488 5700 1521 5737 a
1550 5698 1658 5736 me-

254 5795 286 5834 a
321 5779 647 5851 iuventute;
675 5774 739 5833 ab
767 5774 1039 5849 aquilone,
1070 5776 1124 5835 id
1152 5786 1269 5848 est,
1301 5777 1370 5837 de
1396 5784 1660 5848 potestate

1734 3245 1862 3302 duas
1893 3248 2119 3317 tunicas,
2157 3249 2211 3307 id
2238 3260 2351 3317 est,
2384 3268 2489 3308 non
2538 3251 2700 3325 dupla
2735 3268 2918 3313 mente
2946 3272 3048 3315 nec
3077 3260 3237 3328 dupla
3269 3262 3330 3314 li-

1730 3338 1917 3407 ducia,
1955 3342 2008 3397 in
2043 3358 2241 3398 novum
2264 3388 2279 3413 ,
2322 3353 2418 3400 aut
2456 3346 2511 3400 in
2547 3356 2704 3403 vetus
2733 3346 3170 3406 Testamentum.
3206 3351 3329 3407 Non

1731 3436 2159 3505 calciamentum,
2205 3436 2258 3491 id
2295 3447 2417 3505 est,
2461 3454 2571 3495 non
2612 3442 2984 3498 testimonium
3015 3445 3281 3501 malorum
3312 3462 3328 3503 :

1732 3543 1894 3597 neque
1923 3528 2138 3599 virgam,
2167 3526 2220 3583 id
2260 3537 2376 3594 est,
2408 3545 2513 3584 non
2544 3530 2913 3588 fortitudinem
2933 3577 2949 3603 ,
2976 3537 3072 3593 sed
3103 3551 3199 3606 per
3233 3552 3332 3609 pa-

1733 3616 2000 3672 tientiam.
2048 3618 2159 3673 Pax
2190 3634 2435 3686 reversa,
2467 3619 2519 3676 id
2548 3632 2652 3687 est,
2698 3638 2908 3681 merces
2937 3637 3197 3698 recepta:
3232 3646 3331 3701 per

1735 3712 2049 3781 pulverem,
2094 3711 2585 3783 inquinamentum.
2632 3715 2747 3774 Hoc
2786 3728 2940 3788 sunt,
2982 3723 3107 3793 quia
3152 3725 3328 3796 pulvis

1734 3802 1915 3857 tribus
1944 3802 2119 3857 modis
2150 3805 2396 3875 impedit,
2420 3822 2641 3878 gressus
2667 3809 2895 3883 obligat,
2921 3815 3107 3873 oculos
3129 3815 3327 3875 obscu-

1733 3907 1840 3965 rat,
1864 3900 2185 3957 vestimenta
2220 3901 2491 3972 inquinat.
2515 3903 2751 3975 Serpens
2771 3912 3011 3965 cruciata
3042 3913 3330 3971 abscondit

1734 4001 1899 4065 caput
1925 4007 2107 4063 suum,
2148 3995 2200 4053 id
2237 4007 2341 4065 est,
2382 4000 2615 4068 aposmli
2643 4001 2893 4073 cruciati,
2932 4020 3039 4063 non
3069 4021 3327 4079 negantes

1735 4084 2033 4141 Christum.
2062 4084 2494 4153 l’ersecutioues,
2528 4091 2630 4147 hoc
2653 4103 2780 4149 sunt
2807 4094 3073 4165 haereses,
3106 4099 3178 4153 De
3202 4101 3328 4157 civi-

1738 4185 1839 4231 tate
1858 4177 1910 4231 in
1924 4178 2103 4244 aliam,
2126 4178 2179 4234 id
2199 4188 2303 4247 est,
2322 4196 2418 4253 per
2434 4183 2673 4257 singulas
2692 4189 3022 4256 quaestiones
3040 4190 3323 4249 librorum.

1812 4267 1965 4325 Nihil
1989 4279 2226 4339 opertum
2249 4274 2388 4343 quod
2418 4292 2522 4329 non
2568 4279 2819 4333 reveletur
2850 4297 2869 4335 :
2900 4280 2954 4336 id
2982 4291 3096 4350 εει,
3148 4288 3327 4354 passio

1736 4364 1937 4433 Christi
1967 4376 2020 4423 et
2042 4368 2282 4425 omnium
2316 4368 2624 4427 doctorum.
2663 4375 2814 4440 Quod
2840 4375 2957 4431 dico
2994 4378 3046 4433 in
3085 4379 3326 4449 tenebris,

1737 4460 1791 4514 id
1813 4470 1916 4527 εει,
1941 4460 2006 4515 ad
2029 4460 2266 4531 Judaros,
2293 4464 2451 4519 dicite
2468 4466 2519 4520 in
2542 4466 2754 4534 lumine,
2778 4469 2830 4523 id
2853 4480 2958 4539 est,
2982 4470 3034 4526 in
3058 4469 3327 4533 Ecclesia.

1661 4543 1715 4605 D
1743 4552 1855 4609 Duo
1886 4569 2153 4624 passeres,
2185 4557 2237 4612 id
2265 4565 2370 4623 est,
2397 4572 2596 4630 corpus
2619 4569 2674 4615 et
2697 4561 2902 4627 anima,
2936 4580 3031 4620 seu
3058 4565 3327 4639 Christus,

1743 4657 1797 4703 ει
1825 4646 2122 4704 Barahbas.
2164 4649 2310 4715 Asse,
2346 4648 2396 4705 id
2426 4659 2549 4717 est,
2596 4652 2732 4709 ﬁdes
2766 4670 2781 4711 :
2810 4670 2902 4726 per
2929 4655 3187 4731 gladium,
3226 4661 3331 4719 hoc

1743 4752 1869 4797 sunt
1907 4743 2128 4798 verbum
2161 4744 2590 4814 prmdicationis.
2638 4745 2827 4807 Aliter,
2862 4748 2966 4803 duo
2992 4768 3245 4823 passeres,
3280 4755 3333 4811 id

1745 4847 1850 4904 est,
1880 4835 1987 4890 duo
2018 4836 2390 4891 Testamenta.
2423 4836 2569 4905 ᾼεεε,
2599 4836 2702 4893 hoc
2727 4848 2831 4906 est,
2861 4841 3133 4899 Christus.
3163 4846 3333 4916 Sepa-

1747 4947 1862 4986 rare
1896 4939 2094 5001 patrem
2124 4946 2155 4982 a
2186 4929 2332 5001 ﬁlio,
2368 4931 2468 4985 hoc
2508 4939 2623 4997 est,
2672 4932 2857 4991 ﬁdeles
2895 4935 2964 4991 ah
3006 4938 3334 5001 inﬁdelibus.

1748 5026 1957 5096 Accipit
1979 5041 2217 5093 crucem,
2245 5026 2296 5082 id
2322 5035 2427 5093 est,
2458 5029 2644 5083 crucia
2675 5030 2928 5101 teipsum.
2957 5034 3337 5100 Scandalizare

1750 5122 1801 5176 in
1834 5119 2073 5185 Christo,
2103 5119 2155 5174 id
2180 5128 2264 5174 est
2293 5134 2493 5189 negare
2520 5120 2818 5180 Christum.
2850 5128 3168 5190 Arundinem
3193 5149 3341 5193 uento

1749 5215 2020 5286 agitatam,
2052 5212 2153 5267 hoc
2176 5218 2302 5271 sunt
2328 5197 2578 5273 homines
2602 5216 2915 5278 adulatores
2947 5241 2957 5277 :
2994 5242 3190 5285 vacuos
3216 5232 3336 5288 sine

1750 5311 1945 5368 fructu.
1994 5306 2230 5379 Regnum
2258 5308 2501 5363 caelorum
2526 5311 2626 5364 vim
2658 5313 2876 5382 patitur,
2922 5316 3025 5375 hoc
3061 5332 3172 5388 est,
3215 5326 3338 5396 quia

1752 5416 1848 5474 per
1877 5400 2238 5457 cruciationes
2263 5399 2445 5459 carnis
2471 5408 2527 5459 et
2547 5404 2903 5473 pmnitentim,
2932 5417 3243 5481 pervenitur
3272 5421 3339 5476 ad

1751 5508 1978 5565 regnum
2009 5492 2125 5549 Dei.
2155 5492 2280 5563 Ipse
2308 5502 2382 5549 est
2421 5492 2571 5555 Elius
2591 5542 2605 5566 ,
2637 5500 2727 5568 qui
2757 5498 3028 5569 Joannes,
3068 5512 3189 5580 quia
3227 5514 3341 5583 ipse

1755 5587 1979 5657 spiritus
2020 5594 2139 5640 erat
2187 5585 2240 5641 in
2285 5586 2400 5643 Elia
2445 5588 2496 5641 in
2539 5591 2781 5647 secundo
2825 5597 3101 5667 adventu,
3154 5607 3244 5675 qui
3288 5609 3341 5665 in

1759 5678 1967 5735 Joanne
1995 5677 2095 5735 luit
2114 5678 2168 5733 in
2189 5678 2362 5749 primo
2384 5679 2643 5741 adventu.
2667 5683 2827 5745 Pueri
2849 5690 3103 5753 sedentes
3124 5697 3176 5753 in
3202 5700 3343 5777 foro,

1763 5773 1867 5831 hoc
1895 5779 2020 5829 sunt
2048 5769 2349 5844 prophetae.
2374 5769 2707 5834 Cantat'imus
2732 5776 2892 5853 vobis,
2918 5794 2965 5843 et
2989 5803 3089 5847 non
3118 5793 3317 5855 saltasti
