4056 6324
575 258 678 326 33!

1602 262 1662 323 S.
1707 256 2083 322 lllERONYMI
2116 254 2399 320 OPERL‘M
2435 252 2798 319 MANTISSA.

3748 245 3863 313 852

574 387 747 455 tibias,
797 382 849 442 id
877 389 990 451 est,
1028 378 1394 440 nuntiavimus
1432 381 1588 438 vobis
1616 381 1909 437 adventum
1929 424 1945 449 ,
1976 390 2032 438 et
2059 397 2165 435 non
2194 382 2247 442 Α
2274 389 2392 451 pter
2415 378 2636 435 divitias
2664 377 2891 433 suﬁ’ocat
2919 372 3048 432 illud
3079 391 3093 430 :
3120 372 3175 431 in
3206 381 3392 430 terram
3419 370 3630 440 bonam,
3660 371 3716 430 id
3744 382 3859 443 est,

573 481 903 538 credidistis.
929 477 1371 543 Lamentavimus,
1406 482 1454 529 et
1485 492 1586 530 non
1615 474 1919 546 planxistis,
1951 488 2160 529 annun-

571 575 825 631 tiavimus
854 572 1005 626 vobis
1039 570 1409 641 paenitentiam
1436 612 1449 636 ,
1479 569 1775 638 espavistis
1806 567 2154 622 confessioni.

569 666 810 734 Quatuor
833 663 1009 718 modis
1030 671 1154 717 sunt
1176 661 1518 717 laudationes
1546 678 1558 713 :
1584 657 1879 729 Conﬁtebor
1906 660 2018 725 tibi,
2043 658 2157 714 Do-

566 758 725 821 mine,
769 754 934 810 Pater
972 753 1087 809 cozli
1110 771 1131 821 ;
1174 753 1328 821 ﬁdei,
1381 750 1547 808 Credo
1587 752 1641 805 in
1684 751 1853 806 Deum
1892 749 2157 807 Patrem:

565 856 865 919 martyrum
910 863 924 901 :
975 845 1076 915 Qui
1119 846 1400 915 conﬁtetur
1447 860 1527 897 me
1579 859 1759 897 coram
1806 843 2097 897 hominibus
2139 858 2159 898 :

566 951 917 1013 peccatorum
958 957 972 995 :
1024 938 1357 1008 Conﬁlemini
1401 934 1624 991 Domino
1672 936 1916 1007 quoniam
1960 934 2155 1003 bonus,

567 1038 898 1093 Abscondisti
928 1054 960 1092 a
985 1036 1326 1110 sapientibus,
1357 1035 1412 1091 id
1438 1044 1553 1106 est,
1584 1035 1674 1107 qui
1707 1032 1971 1105 sapientia
1998 1031 2159 1099 hujus

567 1133 757 1190 mundi
785 1141 1048 1197 utuntur;
1081 1132 1320 1187 revelasti
1347 1131 1595 1200 parvulis,
1633 1130 1686 1185 id
1715 1139 1822 1195 est,
1853 1125 2154 1195 discipulis.

566 1225 795 1283 Vocatio
821 1236 1054 1298 quatuor
1082 1224 1262 1280 modis
1291 1226 1433 1279 facta
1458 1231 1545 1279 est
1580 1223 1632 1277 in
1662 1236 1802 1276 novo
1830 1238 1843 1274 :
1884 1218 2063 1273 Venite
2091 1216 2159 1271 ad

565 1336 646 1375 me
670 1337 867 1389 omnes,
898 1321 988 1392 qui
1016 1317 1288 1374 laboratis.
1323 1318 1381 1372 in
1410 1326 1597 1371 vetere
1623 1334 1635 1369 :
1671 1314 1876 1381 Venite,
1903 1312 2024 1383 ﬁlii,
2056 1326 2156 1364 au-

568 1416 675 1471 dite
703 1430 824 1470 me:
855 1415 907 1470 in
940 1412 1144 1479 futuro,
1172 1410 1382 1479 Venite,
1414 1409 1685 1465 benedicti.

640 1508 868 1581 Jugum,
898 1505 952 1561 id
993 1514 1097 1571 est,
1131 1505 1381 1559 doctrina
1410 1502 1544 1557 levis
1571 1510 1657 1557 est
1678 1498 2013 1563 volentibus,
2037 1512 2161 1567 gra-

570 1600 654 1657 vis
676 1599 989 1655 nolentibus
1010 1612 1151 1652 eam.
1176 1595 1445 1652 Perfecﬁo
1468 1595 1601 1650 treis
1620 1593 1795 1649 modis
1818 1591 2156 1661 intelligitur,

570 1694 627 1750 id
657 1703 762 1759 εει,
808 1691 1221 1762 discipulorum,
1268 1704 1364 1760 per
1392 1688 1715 1760 baptismum
1743 1703 1756 1738 :
1788 1695 2156 1755 peccatorum,

2260 472 2349 543 qui
2381 472 2530 526 audit
2561 480 2615 526 et
2656 468 2929 540 intelligit.
2974 466 3041 521 Et
3081 467 3207 537 facit
3246 472 3473 538 fructum
3510 466 3861 533 tricesimum,

2260 564 2497 641 ostendit
2521 564 2767 619 ordinem
2791 562 3229 634 conjugatorum,
3262 561 3603 631 sequentium
3630 559 3859 614 manda-

2262 670 2371 716 tum
2405 660 2536 725 Dei;
2580 660 2785 714 fructus
2824 656 3198 728 sexagesimus
3240 654 3487 710 ordinem
3531 652 3855 722 viduarum,

2262 754 2725 825 perseverantium
2759 751 2811 805 in
2836 747 3095 815 Domino;
3127 747 3335 803 fructus
3360 743 3718 813 centesimus,
3750 745 3861 800 hoc

2260 858 2386 902 sunt
2406 846 2625 901 ordines
2657 852 2975 915 martyrum,
3008 845 3423 911 monachorum,
3446 841 3533 898 vel
3559 842 3859 913 virginum.

2264 941 2365 1006 Qui
2393 939 2542 993 habet
2570 939 2777 992 dabitur
2806 938 2871 1006 ei,
2906 936 3147 993 ostendit
3182 935 3462 1006 apostolos
3494 956 3507 992 :
3539 934 3628 1007 qui
3657 935 3861 991 habent

2259 1033 2533 1090 Christum
2553 1075 2568 1100 ,
2599 1031 2812 1089 dabitur
2841 1032 2921 1088 eis
2954 1039 3009 1087 et
3040 1031 3370 1087 intellectus.
3403 1028 3475 1083 Et
3505 1030 3594 1102 qui
3624 1046 3726 1084 non
3756 1030 3858 1083 ha-

2262 1127 2381 1197 bet,
2437 1129 2611 1197 ipsum
2660 1126 2796 1198 quod
2844 1126 2995 1181 habet
3044 1130 3307 1197 auferetur
3349 1124 3414 1179 ab
3463 1140 3560 1192 eo,
3620 1122 3861 1180 ostendit

2260 1219 2510 1285 Judaaos;
2545 1220 2716 1289 ipsam
2747 1219 2945 1289 Legem
2968 1235 3130 1291 quam
3157 1217 3457 1283 habebant,
3487 1216 3768 1274 auferetur
3788 1216 3859 1273 ab

2260 1313 2363 1368 eis.
2405 1310 2650 1367 Videntes
2675 1328 2779 1367 non
2806 1313 3036 1381 videant,
3069 1311 3171 1366 hoc
3198 1310 3320 1366 sunt
3343 1310 3540 1379 Judaei,
3565 1311 3655 1383 qui
3682 1310 3858 1367 oculis

2260 1405 2507 1461 videntes
2533 1446 2548 1473 ,
2588 1405 2754 1461 corde
2792 1421 2898 1461 non
2938 1404 3267 1470 credebant;
3309 1404 3575 1458 audientes
3617 1418 3723 1457 non
3760 1420 3857 1457 au-

2261 1497 2409 1553 diant
2434 1516 2455 1554 :
2493 1499 2732 1555 ostendit
2760 1514 2920 1555 curas
2955 1500 3203 1570 corporis
3250 1516 3265 1554 :
3300 1498 3586 1554 audiebant
3615 1508 3670 1553 et
3700 1498 3856 1554 duris

2260 1593 2519 1649 cordibus
2558 1610 2666 1649 non
2699 1593 3090 1664 intelligebant.
3133 1591 3319 1648 Simile
3346 1600 3417 1646 est
3453 1607 3666 1662 regnum
3697 1593 3858 1645 caelo-

2262 1701 2379 1739 rum
2414 1685 2605 1740 homini
2640 1687 2729 1757 qui
2756 1686 3025 1740 seminavit
3054 1701 3227 1740 semen
3254 1685 3439 1740 bonum
3469 1685 3524 1738 in
3552 1700 3682 1755 agro
3714 1699 3859 1750 suo;

571 1802 670 1859 per
691 1786 1105 1843 remissionem:
1129 1784 1463 1849 Judzeorum,
1490 1796 1587 1852 per
1607 1778 2012 1835 renovationem
2037 1774 2159 1831 novi
2195 1780 2238 1840 Β
2264 1780 2355 1849 qui
2383 1781 2625 1850 seminat
2660 1779 2804 1835 ﬁlius
2836 1779 3069 1835 hominis
3098 1786 3185 1835 est
3212 1795 3226 1832 :
3275 1794 3461 1835 semen
3496 1779 3726 1835 verbum
3760 1778 3853 1835 Dei

565 1879 925 1937 Testamenti.
955 1877 1063 1932 Per
1088 1886 1222 1941 sata,
1252 1874 1305 1929 id
1332 1884 1435 1940 est,
1464 1874 1678 1938 messis,
1712 1869 1859 1941 quod
1887 1868 2159 1940 signiﬁcat

570 1974 771 2046 Legem
794 1983 1057 2029 veterem.
1079 1969 1377 2026 Sabbatum
1398 1967 1618 2037 requies
1638 1963 1769 2022 novi
1788 1962 2158 2029 Testamenti;

568 2068 819 2137 discipuli
836 2066 1096 2122 vellentes
1116 2062 1316 2134 spicas,
1342 2060 1396 2116 id
1417 2069 1521 2127 est,
1545 2060 1826 2115 trahentes
1848 2055 2157 2113 testimonia

569 2160 638 2217 de
679 2157 881 2225 veteri,
919 2158 985 2214 ad
1025 2153 1454 2213 conﬁrmandum
1502 2167 1699 2207 novum
1731 2168 1744 2206 :
1791 2149 2159 2205 confricantes

568 2252 851 2321 manibus,
880 2251 933 2307 ld
962 2260 1078 2318 est,
1107 2248 1473 2319 exprimentes
1505 2246 1560 2300 in
1589 2258 1807 2322 sensum
1834 2242 2154 2313 Spiritalem.

570 2347 747 2404 llnmo
793 2359 1010 2400 manum
1048 2341 1255 2397 aridam
1294 2339 1526 2405 habens,
1570 2338 1810 2394 ostendit
1852 2334 2154 2403 avaritiam,

569 2439 665 2513 qui
692 2437 920 2511 cupidus
953 2446 1039 2493 est
1075 2436 1131 2490 in
1162 2432 1538 2504 accipiendum
1559 2472 1575 2499 ,
1608 2444 1803 2486 avarus
1833 2429 1899 2484 ad
1928 2428 2160 2499 largien-

571 2532 723 2589 dum.
766 2530 869 2599 Qui
915 2528 1126 2585 solebat
1161 2539 1383 2597 rapere,
1426 2523 1603 2579 discat
1648 2522 1868 2593 largire.
1912 2519 2160 2575 Extendit

571 2640 805 2694 manum,
836 2624 889 2680 id
916 2631 1021 2692 est,
1054 2630 1282 2692 purgato
1308 2619 1493 2689 corde,
1522 2619 1776 2675 restituta
1802 2627 1923 2682 est;
1955 2616 2161 2687 signiﬁ-

568 2731 657 2779 cat
677 2719 1092 2778 conversionem
1111 2717 1178 2772 ad
1207 2716 1389 2771 ﬁdem.
1415 2714 1639 2788 Ltgnum
1660 2714 1942 2787 fumigans,
1973 2711 2025 2768 id
2051 2724 2153 2781 est,

569 2813 732 2869 corda
763 2812 1005 2883 gentium
1034 2816 1221 2879 parata
1249 2808 1315 2862 ad
1347 2805 1535 2862 ﬁdem.
1564 2804 1843 2860 Hominem
1872 2804 2157 2859 daemonia-

568 2921 705 2973 cum,
734 2912 937 2959 mutum
956 2912 1005 2957 et
1030 2916 1240 2970 caecum,
1263 2900 1533 2971 signiﬁcat
1555 2899 1849 2955 humanum
1873 2914 2061 2970 genus.
2090 2897 2157 2952 In

572 2999 725 3053 domo
756 2993 989 3067 alligavit
1021 2998 1205 3065 {artem
1224 3034 1240 3061 ,
1269 2992 1320 3048 id
1352 3003 1465 3060 est,
1497 2993 1750 3049 Christus
1776 2992 2014 3063 alligavit
2043 2990 2159 3049 dia-

569 3094 777 3153 bolum.
809 3090 950 3147 Vasa
966 3091 1102 3163 ejus,
1124 3088 1229 3145 hoc
1256 3098 1383 3144 sunt
1401 3087 1564 3144 corda
1586 3090 1849 3159 gentium.
1873 3084 2157 3158 Progenies

2266 1873 2318 1927 in
2352 1874 2515 1929 corda
2547 1872 2890 1930 credentium
2924 1889 2938 1929 :
2976 1873 3029 1929 in
3061 1887 3212 1945 agro,
3232 1872 3302 1929 ~id
3331 1882 3439 1941 est,
3465 1873 3517 1928 in
3548 1872 3805 1928 mundum
3836 1890 3851 1926 :

2263 1970 2495 2037 zizania,
2520 1970 2613 2025 ﬁlii
2641 1985 2895 2042 nequam,
2929 1970 2982 2026 id
3013 1979 3098 2027 est
3124 1969 3363 2042 operarii
3391 1969 3716 2041 iniquitatis.
3742 1969 3849 2026 lni-

2263 2066 2437 2120 micus
2465 2065 2554 2134 qui
2581 2065 2895 2133 seminavit,
2929 2064 2983 2119 id
3007 2072 3125 2133 est,
3154 2062 3425 2119 diabolus.
3466 2064 3661 2120 Messis
3680 2107 3697 2132 ,
3729 2080 3854 2120 con-

2262 2158 2555 2213 summatio
2597 2156 2783 2212 smculi
2814 2166 2898 2213 est
2939 2173 2954 2214 :
2997 2171 3308 2229 messores,
3351 2157 3529 2228 angeli
3570 2166 3718 2214 sunt.
3753 2158 3850 2214 Pro

2262 2250 2389 2321 quid
2422 2250 2709 2306 fasciculus
2750 2251 2989 2306 dicitur?
3030 2251 3150 2322 quia
3198 2267 3304 2306 non
3343 2265 3537 2308 omnes
3575 2251 3851 2323 aequaliter

2258 2342 2590 2414 iudicantur,
2639 2344 2735 2399 sed
2776 2344 3007 2400 adulteri
3049 2358 3173 2399 cum
3215 2343 3519 2412 adulteris,
3568 2353 3624 2401 et
3662 2359 3853 2401 omnes

2263 2454 2422 2509 pares
2440 2439 2742 2510 aequaliter.
2760 2436 2999 2494 Granum
3018 2439 3237 2510 sinapis,
3262 2438 3529 2510 signiﬁcat
3543 2438 3849 2494 Christum:

2262 2532 2424 2587 homo
2454 2533 2753 2598 seminans,
2798 2531 2941 2587 Deus
2972 2530 3134 2587 Pater
3158 2540 3278 2587 est:
3309 2532 3365 2586 in
3391 2547 3532 2604 agro,
3572 2530 3627 2586 id
3654 2540 3758 2597 est,
3795 2532 3849 2587 in

2262 2626 2484 2681 mundo.
2514 2624 2788 2680 Minimum
2812 2624 3047 2679 omnibus
3067 2625 3347 2679 seminibus
3369 2640 3389 2680 :
3411 2623 3677 2696 signiﬁcat
3694 2622 3852 2679 Chri-

2260 2728 2424 2785 stum,
2453 2719 2743 2774 refutatum
2765 2734 2795 2774 a
2817 2717 3039 2774 ludatis.
3069 2718 3199 2774 Cum
3220 2727 3392 2772 autem
3411 2717 3647 2783 creverit,
3673 2716 3727 2773 id
3749 2725 3848 2785 est,

2260 2814 2579 2880 surrexerit,
2628 2814 2691 2884 ﬁt
2732 2816 2910 2880 arbor,
2956 2812 3011 2869 id
3056 2822 3160 2881 est,
3208 2812 3455 2870 ascendit
3501 2812 3569 2868 ad
3619 2812 3845 2877 ctelum;

2259 2909 2392 2965 rami
2416 2909 2552 2979 ejus,
2588 2907 2690 2964 hoc
2716 2917 2847 2963 sunt
2883 2908 3115 2977 apostoli
3141 2924 3155 2973 ;
3188 2906 3420 2961 volucres
3447 2907 3500 2960 in
3532 2909 3696 2961 ramis
3721 2905 3847 2975 eius,

2262 3003 2315 3059 id
2341 3014 2465 3059 sunt
2492 3004 2688 3070 sancti,
2720 3002 2811 3074 qni
2844 3012 3059 3057 terrena
3089 3001 3410 3071 despiciunt,
3445 2998 3697 3055 coelestia
3722 3012 3849 3054 con-

2262 3101 2567 3170 cupiscunt.
2621 3095 2793 3152 Aliter
2842 3110 3069 3167 granum
3128 3093 3372 3165 sinapis,
3432 3106 3622 3149 sermo
3676 3090 3845 3148 sancti

568 3192 904 3261 viperarum,
958 3185 1217 3259 quomodo
1260 3185 1477 3258 potestis
1520 3184 1662 3255 loqui
1709 3183 1842 3238 bona
1890 3199 2009 3237 cum
2048 3183 2154 3237 sitis

2264 3193 2538 3265 Evangelii
2567 3208 2582 3247 :
2609 3192 2771 3248 homo
2795 3191 3095 3258 seminans,
3118 3188 3369 3245 Christus
3394 3196 3501 3257 est,
3531 3190 3585 3243 in
3618 3203 3770 3259 agro,
3794 3186 3846 3242 in

570 3282 737 3338 mali!
765 3295 860 3353 per
888 3279 1131 3352 viperam
1161 3277 1400 3334 ostendit
1438 3291 1766 3350 synagogam
1799 3292 1814 3330 :
1849 3276 2158 3348 progenies,

570 3375 623 3433 id
653 3381 781 3433 sunt
813 3373 987 3431 Judtei
1012 3390 1027 3442 ;
1072 3372 1215 3428 sicut
1242 3370 1446 3427 occidit
1475 3370 1617 3426 ﬁlius
1657 3372 1900 3441 viperam
1930 3382 2159 3425 matrem

570 3484 743 3534 suam,
767 3468 846 3525 sic
872 3467 1049 3523 Judaei
1077 3463 1376 3532 Christum,
1404 3465 1495 3536 qui
1519 3473 1604 3520 est
1632 3465 1893 3536 sapientia
1920 3465 2159 3520 omnium

572 3574 767 3620 mater.
798 3560 1076 3617 Generatio
1106 3560 1247 3615 mala
1276 3571 1324 3617 et
1352 3560 1611 3631 adultera,
1646 3559 1815 3632 idem,
1845 3560 2158 3617 deserentes

571 3655 881 3723 Dominum,
908 3654 1249 3711 adhaerentes
1277 3654 1458 3710 idolis.

645 3750 847 3821 Regina
871 3748 1047 3803 Austri
1073 3748 1209 3803 venit
1238 3762 1270 3801 a
1299 3747 1487 3817 ﬁnibus
1516 3758 1666 3804 terra:
1694 3767 1706 3804 :
1734 3746 2001 3820 signiﬁcat
2024 3763 2158 3818 gen-

572 3853 692 3902 tes:
724 3844 906 3897 audire
930 3843 1237 3912 sapientiam
1269 3840 1597 3909 Salomonis,
1632 3842 1685 3898 id
1712 3853 1823 3909 est,
1854 3842 2159 3899 doetrinam

570 3936 793 3993 Christi.
825 3933 1134 3991 Immundas
1163 3936 1379 4005 spiritus
1409 3938 1513 3990 exit
1544 3936 1607 3989 ab
1638 3936 1863 4006 homine,
1897 3936 1952 3991 id
1977 3944 2061 3992 est
2084 3978 2098 4003 ,
2126 3952 2157 3991 a

569 4029 811 4096 Judaeis;
843 4029 971 4083 abiit
999 4044 1091 4101 per
1117 4027 1268 4082 arida
1298 4026 1437 4095 loca,
1470 4027 1524 4083 id
1554 4037 1659 4092 est,
1693 4044 1791 4099 per
1820 4038 2047 4100 gentes;
2078 4045 2158 4083 re-

569 4127 714 4183 vertit
740 4126 795 4180 in
824 4114 1053 4192 domum,
1084 4123 1139 4179 id
1170 4133 1275 4191 est,
1308 4124 1376 4179 ad
1403 4123 1653 4190 Judteos;
1682 4124 1875 4178 invenit
1905 4139 2017 4178 eam
2043 4140 2157 4178 sco-

568 4220 650 4293 pis
698 4216 1031 4285 mundatam,
1083 4216 1135 4273 id
1184 4224 1302 4285 est,
1356 4218 1713 4274 traditionum
1768 4228 2151 4288 paternarum;

567 4312 845 4379 assumpsit
885 4326 1059 4365 secum
1094 4318 1288 4380 septem
1323 4309 1533 4380 spiritus
1572 4311 1864 4381 nequiores,
1896 4309 1998 4365 hoc
2029 4321 2156 4365 sunt

567 4418 759 4462 omnes
786 4402 904 4460 dies
932 4418 1122 4459 eorum
1148 4402 1201 4458 in
1234 4402 1378 4458 malo
1402 4418 1570 4475 opere
1601 4403 1745 4460 versi
1772 4421 1787 4471 ;
1820 4404 2073 4459 intrantes
2101 4404 2154 4459 in

566 4503 796 4566 domum,
830 4498 883 4555 id
930 4506 1037 4567 est,
1070 4498 1123 4552 in
1164 4496 1329 4553 corda
1360 4508 1785 4569 persecutorum,
1832 4498 1954 4569 quia
1997 4494 2156 4553 Chri-

2263 3288 2484 3344 mundo.
2517 3285 2791 3340 Minimum
2822 3284 3070 3355 omnium,
3108 3283 3160 3338 id
3187 3293 3301 3348 est,
3336 3278 3613 3337 servatum
3647 3282 3700 3337 in
3724 3292 3846 3337 cor-

2261 3379 2421 3436 dibus
2448 3378 2687 3435 ﬁdelium
2707 3419 2724 3447 ,
2756 3387 2979 3450 propter
3008 3375 3333 3447 sapientiam
3362 3373 3844 3445 philosophorum;

2261 3474 2320 3544 ﬁt
2358 3473 2533 3539 arbor,
2568 3472 2621 3527 id
2659 3480 2744 3527 est
2784 3470 3029 3527 ascendit
3074 3484 3240 3540 super
3279 3482 3498 3523 omnem
3529 3465 3844 3538 sapientiam

2262 3566 2623 3631 mundanam;
2654 3579 2826 3619 ramos
2856 3564 2990 3631 eius,
3022 3560 3265 3618 ostendit
3293 3559 3705 3630 explanationes
3734 3558 3844 3612 sin-

2259 3661 2507 3734 gulorum
2532 3658 2848 3719 doctorum:
2878 3656 3134 3723 volucres,
3157 3655 3211 3710 id
3242 3663 3348 3722 est,
3377 3659 3645 3708 amatores
3668 3651 3848 3707 scien-

2261 3756 2347 3811 tiae
2372 3799 2388 3824 ,
2430 3753 2499 3810 de
2538 3763 2782 3810 semente
2821 3760 3081 3822 accepto,
3121 3749 3174 3806 id
3215 3756 3340 3819 est,
3375 3747 3620 3804 doctrina
3659 3743 3845 3802 Evan-

2258 3849 2405 3922 gelii.

2333 3943 2545 4010 Mulier,
2593 3941 2647 3999 id
2676 3951 2792 4010 est,
2822 3942 3120 4014 sapientia,
3155 3940 3427 3996 abscondit
3467 3941 3520 3995 in
3550 3940 3747 4011 farina,
3792 3935 3847 3994 id

2259 4048 2373 4108 est,
2404 4039 2457 4095 in
2496 4037 2657 4094 corda
2690 4037 2930 4093 ﬁdelium
2953 4079 2968 4104 ,
2995 4045 3110 4091 sata
3137 4036 3261 4103 tria,
3297 4034 3537 4091 ostendit
3567 4045 3675 4089 tres
3705 4032 3846 4088 ﬁlios

2258 4132 2410 4199 Noe;
2441 4133 2602 4187 donec
2631 4133 2991 4203 fermentatum
3018 4141 3093 4186 est
3119 4140 3303 4201 totum,
3336 4129 3390 4185 id
3411 4138 3513 4197 est,
3547 4128 3674 4185 dum
3706 4140 3842 4199 prte-

2258 4222 2500 4279 dicatunt
2523 4224 2618 4281 ἐει
2652 4223 3003 4295 Evangelium
3042 4224 3094 4278 in
3130 4232 3299 4279 totum
3334 4222 3615 4277 mundum.
3663 4218 3847 4277 Simile

2258 4329 2333 4373 est
2370 4335 2585 4391 regnum
2616 4317 2859 4374 caelorum
2899 4317 3139 4373 thesauro
3164 4317 3489 4382 abscondito,
3532 4314 3842 4384 thesaurus,

2257 4411 2310 4468 id
2333 4422 2436 4479 est,
2459 4410 2708 4467 Christus
2728 4412 2813 4467 vel
2836 4411 3135 4482 sapientia:
3157 4412 3211 4465 in
3233 4427 3383 4482 agro,
3407 4409 3457 4465 id
3474 4418 3558 4465 est
3574 4406 3845 4476 Ecclesia,

2260 4504 2377 4560 sive
2421 4506 2474 4559 in
2511 4505 2806 4576 Scripturis
2843 4504 3061 4560 divinis.
3115 4500 3363 4558 Vendidit
3404 4501 3592 4569 omnia,
3634 4498 3688 4555 id
3733 4508 3841 4569 est,

567 4606 707 4654 stum
737 4594 1007 4667 persecuti
1032 4602 1155 4648 sunt
1177 4602 1230 4648 et
1260 4592 1569 4664 prophetas.
1602 4589 1771 4647 Mater
1795 4600 1841 4647 et
1864 4596 2068 4665 fratres,
2100 4594 2153 4649 id
2180 4582 2234 4645 D
2260 4597 2482 4669 reliquit
2511 4598 2668 4669 vilia,
2701 4614 2797 4654 seu
2826 4613 2917 4653 res
2947 4608 3223 4654 terrenas;
3256 4597 3377 4651 emit
3406 4611 3620 4668 agrum,
3653 4594 3706 4649 id
3736 4602 3841 4658 est,

565 4703 671 4760 est,
700 4705 970 4764 synagoga
1008 4698 1063 4745 et
1106 4687 1317 4755 Judaai;
1350 4689 1490 4759 foras
1528 4696 1738 4755 stantes,
1781 4688 1831 4743 id
1863 4700 1965 4759 est,
1999 4700 2150 4746 extra

565 4783 906 4850 Ecclesiam;
938 4791 1223 4855 quwrentes
1252 4782 1483 4856 colloqui
1517 4794 1702 4851 tecum,
1725 4784 1959 4839 ostendit
1988 4787 2038 4840 in
2071 4785 2153 4840 lu-

565 4888 686 4935 turo
715 4876 1132 4934 conversionem
1159 4874 1467 4933 Judzeorum
1497 4876 1564 4931 ad
1606 4876 1786 4931 ﬁdem.
1820 4874 1967 4931 Eriit
1995 4874 2150 4934 Iesus

564 4971 630 5027 de
658 4974 839 5041 domo;
860 4973 1061 5029 sedebat
1089 4971 1158 5027 ad
1179 4984 1341 5037 mare,
1373 4967 1586 5024 duobus
1610 4971 1783 5025 modis
1808 4970 2146 5039 intelligitur,

564 5062 619 5117 id
647 5074 762 5127 est,
812 5063 879 5118 de
917 5063 1057 5119 caelo
1097 5064 1149 5117 in
1181 5060 1441 5117 mundum
1463 5103 1477 5126 ,
1510 5060 1577 5116 de
1608 5060 1809 5118 Judteis
1835 5062 1901 5117 ad
1939 5072 2142 5134 gentes.

564 5154 808 5210 Ascendit
841 5154 894 5208 in
923 5155 1073 5219 navi,
1116 5154 1169 5209 id
1201 5163 1316 5220 est,
1351 5155 1403 5209 in
1434 5155 1604 5209 ctelos
1630 5170 1644 5219 ;
1685 5156 1857 5209 turbas
1886 5155 1955 5208 ad
1980 5156 2146 5223 littus,

561 5247 898 5319 signiﬁcatur
938 5263 1179 5319 praesens
1217 5249 1346 5302 vita.
1393 5245 1459 5302 In
1498 5247 1914 5316 similitudinem,
1956 5249 2057 5304 hoc
2093 5249 2146 5305 in

561 5340 836 5413 parabolis
860 5356 875 5406 ;
905 5342 1120 5395 seminat
1140 5341 1251 5412 ipse
1271 5343 1364 5411 qui
1384 5340 1630 5412 praedicat
1651 5356 1671 5395 :
1693 5342 1946 5407 seminat,
1967 5341 2019 5396 id
2042 5345 2145 5409 est,

558 5436 784 5492 verbum
818 5434 918 5492 Dei
948 5452 961 5488 :
995 5450 1142 5489 secus
1171 5434 1335 5499 viam,
1368 5433 1422 5489 id
1451 5442 1569 5501 est,
1615 5432 1709 5505 qui
1747 5433 1894 5490 audit
1922 5433 2145 5490 verbum

563 5530 659 5587 Dei
685 5572 700 5597 ,
732 5538 786 5586 et
815 5543 920 5584 non
952 5526 1204 5599 intelligit
1230 5544 1245 5581 :
1276 5528 1330 5582 in
1361 5538 1592 5599 petrosa,
1624 5527 1676 5582 id
1707 5536 1827 5597 est,
1870 5525 1962 5598 qui
1996 5527 2148 5583 audit

561 5623 784 5679 verbum
798 5622 921 5691 Dei,
944 5630 1000 5678 et
1015 5619 1227 5691 accepit
1248 5619 1421 5688 illum,
1442 5630 1496 5676 et
1514 5619 1804 5676 accedente
1823 5620 2139 5692 tentatione,

563 5724 724 5785 negat
748 5714 899 5769 illum
924 5729 939 5781 ;
968 5715 1025 5768 in
1053 5713 1236 5787 spinis,
1262 5713 1313 5769 id
1344 5722 1449 5783 est,
1481 5714 1629 5770 audit
1654 5714 1901 5786 verbum,
1937 5725 1990 5771 et
2017 5729 2145 5785 pro-

2260 4704 2483 4761 regnum
2510 4689 2793 4745 ccelorum.
2832 4689 3005 4745 llomo
3038 4689 3360 4761 negotians,
3395 4690 3483 4759 qui
3514 4686 3711 4759 quaarit
3741 4686 3842 4740 do-

2257 4786 2489 4841 ctrinam
2520 4785 2787 4851 divinam,
2822 4784 3022 4840 invenit
3048 4800 3208 4839 unam
3238 4782 3620 4855 margaritam,
3652 4780 3705 4836 id
3736 4789 3839 4846 est,

2256 4877 2576 4948 sapientiam
2609 4876 2845 4945 Christi;
2895 4876 3135 4933 vendidit
3169 4877 3382 4945 omnia,
3427 4875 3481 4931 id
3526 4884 3647 4941 est,
3689 4873 3839 4929 vitia.

2258 4971 2441 5028 Simile
2479 4981 2550 5027 est
2589 4988 2803 5045 regnum
2843 4973 3084 5027 caelorum
3123 4986 3327 5041 sugente
3361 4975 3534 5035 missa:
3570 4968 3627 5023 in
3668 4982 3837 5034 mare,

2253 5078 2351 5135 per
2384 5080 2636 5134 sagenam
2662 5108 2677 5132 ,
2710 5065 2937 5120 verbum
2976 5062 3379 5135 prmdicationis
3413 5061 3743 5125 ostenditur;
3784 5059 3841 5113 in

2255 5176 2414 5226 mare,
2446 5158 2497 5213 id
2524 5168 2629 5225 est,
2656 5157 2710 5213 in
2739 5156 2975 5224 mundo;
3008 5173 3072 5211 ex
3098 5156 3236 5211 omni
3265 5172 3450 5231 genere
3472 5154 3690 5227 piscium
3714 5168 3842 5207 con-

2249 5253 2506 5323 greganti,
2552 5251 2603 5306 id
2635 5264 2746 5317 est,
2773 5267 2936 5307 omne
2962 5266 3133 5321 genus
3161 5250 3478 5306 humanum.
3520 5246 3683 5303 Audit
3715 5262 3840 5303 ver-

2250 5345 2378 5404 bum
2417 5346 2512 5403 Dei
2544 5362 2701 5403 secus
2738 5346 2913 5413 littus,
2962 5347 3013 5402 id
3055 5356 3169 5414 est,
3199 5360 3369 5416 prope
3404 5345 3564 5399 ﬁnem
3606 5340 3838 5397 mundi:

2251 5440 2657 5511 paterfamilias,
2686 5438 2938 5495 Christus
2963 5447 3069 5509 est,
3100 5438 3291 5494 scriba:
3317 5437 3574 5493 doctores
3600 5434 3836 5508 apostoli

2248 5542 2375 5586 sunt
2407 5551 2419 5586 :
2454 5534 2589 5587 venit
2616 5532 2670 5587 in
2696 5532 2919 5606 patriam
2948 5549 3128 5599 suam,
3159 5530 3211 5586 id
3241 5542 3325 5587 est
3352 5529 3421 5586 ad
3459 5529 3701 5587 Judmos.
3737 5528 3837 5585 Te-

2250 5625 2487 5689 trarcha,
2522 5625 2573 5680 id
2603 5635 2707 5691 est,
2740 5635 2766 5663 ⁸
2796 5634 2985 5696 quarta
3014 5639 3137 5694 pars
3168 5624 3339 5694 regni.

2324 5718 2569 5791 Alligavit
2610 5716 2865 5774 Joannem
2907 5728 2953 5774 et
2987 5717 3121 5772 misit
3166 5716 3221 5769 in
3258 5730 3513 5771 carcerem
3544 5733 3562 5772 :
3594 5714 3838 5773 ostendit

635 5834 662 5865 ι
689 5825 954 5896 Scriptum
988 5833 1108 5885 erat
1142 5826 1292 5893 inita,
1326 5825 1554 5886 fortasse
1574 5841 1673 5898 pro
1695 5828 1897 5901 quinta,
1932 5830 2143 5888 tametsi
2184 5828 2238 5892 id
2264 5845 2481 5917 quoque
2516 5829 2675 5890 falso.
2716 5830 2825 5894 Nos
2869 5837 3053 5901 quarta
3090 5824 3502 5901 rescripsimus,
3537 5838 3599 5888 ut
3634 5830 3731 5888 rei
3746 5843 3835 5886 ve-
