4050 6198
781 242 1146 304 EXPOSITIO
1181 242 1518 317 QUATUOR
1552 239 2123 303 EVANGELIORUM.
2164 242 2590 303 MATTHIEUS.
3236 246 3345 303 εει

234 363 364 417 inum
390 360 537 434 Legis
565 359 791 418 veteris.
815 361 1151 419 Herodiades
1187 362 1456 433 signiﬁcat
1492 377 1650 435 syna—
1677 366 1730 423 Α
1758 376 1871 415 oues
1898 378 2017 431 qua:
2046 362 2308 432 perierunt
2339 362 2523 416 domus
2554 358 2748 427 Israel,
2780 360 3019 443 ostendit
3045 363 3349 433 corporali-

232 475 308 525 m;
336 459 497 529 puella
542 457 762 513 saltavit
791 457 843 511 in
884 459 1156 525 convivio,
1184 458 1424 513 ostendit
1463 467 1650 529 gentes
1756 465 1842 513 ter
1883 458 1951 512 ad
1998 458 2251 523 Judaaos;
2299 458 2485 525 aliter,
2537 456 2663 527 quia
2715 472 2905 512 omnes
2949 457 3241 513 credentes
3290 459 3349 513 in

236 562 339 607 ntes
361 562 472 607 ante
497 552 669 607 idola:
694 561 851 619 caput
874 552 1097 606 Joannis
1125 554 1176 605 in
1198 551 1363 618 disco,
1388 549 1654 621 signiﬁcat
1757 552 1930 607 Deum
1957 551 2126 608 Israel
2154 563 2438 608 vocantur.
2461 552 2680 608 Sumere
2709 567 2917 622 panem,
2942 551 2995 606 id
3022 552 3349 619 cst,doctri-

231 662 284 700 us
301 645 483 701 Christi
508 645 562 699 in
577 645 1183 715 altare,caputilliusin
1207 644 1371 700 corde
1391 644 1651 711 ﬁdelium;
1759 666 1922 715 nam;
1958 651 2213 718 ﬁliorum,
2246 649 2299 703 id
2328 658 2436 714 est,
2480 647 2829 713 Iudaeorum;
2860 647 2977 699 duri
3020 649 3255 714 canibus,
3296 649 3352 703 id

232 757 265 792 τι
289 749 354 793 est
379 740 576 811 puellm,
612 741 663 794 id
692 749 796 809 est,
831 741 1094 796 Ecclesiae
1116 757 1182 798 ex
1202 741 1486 812 gentibus;
1514 750 1659 795 attu-
1762 753 1868 812 est,
1902 745 2181 815 gentibus.
2208 744 2397 798 Catelli
2420 745 2601 808 edunt,
2631 744 2685 797 id
2714 752 2819 812 est,
2844 750 3068 813 gentes;
3094 745 3356 814 accipiunt

237 834 327 885 atri
354 848 467 899 sum,
502 834 740 889 05tendit
778 835 1194 889 conversionem
1233 834 1569 900 Judtcorum,
1602 832 1658 888 in
1764 842 1828 895 de
1856 842 2023 905 micis,
2056 841 2108 896 id
2134 849 2238 905 est,
2271 839 2339 895 de
2371 840 2678 894 minoribus
2704 838 3001 893 mandatis.

232 937 354 987 'um;
389 934 580 979 secutae
626 925 864 980 ostendit
908 925 1220 996 pedestres;
1260 926 1521 990 ostendit,
1551 941 1658 982 non
1839 931 2092 987 Misereor
2121 933 2282 986 turba:
2312 949 2330 985 :
2362 932 2609 988 ostendit
2631 932 2755 1002 quia
2782 932 2928 987 Deus
2960 940 3107 989 totus
3138 932 3354 989 miseri-

245 1015 465 1083 pccuniis
488 1016 759 1087 anteguis,
792 1018 889 1073 sed
926 1033 1049 1073 cum
1084 1020 1304 1090 proprio
1344 1019 1527 1073 labore
1561 1018 1660 1073 de-
1766 1039 1889 1079 cors
1920 1036 2039 1091 est;
2071 1026 2303 1079 triduum
2332 1026 2620 1093 perdurant
2660 1042 2880 1093 mecum,
2924 1026 3171 1082 ostendit
3196 1026 3359 1083 ﬁdem

232 1122 365 1163 Iomo
388 1110 530 1181 sequi
552 1109 742 1165 Deum.
769 1110 1254 1181 Curavitinﬁrmos.
1285 1110 1336 1165 id
1365 1120 1469 1175 est.
1494 1110 1663 1164 abluit
1768 1121 2084 1185 Trinitatis;
2119 1138 2223 1174 non
2268 1120 2455 1174 habent
2498 1121 2626 1191 quid
2658 1122 2988 1185 manducent,
3030 1121 3083 1177 id
3119 1130 3225 1189 est,
3253 1136 3363 1177 non

231 1203 320 1256 atis
346 1211 397 1257 et
422 1204 485 1257 ab
515 1204 697 1257 idolis.
728 1202 880 1257 Hora
899 1206 1016 1274 jam
1046 1204 1319 1275 praeteriit,
1354 1202 1408 1256 id
1437 1211 1540 1267 est.
1575 1201 1663 1255 lil-
1768 1210 1971 1265 habent
1999 1211 2222 1266 verbum
2252 1212 2693 1279 praedicationis;
2724 1213 2863 1268 Nolo
2892 1230 2977 1269 eos
3006 1216 3265 1270 dimittere
3280 1218 3367 1286 je-

237 1296 623 1367 legis;quinque
639 1312 816 1366 panes,
846 1296 899 1351 id
920 1305 1023 1361 est,
1049 1298 1287 1367 quinque
1310 1296 1433 1351 libri
1459 1296 1661 1366 Moysi;

231 1391 399 1458 pisces,
441 1389 490 1444 id
518 1400 620 1453 est,
654 1389 765 1445 duo
812 1390 1186 1456 Testamenta,
1234 1391 1348 1445 sive
1385 1390 1492 1444 duo
1520 1390 1668 1445 ordi-

240 1482 286 1535 id
315 1492 410 1547 est,
434 1482 774 1538 sacerdotum
800 1490 856 1537 et
884 1483 1297 1554 prophetarum,
1330 1484 1442 1538 sive
1473 1484 1582 1538 duo
1605 1483 1668 1537 li-

237 1592 393 1631 οευίε.
421 1575 592 1631 Turba
634 1576 989 1631 discumbebat
1025 1594 1181 1649 super
1223 1580 1422 1648 fenum,
1469 1576 1524 1630 id
1561 1584 1665 1643 est,

232 1688 254 1724 r
279 1671 419 1726 arida
446 1672 631 1740 corda,
661 1674 777 1729 sive
816 1688 979 1743 super
1009 1673 1138 1728 vitia
1171 1672 1567 1728 discumbebat.
1604 1672 1669 1726 Et

1760 1307 1945 1376 junos,
1974 1320 2039 1356 ne
2066 1302 2312 1372 deﬁciant
2338 1304 2393 1357 in
2424 1305 2530 1371 via,
2576 1304 2629 1359 id
2659 1314 2764 1371 est,
2812 1322 2881 1361 ne
2923 1318 3153 1376 pereant
3198 1310 3254 1364 in
3280 1311 3362 1365 via

1771 1396 1977 1453 erroris
1995 1397 2050 1452 in
2078 1406 2353 1467 praesente
2375 1398 2510 1463 vita,
2537 1398 2662 1467 quia
2687 1398 2816 1466 ﬁdes
2837 1402 2947 1454 sine
2966 1402 3205 1469 aperibus
3229 1420 3368 1458 mor-

1774 1500 1865 1545 tua
1892 1499 1987 1545 est.
2035 1491 2139 1545 Per
2168 1501 2378 1561 septem
2408 1506 2579 1561 panes
2620 1493 2859 1547 ostendit
2899 1498 3221 1565 eptaticum,
3271 1515 3368 1569 per

1777 1599 1981 1654 pauens
2024 1586 2201 1655 pisces
2243 1584 2484 1641 ostendit
2525 1585 2773 1642 ordinem
2822 1591 3237 1658 prophetarum,
3284 1595 3371 1648 vel

1777 1679 2147 1735 sacerdotum.
2181 1679 2352 1752 Super
2382 1689 2574 1734 terram
2597 1680 2948 1748 discumbens,
2978 1686 3217 1740 ostendit
3248 1702 3375 1756 per-

232 1767 301 1818 itis
330 1767 544 1838 panibus
568 1809 583 1833 ,
607 1769 819 1822 intuens
853 1768 909 1821 in
940 1766 1146 1835 aetum,
1183 1768 1236 1821 id
1268 1776 1374 1833 est,
1402 1766 1673 1822 abstraxit
1702 1762 1749 1826 C
1784 1770 2042 1827 tectiores
2071 1772 2184 1841 jam
2224 1773 2463 1828 calcasse
2501 1772 2628 1827 vitia
2675 1788 2769 1829 sua
2800 1790 2813 1826 :
2844 1790 2942 1844 per
2970 1787 3181 1845 septem
3212 1795 3375 1849 spor-

231 1874 332 1925 tm;
379 1862 548 1932 fregit,
584 1860 636 1915 id
669 1870 773 1929 est,
810 1860 1091 1915 historiam
1141 1861 1273 1930 legis
1315 1862 1582 1930 expressit
1619 1862 1673 1915 in

231 1951 379 2006 talem
406 1968 646 2020 sensum,
673 1963 728 2010 et
753 1957 1005 2026 apparuit
1024 1958 1358 2023 intellectus;
1392 1956 1675 2026 benedixit,

238 2054 283 2113 t,
314 2045 704 2117 multiplicavit.
730 2046 1022 2104 Duodecim
1048 2052 1244 2119 coﬁnos
1265 2052 1465 2122 plenos,
1494 2050 1548 2108 id
1570 2061 1678 2118 est,

232 2139 445 2194 loctrina
491 2151 679 2196 sancta
730 2141 1020 2199 duodecim
1066 2143 1382 2213 apostolos,
1426 2158 1526 2214 pro
1575 2159 1680 2215 qua

232 2246 249 2285 ι
300 2248 404 2288 non
451 2242 835 2304 computantur
872 2236 1128 2292 mulieres
1169 2244 1225 2292 et
1276 2237 1489 2306 parvuli
1540 2237 1683 2290 sicut

239 2324 363 2393 quia
391 2328 599 2394 parvuli
628 2343 737 2382 non
766 2329 951 2384 valent
990 2344 1296 2400 repugnare
1322 2342 1513 2385 contra
1554 2328 1680 2383 vitia

245 2416 323 2472 sic
342 2426 396 2473 et
416 2419 691 2486 mulieres,
711 2423 833 2492 quia
860 2422 1214 2492 imperfectus
1240 2439 1404 2480 sexus
1426 2433 1528 2480 est.
1561 2421 1687 2477 Jus-

231 2511 454 2567 tcendcre
478 2513 533 2567 in
555 2516 869 2582 naviculam,
904 2516 957 2572 id
976 2529 1081 2583 est,
1116 2519 1170 2573 in
1190 2518 1523 2585 Ecclesium;
1550 2534 1683 2587 prte-

232 2621 273 2658 te
293 2614 433 2660 trans
458 2608 668 2677 fretum,
699 2608 753 2663 id
775 2619 878 2675 est,
899 2610 967 2665 de
986 2610 1192 2666 Judreis
1217 2612 1284 2665 ad
1308 2620 1525 2682 gentes.
1550 2610 1688 2678 Qua-

252 2697 425 2754 modis
448 2711 673 2756 vocatur
702 2719 716 2755 :
749 2702 921 2771 prima
945 2711 1136 2758 natura
1168 2720 1181 2755 :
1210 2702 1451 2758 secunda
1484 2717 1690 2771 cogna-

232 2806 247 2845 ξ
280 2809 293 2845 :
324 2792 478 2848 tertia
510 2802 668 2864 gente
700 2812 711 2847 :
746 2806 941 2863 quarta
980 2795 1202 2850 affectu.
1236 2796 1486 2864 Quatuor
1513 2795 1689 2851 modis

236 2899 298 2937 ur
326 2885 521 2952 homo;
561 2886 690 2956 quid
734 2887 951 2954 dicitur,
996 2888 1050 2943 id
1095 2900 1200 2955 est,
1250 2889 1477 2955 bonum,
1527 2889 1688 2955 bene,

232 2978 448 3031 tentiam
476 2979 630 3050 agite,
660 2988 717 3036 et
752 2980 998 3052 reliqua;
1029 2981 1235 3037 malum
1265 2981 1429 3053 male,
1480 2982 1695 3052 sanguis

254 3086 407 3141 super
438 3088 533 3126 nos
548 3089 567 3137 ;
600 3073 799 3128 bonum
845 3075 1011 3141 male,
1052 3075 1145 3131 ubi
1185 3076 1380 3131 dicitur
1417 3076 1487 3132 de
1516 3092 1688 3145 cmco,

1783 1873 1891 1930 tas,
1925 1874 2133 1935 septem
2183 1867 2441 1921 doctores
2471 1866 2712 1936 Spiritus
2742 1868 2939 1922 sancti.
2972 1868 3259 1941 Pharisaei,
3292 1875 3377 1928 di-

1783 1958 1901 2025 visi,
1929 1957 2484 2030 Saduczei,justiﬁcati
2514 1975 2531 2011 :
2556 1960 2753 2016 caelum
2770 1976 3051 2029 serenum,
3081 1965 3132 2020 id
3159 1975 3263 2034 est,
3289 1983 3379 2023 re-

1786 2051 2058 2106 surrectio
2083 2050 2290 2105 Christi
2325 2071 2338 2105 :
2370 2052 2565 2107 coelum
2614 2053 3000 2122 rubicundum,
3031 2056 3223 2111 eﬁ‘usio
3251 2074 3383 2115 san-

1789 2142 1971 2213 guinis
2005 2160 2019 2196 :
2053 2143 2253 2199 ctelum
2284 2144 2459 2208 triste,
2506 2144 2816 2215 passionem
2847 2144 3050 2202 Christi
3090 2151 3331 2206 ostendit
3363 2171 3377 2206 :

1788 2244 2086 2305 tempestas
2110 2235 2337 2289 rutilans
2361 2236 2639 2305 signiﬁcat
2664 2238 3125 2307 persecutionem.
3151 2240 3333 2298 Cavete
3352 2262 3385 2299 a

1791 2326 2049 2395 fermento
2078 2325 2491 2393 Pbarisworum,
2520 2327 2576 2382 id
2604 2337 2709 2397 est,
2734 2345 2765 2383 a
2788 2330 3034 2386 doctrina
3064 2348 3274 2389 eorum.
3306 2336 3389 2392 Si-

1792 2437 1937 2487 mon,
1968 2422 2021 2476 id
2054 2430 2156 2487 est,
2190 2422 2449 2489 obediens,
2486 2419 2538 2475 id
2572 2430 2676 2491 est,
2706 2422 2851 2492 ﬁlius
2881 2422 3042 2490 Iona,
3079 2426 3130 2480 id
3162 2436 3268 2495 est,
3300 2445 3389 2483 co-

1796 2512 1993 2579 lumba,
2023 2513 2165 2583 quod
2210 2513 2603 2583 interpretatur
2634 2514 2873 2583 Spiritus
2901 2527 3119 2572 sanctus
3148 2535 3162 2571 :
3192 2536 3315 2575 caro
3346 2531 3393 2575 et

1796 2605 2009 2676 sanguis
2033 2621 2136 2659 non
2167 2606 2404 2659 revelavil
2432 2605 2545 2671 tibi,
2577 2605 2629 2661 id
2661 2616 2763 2672 est,
2797 2617 2953 2677 pater
2981 2618 3037 2664 et
3076 2620 3251 2667 mater
3282 2629 3390 2667 non

1799 2695 2045 2752 ostendit
2072 2696 2192 2751 tibi.
2223 2696 2403 2751 Porta:
2434 2698 2630 2753 inferni
2658 2708 2784 2753 sunt
2811 2710 3029 2769 peccata
3057 2701 3338 2759 hominum
3374 2723 3389 2759 :

1800 2790 1986 2847 claves
2024 2791 2179 2860 regni
2203 2791 2493 2857 caelorum,
2540 2801 2783 2862 potestas
2814 2802 2898 2849 est
2934 2794 3133 2864 ligandi
3179 2808 3236 2853 et
3278 2800 3390 2854 sol-

1802 2886 1994 2955 vendi,
2020 2886 2074 2941 id
2094 2896 2197 2954 est,
2222 2903 2321 2958 per
2341 2886 2716 2957 pmnitentiam
2740 2889 3072 2958 aperientur.
3090 2889 3146 2942 Μ
3154 2892 3263 2947 ulta
3283 2896 3395 2967 pati

1804 2996 1841 3034 α
1870 2980 2153 3035 senioribus
2195 2989 2243 3034 et
2280 2980 2489 3045 scribis,
2539 2980 2655 3035 haec
2704 2980 2892 3037 dicens
2940 2984 3101 3039 Jesus
3155 2990 3399 3043 ostendit

1807 3072 2118 3141 passionem
2138 3080 2193 3128 et
2214 3072 2693 3127 resurrectionem.
2720 3072 2858 3127 Dicit
2877 3076 2946 3127 ad
2975 3074 3211 3143 Petrum,
3248 3078 3396 3136 Vade

238 3163 321 3219 lus
352 3166 643 3235 discipulus
669 3172 782 3240 ejus
807 3171 898 3223 es?
925 3169 1101 3223 malus
1132 3170 1292 3236 bene,
1328 3170 1419 3225 ubi
1457 3173 1694 3241 Aposto-
1723 3165 1773 3230 C
1807 3174 1928 3236 post
1949 3182 2046 3233 me,
2082 3164 2323 3221 ostendit
2348 3166 2523 3236 ipsum
2546 3163 2886 3221 cruciﬁxum.
2913 3164 3042 3221 Post
3070 3185 3149 3223 me
3177 3170 3397 3243 abneget

231 3261 310 3328 tit,
342 3260 539 3314 tradidi
580 3261 881 3334 hujusmodi
907 3261 1168 3319 hominem
1210 3265 1266 3318 in
1302 3265 1565 3318 interitum
1598 3264 1699 3319 Sa-

232 3376 256 3425 ν,
278 3366 335 3410 ut
352 3356 565 3428 spiritus
585 3357 757 3412 salvus
775 3358 888 3426 ﬁat.
914 3357 1135 3429 Vespere
1164 3368 1336 3414 autem
1360 3361 1523 3430 facta,
1552 3362 1698 3415 solus

233 3492 247 3513 ,
296 3446 543 3502 ostendit
588 3446 752 3503 ﬁnem
784 3447 994 3505 mundi.
1041 3448 1201 3506 Solus
1232 3450 1380 3507 venit
1426 3452 1697 3509 redimere

233 3554 401 3594 anum
434 3556 628 3611 genus.

231 3633 340 3686 avis
366 3632 422 3686 in
453 3634 622 3687 medio
669 3651 810 3691 mare
837 3652 856 3690 :
904 3635 958 3692 id
1002 3645 1107 3703 est,
1146 3637 1393 3695 Ecclesia
1422 3639 1473 3694 in
1514 3639 1697 3695 medio

231 3726 283 3779 di
310 3744 320 3777 :
340 3728 645 3797 jactabatur
669 3730 935 3800 fluctibus,
961 3732 1014 3786 id
1037 3740 1141 3798 est,
1166 3733 1581 3802 persecutiones
1604 3750 1700 3805 pa-

232 3832 368 3889 rtur;
402 3834 596 3879 ventus
618 3828 947 3896 contrarius,
980 3827 1031 3882 id
1058 3837 1167 3894 est,
1190 3828 1474 3895 diabolus;
1503 3839 1699 3899 quarta

231 3918 276 3971 ia
320 3919 504 3973 noctis
531 3918 683 3973 venit
718 3919 899 3987 Jesus,
941 3922 1183 3977 ostendit
1222 3921 1278 3976 in
1327 3932 1521 3992 quarta
1556 3923 1695 3992 lege,

238 4021 275 4077 t,
300 4011 615 4084 Evangelii.
640 4012 927 4070 Ambulaus
948 4015 1104 4069 Jesus
1136 4034 1289 4089 super
1318 4033 1482 4085 mare,
1516 4016 1570 4071 id
1592 4026 1698 4085 est,

232 4121 318 4161 lnS
348 4108 752 4164 amaritudines
784 4110 1003 4176 surculi;
1035 4112 1334 4167 ambulavit
1369 4112 1561 4169 Petrus
1600 4128 1698 4168 su-

235 4216 435 4270 aquas,
483 4217 648 4273 super
688 4205 1105 4275 amaritudines,
1153 4206 1272 4262 sive
1300 4209 1518 4264 calcans
1569 4209 1698 4265 vitia

231 4304 477 4352 atorum.
503 4295 665 4351 Petro
694 4308 974 4367 mergente
1000 4300 1054 4354 in
1084 4315 1256 4366 mare,
1290 4300 1341 4355 id
1374 4310 1475 4369 est,
1510 4301 1699 4358 dubie-

232 4384 399 4452 ﬁdci;
430 4387 513 4441 sic
537 4388 715 4443 omnis
757 4389 851 4460 qui
891 4388 1107 4447 dubitat
1148 4393 1201 4447 in
1245 4392 1373 4461 ﬁde,
1421 4395 1617 4465 mergit
1642 4395 1699 4449 in

231 4489 411 4534 atum.
439 4480 692 4537 Extendit
717 4500 928 4537 manum
956 4483 1133 4555 Iesus,
1163 4486 1523 4555 apprehendit
1544 4503 1690 4553 eum,

1806 3259 2161 3328 semetipsum,
2204 3257 2421 3325 idest,
2460 3265 2779 3313 contemnat
2822 3258 3156 3327 voluptatem
3189 3263 3390 3319 carnis.

1812 3354 1915 3422 Qui
1964 3364 2127 3423 amat,
2187 3355 2545 3424 voluptatem,
2592 3356 2861 3425 propriam
2905 3358 3135 3412 animum
3179 3360 3349 3432 perdit
3378 3378 3400 3416 :

1807 3446 1989 3503 anima
2013 3447 2122 3515 hic,
2151 3463 2251 3518 pro
2275 3447 2553 3517 voluptate
2577 3447 2801 3517 ponitur
2834 3464 2847 3500 :
2869 3449 2959 3518 qui
2982 3451 3153 3519 perdit
3172 3454 3401 3507 animam

1809 3558 1979 3611 suam,
2026 3543 2250 3597 inveniet
2284 3558 2417 3596 eam.
2462 3541 2680 3597 Duobus
2724 3542 2901 3598 modis
2943 3545 3180 3600 animam
3222 3548 3405 3618 perdit

1810 3637 2003 3705 homo,
2034 3653 2131 3708 per
2157 3637 2508 3708 martyrium,
2554 3647 2610 3693 et
2639 3636 3056 3708 abnegationem
3101 3641 3351 3711 corporis
3384 3661 3397 3697 :

1813 3730 2059 3786 inveniet
2088 3745 2232 3799 eam,
2263 3729 2315 3785 id
2347 3739 2454 3795 εει,
2486 3731 2543 3785 in
2576 3745 2803 3801 regnum
2844 3731 2940 3788 Dei
2972 3751 2983 3786 :
3013 3736 3401 3793 commutatio-

1812 3839 1942 3879 nem
1969 3824 2059 3879 dat
2085 3838 2185 3895 pro
2223 3824 2423 3891 anima,
2454 3824 2544 3895 qui
2590 3839 2811 3880 carnem
2861 3840 3015 3881 suam
3064 3830 3291 3898 cruciat,
3348 3840 3404 3887 et

1811 3918 2054 3973 animam
2087 3919 2276 3973 nutrit.

1892 4009 2023 4065 Post
2073 4028 2162 4065 sea;
2203 4011 2333 4080 dies,
2363 4011 2476 4080 jam
2521 4010 2578 4065 in
2625 4011 2880 4082 septimo,
2931 4014 3171 4069 ostendit
3218 4024 3406 4074 aetates

1814 4104 2031 4171 mundi,
2058 4104 2287 4175 septima
2313 4119 2435 4174 qua:
2450 4104 2668 4175 requies
2693 4104 3032 4177 intelligitur.
3052 4105 3287 4180 Petrum,
3310 4108 3409 4165 Ja-

1816 4199 2004 4269 cobum
2042 4210 2090 4254 et
2132 4198 2413 4267 Joannem,
2461 4199 2550 4254 hic
2593 4198 2834 4255 ostendit
2862 4209 3029 4255 totam
3074 4200 3408 4271 Ecclesiam;

1817 4292 1966 4347 ducit
1992 4294 2110 4348 illos
2140 4295 2192 4347 in
2221 4302 2462 4361 montem,
2496 4293 2549 4348 id
2573 4303 2676 4361 est,
2707 4294 2761 4349 in
2794 4310 3020 4364 regnum
3067 4296 3183 4351 Dei.
3216 4295 3411 4365 Splen-

1819 4386 1937 4441 duit
1962 4387 2121 4458 [acies
2151 4387 2263 4454 eius
2288 4387 2422 4440 sicut
2455 4386 2557 4456 sol,
2589 4387 2643 4441 id
2671 4395 2772 4452 est,
2806 4388 2982 4443 sancti
3015 4387 3070 4442 in
3111 4389 3279 4457 gloria
3307 4388 3414 4443 Pa-

1824 4481 1962 4535 tris:
1992 4481 2147 4536 aliter
2176 4488 2336 4536 vetus
2358 4479 2767 4535 Testamentum
2792 4479 3072 4549 splenduit
3094 4480 3145 4534 in
3179 4480 3410 4536 Novum.

240 4584 279 4641 t,
320 4574 486 4630 ‘dedit
514 4577 564 4631 ei
604 4575 934 4647 adjutorium
961 4578 1107 4634 ﬁdei.
1139 4579 1265 4637 Haec
1294 4591 1421 4637 sunt
1460 4593 1693 4652 quatuor
1719 4558 1783 4620 Π
1834 4575 2150 4632 Vestimenta
2170 4576 2289 4629 alba
2307 4576 2441 4629 sicut
2461 4575 2574 4641 nix,
2600 4573 2652 4628 id
2670 4583 2774 4638 est,
2801 4573 3149 4643 congregatio
3169 4575 3419 4630 omnium

231 4685 237 4719 ι
273 4685 287 4720 :
315 4667 498 4738 prima
527 4670 581 4725 in
608 4682 802 4727 natura
829 4690 843 4725 :
872 4672 1109 4728 secunda
1141 4674 1226 4729 lex
1269 4675 1457 4732 littera
1490 4695 1504 4731 :
1537 4676 1698 4732 tertia

232 4760 497 4817 betarum
532 4781 546 4818 :
579 4775 776 4833 quarta
822 4767 1304 4838 evangelistarum.
1352 4769 1479 4824 Cum
1528 4778 1700 4826 trans-

231 4863 378 4921 sset,
428 4854 484 4909 id
535 4865 651 4924 est,
700 4872 823 4914 cum
860 4860 1176 4926 transisset;
1210 4873 1454 4917 venerunt
1482 4863 1701 4919 interra

231 4964 356 5015 rsar,
395 4948 452 5003 id
487 4958 594 5017 est,
626 4949 694 5006 dc
723 4950 929 5008 Iudaeis
958 4952 1026 5008 ad
1057 4962 1278 5024 gentes;
1325 4955 1623 5012 obtulerunt
1652 4961 1702 5014 ei

263 5042 541 5109 habentes,
578 5043 629 5097 id
661 5055 767 5113 est,
797 5045 963 5101 idolis
996 5048 1323 5103 servientes.

234 5134 381 5188 utier
429 5133 729 5191 Chanamea
781 5155 799 5191 :
856 5140 1099 5195 ostendit
1142 5140 1472 5211 primitivam
1518 5143 1706 5201 Eccle-

263 5244 279 5282 :
316 5227 440 5283 ﬁlia
468 5229 589 5299 ejus
629 5245 659 5284 a
687 5231 960 5288 daemonio
991 5243 1205 5301 vexata,
1242 5233 1297 5289 id
1330 5243 1433 5301 est,
1462 5235 1706 5293 Ecclesia

232 5320 378 5389 ium,
414 5322 487 5377 ab
510 5323 671 5379 idolis
701 5337 977 5397 corrupta.
1016 5328 1217 5384 Sanala
1240 5338 1312 5383 est
1336 5329 1509 5400 puella
1532 5348 1595 5385 ea:
1614 5333 1710 5387 illa

232 5456 245 5480 ,
298 5415 553 5471 ostendit
593 5420 1011 5476 conversionem
1048 5423 1311 5493 gentium,
1345 5438 1413 5478 ex
1456 5425 1549 5478 illa
1575 5425 1710 5481 hora

247 5508 491 5567 Christo
534 5512 903 5571 crediderunt.
960 5514 1082 5571 Non
1122 5534 1239 5572 sum
1282 5519 1471 5573 missus
1510 5520 1612 5575 nisi
1642 5520 1709 5573 ad

231 5735 239 5771 ς
274 5726 528 5804 constet.
561 5721 1140 5804 Carteruminnumera
1173 5732 1299 5797 alia,
1327 5748 1448 5803 quae
1478 5735 1719 5804 singula-

232 5804 439 5859 notare
461 5794 635 5867 piget,
657 5799 1009 5855 emendamns
1027 5812 1140 5859 toto
1157 5794 1441 5885 contextu,
1464 5794 1737 5885 utn'ullus

497 5948 508 5972 ί
540 5886 817 5957 Puncta
863 5888 1090 5979 XXX.

1822 4670 2095 4727 .ﬁdelium.
2140 4668 2243 4724 Per
2268 4666 2489 4738 Moysen
2533 4666 2771 4721 ostendit
2808 4665 3048 4720 litteram
3082 4666 3244 4737 Legis
3276 4686 3287 4719 :
3322 4683 3423 4738 per

1826 4765 2034 4834 Eliam,
2080 4763 2328 4820 ordinem
2360 4760 2771 4832 prophetarum.
2808 4757 3059 4815 Christus
3098 4776 3225 4815 cum
3257 4760 3422 4818 disci-

1826 4857 1978 4926 :pulis
2025 4854 2266 4911 ostendit
2311 4868 2513 4907 novum
2563 4850 2995 4906 Testamentum.
3030 4850 3213 4908 Nubes
3259 4861 3423 4923 tetra,

1830 4948 1895 5004 id
1937 4957 2040 5016 est,
2072 4948 2234 5017 Legis
2280 4948 2482 5002 littera.
2529 4944 2710 5002 Nubes
2752 4944 3004 5017 candida,
3038 4946 3091 5001 id
3134 4956 3239 5015 est,
3288 4965 3431 5021 pra:-

1830 5044 2042 5100 «dicatio
2064 5041 2367 5112 Evangelii.
2387 5041 2568 5096 Nubes
2592 5040 2859 5110 pluvialis,
2892 5040 2946 5095 id
2975 5049 3080 5110 εει,
3113 5044 3427 5113 praedicatio

1842 5137 2256 5209 apostolorum,
2312 5136 2402 5206 qui
2452 5135 2723 5191 faciebant
2763 5134 2999 5193 fructum
3051 5140 3424 5209 paenitentia,

1833 5240 1966 5303 post
1988 5228 2360 5285 ascensionem
2391 5226 2615 5282 Christi.

1921 5328 2045 5384 Cum
2075 5324 2292 5378 venisset
2330 5325 2400 5376 ad
2427 5322 2625 5413 turbas,
2669 5321 2724 5377 id
2753 5331 2856 5392 est,
2906 5340 3028 5380 cum
3067 5325 3437 5383 descendisset

1837 5423 1901 5479 in
1932 5417 2216 5476 mundum.
2248 5414 2423 5468 Homo
2450 5413 2664 5486 genibus
2692 5416 3016 5484 provolutus,
3060 5418 3302 5473 ostendit
3346 5433 3436 5473 or-

1840 5521 2034 5577 dinem
2060 5513 2474 5584 prophetarum,
2503 5514 2594 5583 qui
2626 5513 2859 5584 rogabat
2904 5529 3002 5584 pro
3033 5530 3113 5583 se,
3145 5516 3297 5588 quasi
3326 5516 3439 5573 Ec-

1850 5730 1978 5813 Afere
2006 5741 2201 5788 versus
2226 5726 2319 5800 sit,
2347 5723 2435 5785 cui
2462 5721 2727 5783 medicam
2795 5739 3017 5782 manum
3055 5741 3168 5812 non
3208 5726 3468 5807 adhibita:

1856 5816 2064 5864 .runus.
