4050 6198
551 236 583 289 5

589 236 657 291 ὃὸ
1595 227 1654 283 S.
1698 222 2082 280 lllERONYMl
2120 219 2404 278 OPERUM
2443 207 2810 275 MANTl-SSA.

3760 213 3871 270 556

549 353 718 409 clcsia
753 371 767 409 :
801 315 946 409 illius
977 351 1093 420 ejus
1117 346 1404 410 lunaticus,
1436 341 1673 398 ostendit
1705 340 1963 414 populum
2005 352 2139 408 gen-
2168 340 2217 400 Α
2249 335 2375 390 tacti
2405 343 2530 389 sunt
2553 332 2857 388 novissimi.
2885 329 2976 387 Sic
3000 329 3068 386 de
3099 328 3268 385 Petro
3293 337 3348 384 et
3377 328 3590 384 latrone
3633 343 3649 382 :
3681 328 3768 384 sic
3797 329 3873 386 de

555 449 714 510 tium,
751 446 1042 501 adorantes
1065 439 1227 494 idola.
1254 436 1410 492 Cadit
1436 437 1493 492 in
1522 435 1714 504 ignem,
1742 429 1796 486 id
1826 442 1932 494 est,
1963 433 2016 486 in
2049 445 2145 487 cu-

552 541 837 610 piditatem
872 533 1084 588 :crebro
1109 531 1166 584 in
1195 545 1405 600 aquam,
1439 528 1490 582 id
1520 537 1625 591 eSt,
1655 525 1712 580 in
1743 523 2033 579 luxuriam.

625 631 813 684 Transi
839 627 982 692 hinc,
1013 624 1083 679 de
1108 621 1313 679 Judaeis
1341 621 1408 676 ad
1436 629 1624 691 gentes
1655 637 1667 673 :
1710 617 1854 672 Vade
1877 617 1946 671 ad
1978 632 2142 683 mare,

549 724 598 779 id
622 731 724 785 est,
744 722 808 774 ad
830 727 1039 790 gentes.
1066 716 1220 770 Mitte
1236 717 1467 778 hamum,
1489 709 1545 768 id
1567 719 1674 780 est,
1691 710 1917 766 verbum
1942 708 2140 780 praedi-

551 814 802 870 cationis.
836 811 1006 866 Piscis
1022 811 1112 882 qui
1128 810 1354 882 primum
1370 805 1604 861 ascendit
1624 806 1676 860 in
1698 805 1888 868 alium,
1908 800 2144 858 ostendit

551 919 576 948 ει
607 909 942 964 cernentium
971 925 982 960 :
999 907 1050 960 in
1069 920 1159 960 ore
1178 907 1292 974 ejus
1306 903 1531 959 invenies
1543 911 1809 973 staterem,
1824 904 1876 960 id
1895 913 1997 970 εει,
2013 917 2144 956 εοη-

547 1001 838 1057 fessionem
872 1001 1023 1068 ﬁdei,
1058 998 1452 1054 humanitatem
1484 1007 1541 1054 et
1573 999 1934 1056 divinitatem.
1971 997 2049 1054 Da
2069 1000 2142 1053 eis

541 1113 636 1166 pro
663 1111 742 1148 me
768 1103 814 1148 et
836 1110 932 1165 pro
963 1103 1032 1162 te,
1062 1092 1112 1148 id
1139 1101 1244 1160 est,
1271 1107 1369 1162 pro
1395 1104 1505 1158 me,
1531 1092 1718 1162 ﬁdem,
1747 1102 1802 1148 et
1827 1107 1926 1162 pro
1947 1101 2023 1160 te,
2049 1107 2145 1146 ex-

549 1189 886 1245 cusationem
897 1228 909 1241 .
930 1187 1202 1242 Parvulas
1222 1187 1384 1241 intrat
1397 1187 1449 1240 in
1459 1201 1675 1258 regnum
1691 1185 1953 1249 caelorum,
1970 1185 2023 1240 id
2037 1195 2116 1240 est
2127 1225 2142 1250 ,

545 1296 651 1334 non
673 1289 836 1336 astate
861 1294 1078 1350 parvus,
1099 1279 1197 1335 sed
1215 1287 1396 1334 meme
1419 1293 1589 1348 purus
1619 1296 1631 1330 :
1659 1279 1804 1333 unde
1822 1280 1896 1334 ait
1919 1280 2145 1348 Aposto-

547 1373 650 1438 lus,
667 1372 849 1428 Estote
862 1372 1068 1441 paruuli
1087 1373 1142 1426 in
1167 1371 1389 1426 malitia.
1409 1371 1510 1436 Qui
1523 1371 1959 1426 scandalizarerit
1977 1383 2143 1424 unum

544 1487 609 1523 ea:
629 1469 736 1532 liis,
752 1451 932 1534 idest,
958 1468 1072 1522 sive
1087 1467 1285 1536 injuria
1302 1466 1590 1537 corporali,
1610 1465 1724 1521 sive
1743 1466 1794 1519 in
1819 1464 2143 1520 adversione

546 1563 688 1618 ﬁdei.
717 1562 1082 1634 Suspendatur
1096 1561 1256 1629 mola,
1275 1560 1328 1615 id
1343 1570 1451 1630 εει,
1468 1575 1596 1616 cura
1607 1604 1620 1628 ,
1647 1561 1764 1616 sive
1776 1559 2036 1614 circuitus
2050 1557 2142 1612 hu-

537 1657 626 1726 jus
646 1656 829 1711 smcnli
857 1675 868 1710 :
895 1657 952 1710 in
977 1657 1113 1710 colla
1136 1657 1272 1727 ejus,
1299 1656 1350 1710 in
1374 1656 1563 1711 labore
1583 1655 1771 1711 saeculi
1794 1654 2142 1726 :dimergatnr

2249 429 2456 484 infante
2489 437 2546 484 et
2585 429 2800 483 seniore
2829 441 2844 482 :
2875 424 3263 496 Paterfamilias
3291 421 3542 479 conduxit
3585 425 3873 496 aperarios

2247 520 2301 574 in
2330 521 2532 575 vineam
2581 535 2763 588 suam,
2811 517 2968 589 pater
3005 514 3260 572 Christus
3307 525 3392 572 est
3419 533 3434 574 :
3465 517 3643 589 prima
3687 533 3865 583 mane,

2246 611 2483 668 ostendit
2512 612 2724 666 initium
2766 609 2954 665 mundi
2988 627 3000 662 :
3035 609 3321 681 operarios,
3354 607 3596 664 cultores
3627 608 3868 664 manda-

2245 713 2426 759 torum
2457 704 2555 759 Dei
2587 722 2598 755 ε
2627 705 2794 769 uinea,
2823 701 2880 756 id
2913 709 3003 757 est
3031 699 3275 757 Ecclesia
3311 720 3325 756 :
3356 703 3411 755 in
3448 710 3646 758 vetere
3676 701 3865 767 vinea,

2246 800 2356 864 lex,
2390 800 2504 853 sive
2532 809 2805 869 synagoga
2837 815 2849 850 :
2879 797 3160 853 denarium
3189 796 3467 866 diurnum,
3487 796 3664 852 vitam
3690 807 3857 853 reter-

2245 907 2393 948 nam.
2426 890 2484 947 ln
2529 889 2675 958 foro,
2707 891 2761 946 id
2805 898 2910 956 est,
2957 889 3013 944 in
3043 887 3268 944 mundo.
3300 887 3481 944 Prima
3523 890 3664 944 hora
3712 890 3867 946 venit

2237 983 2378 1040 ‘Abel
2410 1000 2426 1040 :
2460 986 2617 1039 tertia
2651 985 2783 1038 hora
2810 983 2944 1047 Noe,
2975 990 3031 1038 et
3054 981 3155 1037 ﬁlii
3177 983 3297 1052 ejus
3323 1001 3336 1037 :
3363 995 3515 1039 sexta
3541 983 3680 1039 hora
3708 985 3864 1040 venit

2245 1077 2522 1134 Abraham
2561 1095 2574 1130 :
2605 1089 2748 1132 nona
2777 1075 2912 1130 hora
2941 1076 3327 1145 venitMoyses
3357 1084 3413 1131 et
3434 1075 3603 1131 David
3642 1096 3658 1132 :
3691 1079 3865 1133 unde-

2247 1173 2391 1228 cima
2419 1171 2553 1226 hora
2575 1172 2727 1226 venit
2747 1170 2978 1240 populus
3005 1170 3264 1237 gentium.
3292 1169 3412 1223 Alio
3453 1170 3613 1225 modo
3634 1213 3648 1235 ,
3679 1171 3860 1241 prima

2245 1265 2400 1331 hora,
2432 1264 2484 1318 id
2516 1273 2622 1332 εει,
2657 1264 2879 1317 iniantia
2930 1277 2944 1316 :
2988 1260 3224 1317 secunda
3263 1261 3395 1316 hora
3433 1262 3815 1318 adolescentia
3845 1280 3860 1316 :

2245 1367 2394 1414 sexta
2424 1360 2678 1428 juventus
2711 1375 2726 1411 :
2760 1372 2899 1411 nona
2929 1367 3180 1412 senectus
3213 1373 3226 1410 :
3261 1357 3539 1413 undecima
3572 1355 3862 1428 decrepita

2245 1465 2399 1509 tetas.
2425 1453 2774 1522 Quacumque
2796 1451 2926 1506 hora
2948 1465 3246 1507 conversus
3265 1452 3573 1522 ingemuerit
3597 1451 3773 1508 homo
3795 1468 3864 1508 ex

2255 1555 2371 1600 toto
2395 1545 2558 1600 corde
2578 1545 2769 1614 accipit
2796 1543 3075 1600 denarium
3099 1543 3367 1598 diurnum.
3395 1544 3524 1600 Sero
3542 1545 3766 1612 factum,
3802 1545 3860 1599 id

2243 1649 2349 1704 est,
2373 1639 2482 1692 ﬁne
2505 1639 2711 1694 mundi.
2737 1638 3271 1705 Procuratorvinete,
3293 1635 3565 1704 Christus;
3591 1640 3686 1710 qui
3707 1655 3864 1693 mnr-

542 1751 594 1804 in
635 1767 793 1813 mare,
826 1749 878 1804 id
905 1751 1069 1804 estin
1111 1749 1391 1803 saeculum.
1425 1747 1616 1802 Manus
1662 1757 1772 1813 tua,
1805 1747 1859 1802 id
1901 1757 2005 1813 est,
2039 1763 2135 1815 pa-

2244 1729 2797 1786 muraverunt-Judaei
2828 1739 2985 1798 sunt,
3017 1731 3260 1786 dicentes
3291 1728 3615 1786 Portarimus
3647 1730 3857 1804 pondus

543 1858 671 1897 rens
693 1853 816 1897 tuus
850 1859 863 1894 :
895 1840 1070 1912 pedes,
1103 1839 1155 1894 id
1199 1849 1305 1904 est,
1334 1839 1582 1894 minister
1616 1856 1629 1892 :
1675 1840 1876 1906 oculus,
1933 1839 1988 1893 id
2029 1846 2135 1906 est,

541 1939 834 2005 episcopus
871 1943 1019 2000 tuus,
1048 1941 1144 1987 aut
1171 1933 1449 1999 sacerdos,
1482 1947 1577 1988 seu
1618 1931 1812 1988 doctor
1848 1942 1904 1988 et
1929 1933 2136 1988 senior.

545 2029 657 2082 Ner
684 2027 1024 2082 contemnatis
1047 2040 1208 2080 unum
1237 2041 1304 2080 ea:
1333 2027 1432 2090 his,
1457 2041 1528 2081 ne
1555 2033 1750 2081 contra
1770 2041 1958 2081 eorum
1983 2027 2138 2082 inno-

539 2123 792 2178 centiam.
808 2122 937 2177 Ovis
955 2137 1079 2191 qute
1099 2123 1326 2185 erravit,
1350 2121 1589 2176 ostendit
1607 2121 1903 2176 humanum
1926 2137 2097 2192 genus
2121 2140 2133 2176 :

539 2224 745 2286 pastor,
772 2214 1022 2270 Christus
1039 2221 1122 2268 est
1139 2229 1153 2278 ;
1179 2226 1310 2268 oves
1330 2213 1536 2268 relicta:
1559 2212 1612 2266 in
1631 2213 1927 2274 montibus,
1952 2220 2138 2268 osten-

540 2309 616 2362 dit
645 2306 868 2361 ordines
889 2305 1230 2376 angelornm,
1264 2305 1353 2374 qui
1382 2305 1686 2360 consistunt
1715 2305 1768 2358 in
1800 2304 2136 2360 caelestibus.

611 2403 672 2457 Si
700 2401 983 2472 peccaverit
1013 2401 1176 2469 frater
1221 2409 1360 2462 tuus,
1406 2399 1610 2467 corripe
1661 2413 1775 2451 eum
1823 2401 1961 2452 inter
2007 2403 2055 2451 te
2089 2409 2138 2452 et

536 2497 749 2562 ipsum:
777 2504 840 2548 ut
867 2493 1107 2547 detectio
1133 2491 1340 2561 peccati
1367 2503 1476 2545 non
1503 2490 1617 2556 ﬁat,
1652 2499 1708 2546 et
1743 2489 2136 2558 improperium

537 2589 692 2643 fratri
725 2602 832 2642 non
864 2596 1150 2650 nascatur;
1185 2585 1270 2636 dic
1303 2582 1576 2650 Ecclesiw,
1613 2583 1664 2640 id
1695 2589 1803 2650 est,
1835 2595 2140 2654 congrega-

536 2686 672 2739 tioni
701 2682 977 2745 ﬁdelium;
1005 2678 1270 2743 ethnicus,
1303 2677 1357 2731 id
1384 2685 1492 2745 εει,
1541 2678 1782 2748 gentilis,
1814 2686 1869 2732 et
1896 2677 2139 2749 publica-

540 2793 639 2828 nus
668 2784 772 2841 est,
802 2774 894 2843 qui
925 2759 1146 2842 publice
1176 2777 1388 2841 peccat.
1437 2769 1557 2826 Non
1605 2768 1784 2842 imago
1831 2785 2019 2826 eorum
2066 2771 2139 2825 sit

541 2866 638 2920 tibi
668 2867 722 2919 in
746 2864 895 2929 odio,
927 2862 1027 2918 sed
1055 2875 1222 2932 opera
1259 2875 1474 2918 eorum.
1522 2863 1582 2918 Si
1631 2863 1735 2917 duo
1761 2863 2135 2926 consenserint,

541 2959 595 3012 id
626 2967 732 3023 est,
762 2970 890 3012 caro
915 2964 972 3012 et
1000 2956 1197 3009 anima.
1241 2953 1300 3011 Si
1333 2969 1465 3010 caro
1509 2955 1853 3012 consenserit
1893 2956 2088 3011 animae
2122 2973 2136 3011 :

539 3050 632 3123 qui
664 3049 817 3120 petit,
843 3063 938 3119 per
962 3047 1122 3103 ﬁdem
1155 3048 1385 3116 accepit.

2243 1823 2370 1891 diei,
2405 1823 2455 1877 id
2479 1832 2584 1889 est,
2617 1832 2892 1894 portantes
2918 1823 3094 1894 legem
3120 1832 3180 1879 et
3205 1823 3517 1894 prophetas.

2309 1914 2544 1982 Iericho,
2570 1919 2958 1988 interpretatur
2989 1915 3117 1970 luna
3140 1932 3158 1970 :
3184 1914 3448 1986 signiﬁcat
3479 1915 3842 1971 defeetiOnem

2243 2009 2449 2080 populi.
2503 2009 2619 2064 Duo
2647 2011 2776 2064 cteci
2824 2007 3132 2080 signiﬁcant
3160 2008 3386 2064 Judteos
3417 2018 3472 2064 et
3500 2019 3691 2079 gentes
3720 2025 3734 2073 ;
3769 2027 3852 2063 se-

2242 2105 2417 2160 dentes
2442 2120 2588 2159 secus
2617 2106 2773 2171 uiam,
2803 2105 2859 2159 id
2888 2111 2993 2170 est,
3040 2118 3283 2175 praesens
3307 2104 3419 2159 vita
3448 2104 3602 2174 juxta
3633 2103 3800 2160 tinem
3829 2121 3843 2159 :

2245 2199 2468 2251 transire
2491 2195 2692 2261 Iesum,
2722 2197 2776 2252 id
2805 2207 2913 2263 est,
2943 2211 3042 2268 per
3071 2197 3504 2252 incarnationem
3527 2203 3584 2252 et
3605 2195 3852 2252 humani-

2254 2299 2421 2347 tatem
2455 2292 2704 2346 transivit
2739 2306 2837 2361 per
2863 2290 3157 2357 mundum;
3190 2301 3336 2346 stare
3363 2289 3570 2356 Iesum,
3596 2289 3852 2344 divinita-

2241 2398 2353 2444 tem
2397 2389 2655 2444 ostendit.
2708 2379 2836 2442 Cum
2881 2388 3348 2460 appropinquasset
3384 2383 3745 2458 Jerosolyma,
3796 2384 3853 2440 id

2245 2491 2329 2536 est
2359 2523 2375 2547 ,
2405 2496 2529 2537 cum
2553 2477 2794 2536 venisset
2817 2482 2873 2534 in
2904 2481 3188 2534 mundum.
3221 2471 3500 2552 Bethl‘age,
3529 2478 3582 2534 id
3613 2487 3717 2544 est,
3754 2477 3852 2532 do-

2239 2590 2356 2628 mus
2377 2575 2567 2638 buccae,
2583 2574 2671 2629 vel
2700 2567 2964 2628 maxillae:
2986 2573 3136 2628 Mons
3161 2572 3381 2638 Oliveti,
3412 2573 3465 2628 id
3497 2579 3614 2639 est,
3643 2587 3846 2628 nomen

2246 2669 2407 2724 trium
2451 2668 2746 2733 luminum,
2793 2667 2846 2722 id
2875 2677 2992 2736 εει,
3026 2667 3254 2722 refectio
3282 2667 3510 2734 laboris,
3541 2665 3848 2722 consolatio

2242 2761 2445 2831 operis,
2479 2757 2668 2816 notitia
2699 2761 2812 2816 veri
2867 2759 3110 2815 luminis.
3154 2757 3440 2814 Castellum
3481 2760 3624 2830 quod
3673 2769 3850 2814 contra

2243 2870 2332 2909 vos
2360 2865 2458 2922 est,
2485 2854 2538 2910 id
2567 2864 2674 2921 εει,
2691 2854 3016 2921 Jerusalem,
3041 2871 3165 2926 qua:
3184 2864 3374 2911 contra
3401 2854 3577 2925 legem
3611 2853 3850 2926 Evange-

2244 2946 2300 3002 lii
2336 2945 2685 3018 repugnabat.
2714 2947 2910 3002 Solvite
2938 2958 2987 3002 et
3010 2947 3258 3001 adducite
3279 2946 3423 3012 mihi,
3451 2945 3701 3002 ostendit
3720 2961 3844 3002 con-

2249 3043 2558 3099 versionem
2598 3039 2933 3109 Judieorum,
2967 3043 3083 3099 sive
3123 3044 3385 3114 gentium,
3435 3059 3533 3110 per
3583 3040 3849 3113 praedica-

615 3142 802 3200 Sintilc
837 3151 910 3196 est
938 3155 1155 3212 regnum
1183 3140 1429 3194 calorum
1457 3129 1657 3194 nemini
1685 3141 1818 3212 regi,
1853 3140 1946 3211 qui
1977 3140 2138 3195 voluit
2164 3134 2211 3197 C
2243 3140 2449 3196 tionem
2477 3139 2868 3210 apostolorum.
2897 3138 3150 3194 Dominus
3195 3153 3320 3210 Opus
3370 3137 3538 3202 habet,
3564 3152 3679 3194 non
3708 3135 3848 3192 aliud

535 3240 792 3294 rationem
835 3250 1022 3304 ponere
1063 3249 1182 3288 cum
1225 3233 1380 3287 servis
1410 3233 1538 3285 suis.
1585 3232 1688 3298 Qui
1727 3232 1916 3287 decem
1965 3233 2135 3290 millia

543 3332 762 3397 talenta,
791 3337 878 3384 est
903 3328 993 3399 qui
1027 3333 1216 3397 peccat
1247 3325 1305 3380 in
1342 3324 1534 3380 Deum.
1577 3323 1682 3392 Qui
1720 3323 1883 3379 debet
1917 3334 2133 3380 centum

541 3425 820 3488 denarios,
862 3436 946 3480 est
984 3420 1077 3490 qui
1102 3417 1296 3489 peccat
1333 3419 1384 3472 in
1415 3416 1633 3473 fratrem
1664 3431 1850 3482 suam;
1881 3418 2136 3474 conservi

541 3518 631 3588 qui
658 3516 1053 3588 judicaverunt,
1087 3511 1263 3583 angeli
1288 3517 1441 3567 sunt.
1465 3508 1595 3565 Cum
1613 3522 2023 3567 consummasset
2045 3511 2137 3566 Je-

543 3629 629 3665 sus
656 3625 912 3664 sermones
945 3607 1096 3673 istos,
1133 3605 1385 3675 migravit
1426 3603 1494 3658 ad
1535 3601 1840 3673 Galilaaam,
1873 3603 1926 3660 id
1945 3616 2052 3672 est,
2079 3605 2136 3660 in

545 3705 654 3756 line
678 3699 890 3764 mundi,
921 3699 989 3751 de
1012 3695 1266 3766 gentibus
1293 3695 1359 3751 ad
1389 3694 1656 3751 Judaeum.

616 3793 882 3861 Relinquit
917 3789 1072 3844 hoino
1113 3798 1315 3860 patrem
1353 3799 1402 3843 et
1440 3798 1663 3844 matrem
1690 3806 1710 3845 :
1740 3791 1983 3847 ostendit
2009 3792 2136 3864 quia

545 3887 802 3957 relinquit
826 3883 1075 3940 Christus
1103 3882 1316 3937 Patrem
1351 3881 1403 3936 in
1432 3883 1610 3948 ctelo;
1641 3883 1720 3939 sic
1751 3893 1935 3940 tamen
1967 3887 2135 3941 relin-

543 3983 680 4053 quit,
712 3987 774 4034 ut
815 3991 921 4032 non
950 3975 1206 4030 deserat:
1247 3985 1498 4042 matrem,
1535 3976 1590 4031 id
1633 3986 1738 4043 εει,
1779 3993 2132 4051 syringogam.

544 4074 838 4131 Adhmrebit
861 4071 1012 4126 uxori
1035 4085 1165 4138 sum,
1191 4069 1242 4124 id
1261 4079 1366 4138 est,
1384 4070 1634 4127 Christus
1659 4073 1941 4130 Ecclesia.
1967 4073 2137 4130 Erunt

539 4174 645 4226 duo
667 4173 720 4224 in
756 4184 912 4222 carne
939 4181 1065 4232 una,
1106 4163 1346 4219 ostendit
1384 4167 1523 4234 quia
1549 4165 1799 4222 Christus
1842 4178 1926 4222 est
1953 4179 2136 4238 caput,

541 4279 740 4335 corpus
766 4276 898 4317 vero
931 4258 1197 4314 Ecclesia.
1223 4257 1375 4313 Uxor
1415 4258 1688 4315 deseritur
1717 4276 1749 4316 a
1781 4262 1919 4330 viro,
1950 4261 2005 4316 id
2032 4274 2134 4328 εει,

541 4372 663 4412 cum
701 4351 1015 4409 discesserit
1054 4350 1175 4420 quis
1219 4365 1248 4403 a
1288 4349 1532 4418 Christo,
1577 4362 1706 4408 tunc
1755 4353 2035 4425 conjungit
2078 4372 2139 4413 se

542 4447 736 4504 lizeresi
782 4447 834 4500 in
877 4459 985 4498 uno
1024 4442 1250 4498 scelere.
1281 4439 1526 4508 Quatuor
1564 4446 1759 4500 animus
1795 4457 2052 4516 pereunt,
2085 4450 2136 4505 id

2242 3235 2345 3290 nisi
2382 3234 2542 3290 ﬁdem
2576 3254 2588 3287 :
2616 3234 2682 3289 ad
2710 3233 2865 3299 Sion,
2909 3234 2959 3288 id
2987 3243 3094 3302 est,
3129 3231 3336 3306 specula
3365 3247 3386 3286 :
3407 3231 3526 3286 vita:
3559 3233 3676 3302 ﬁlia
3699 3229 3847 3300 Sion,

2241 3331 2293 3385 id
2327 3338 2430 3396 est,
2463 3331 2814 3401 congregatio
2835 3329 3112 3384 fidelium:
3147 3344 3242 3398 per
3269 3325 3623 3396 vesﬁmenta,
3657 3335 3846 3383 osten-

2239 3423 2319 3480 dit
2345 3424 2644 3480 doctrinam
2678 3443 2690 3479 :
2739 3426 2970 3495 fecerunt
2997 3441 3112 3478 eum
3160 3423 3381 3495 desuper
3409 3423 3614 3487 sedere,
3662 3422 3715 3478 id
3744 3431 3841 3488 est,

2239 3514 2491 3570 Christus
2530 3516 2582 3571 in
2611 3516 2774 3571 corda
2826 3517 3110 3581 ﬁdelium;
3144 3523 3433 3569 straverunt
3471 3515 3768 3569 vestimenta
3791 3514 3845 3567 in

2242 3609 2345 3674 via,
2372 3609 2791 3664 conversionem
2818 3607 3138 3663 humilitatis
3158 3605 3419 3662 ostendit.
3447 3606 3642 3660 Ramos
3669 3605 3732 3660 de
3759 3621 3845 3659 ar-

2239 3702 2466 3770 boribus,
2501 3701 2554 3756 id
2585 3711 2687 3770 est,
2717 3701 2966 3757 doctrina
2988 3701 3265 3772 gentium:
3295 3699 3452 3754 turba
3479 3715 3602 3769 qua:
3636 3711 3844 3770 praece-

2243 3796 2345 3866 dit,
2375 3797 2613 3853 ostendit
2641 3797 2901 3853 Iudaeos:
2934 3797 3089 3852 turba
3121 3805 3380 3867 sequens,
3413 3792 3686 3864 signiﬁcat
3709 3807 3842 3864 gen-

2250 3901 2354 3949 tes.
2385 3892 2620 3962 Osanna,
2668 3893 2886 3948 salvom
2926 3905 3014 3946 me
3042 3888 3146 3956 fac,
3187 3889 3302 3944 sive
3351 3886 3595 3943 salviﬁca
3643 3906 3660 3941 :
3707 3887 3846 3941 sicut

2245 3987 2425 4042 salvas
2453 3986 2706 4055 Iudaeos,
2749 3987 2893 4042 salva
2922 3995 2976 4042 et
3004 3991 3194 4056 gentes
3228 3999 3243 4038 ε
3285 3983 3427 4039 sicut
3465 3981 3646 4037 salvas
3687 3993 3845 4050 ange-

2245 4080 2348 4145 los,
2378 4080 2529 4136 salva
2562 4081 2856 4133 humanum
2888 4086 3079 4148 genus.
3125 4075 3302 4130 Aliter
3345 4089 3515 4128 ramos
3541 4072 3607 4128 de
3648 4071 3845 4127 arbori-

2241 4170 2353 4236 bus,
2395 4171 2449 4225 id
2491 4180 2600 4238 est,
2637 4171 2914 4241 simplices
2943 4170 3217 4234 ductet-es,
3249 4167 3342 4238 qui
3391 4183 3488 4238 per
3515 4164 3842 4237 simplicita-

2213 4273 2350 4320 tem
2385 4265 2684 4321 doctrinam
2732 4272 2942 4334 patrum
2992 4262 3144 4334 quasi
3193 4259 3447 4318 surculos
3492 4256 3843 4314 abscindunt.

2239 4355 2463 4411 Intrauit
2489 4357 2643 4412 Iesus
2671 4359 2724 4411 in
2751 4356 3016 4429 teinplum,
3049 4355 3103 4411 id
3131 4361 3235 4420 est,
3267 4354 3318 4409 in
3347 4353 3675 4420 Ecclesiam,
3708 4348 3841 4422 Eje-

2241 4450 2310 4502 cit
2347 4449 2616 4504 uendentes
2653 4459 2700 4505 et
2728 4457 2967 4513 ementes,
3018 4449 3073 4504 id
3116 4459 3223 4516 est,
3267 4449 3360 4519 qui
3407 4447 3547 4502 dona
3597 4445 3834 4517 Spiritus

535 4553 647 4605 est,
675 4538 766 4610 qui
791 4535 1015 4593 dimittit
1039 4549 1266 4589 uxorem
1294 4551 1446 4590 suam
1472 4544 1628 4592 extra
1655 4539 1945 4608 rationem,
1975 4551 2030 4596 et
2048 4543 2141 4612 qui
2167 4541 2217 4603 Ι)
2245 4543 2420 4597 sancti
2449 4544 2690 4598 vendunt
2712 4550 2767 4598 et
2790 4552 2996 4609 emunt,
3027 4543 3119 4609 qui
3161 4541 3493 4613 baptismum
3529 4540 3620 4596 vel
3651 4553 3842 4611 quam-

544 4632 820 4688 dimissam
843 4629 1011 4684 ducit.
1039 4624 1260 4697 Diﬂicile
1291 4627 1428 4681 diues
1450 4628 1688 4697 intrabit,
1725 4638 1781 4683 et
1806 4630 2012 4703 reliqua
2042 4634 2141 4690 :de

547 4728 628 4782 his
659 4724 792 4780 dicit
820 4720 913 4792 qui
951 4720 1052 4776 sub
1096 4719 1324 4776 avaritia
1371 4718 1681 4789 possident;
1720 4724 1954 4792 foramen
1993 4741 2138 4795 acus,

547 4815 824 4882 posterula
841 4812 1143 4870 Jerusalem
1165 4811 1382 4866 dicitur.
1408 4810 1707 4868 Aliomodo
1724 4813 1971 4871 foramen
1985 4834 2137 4887 acus,

540 4909 809 4964 confessio
833 4905 986 4973 ﬁdei,
1025 4905 1108 4959 vel
1137 4903 1504 4974 paenitentia:
1532 4904 1730 4962 divites
1751 4906 1922 4966 Judaei
1947 4910 2141 4967 dicun-

545 5016 630 5058 tur
673 4999 957 5056 :cameltts
989 4997 1218 5068 populus
1257 4998 1520 5068 gentium.
1568 4997 1754 5055 Tertio
1786 5001 1952 5056 modo
1999 5004 2140 5060 tora-

545 5114 666 5152 mon
696 5109 848 5159 acus,
876 5093 1113 5154 ostendit
1157 5090 1463 5162 passionem
1504 5092 1703 5156 Christi
1735 5113 1750 5153 :
1777 5097 2045 5167 euinctus,
2084 5099 2137 5153 id

541 5201 647 5257 est,
677 5189 767 5260 qui
802 5195 980 5256 portat
1009 5196 1258 5256 pecccata
1299 5187 1519 5254 generis
1559 5187 1806 5246 humani.
1837 5188 1907 5246 In
1933 5209 2139 5265 regene-

545 5286 764 5344 i-atione,
799 5278 852 5334 id
882 5286 987 5345 est,
1019 5293 1116 5347 per
1143 5278 1624 5334 resurrectionem.

611 5376 782 5434 Erunt
808 5371 1069 5427 novissimi
1106 5371 1259 5442 primi
1284 5379 1371 5426 εει
1410 5373 1566 5443 primi
1606 5375 1894 5433 novissimi.
1935 5376 2134 5434 Novis-

536 5470 664 5526 simi
692 5468 914 5522 fuerunt
940 5463 1172 5537 populus
1190 5463 1473 5535 gentium;
1500 5463 1676 5522 Judzei
1705 5466 1929 5527 fuerunt
1954 5471 2135 5540 primi,

610 5693 909 5747 ﬁFortasse
943 5691 1311 5760 coronarium,
1361 5703 1556 5758 nempe
1595 5704 1785 5746 aurum
1820 5710 1834 5747 :
1863 5692 2014 5760 quod
2045 5693 2141 5748 tri-

536 5767 729 5827 butum
758 5761 1192 5833 imperatoribus,
1243 5758 1360 5818 sive
1405 5761 1808 5835 magistratibus
1851 5758 2141 5826 Romae“

2242 4653 2475 4710 cumque
2516 4638 2902 4695 sacrationem.
2949 4639 3251 4704 Catliedra,
3297 4637 3352 4693 id
3391 4646 3496 4706 est,
3553 4634 3839 4691 doctrina:

2241 4747 2452 4798 mensa,
2505 4732 2558 4788 id
2599 4742 2704 4800 est,
2753 4734 3004 4789 mandata
3034 4735 3170 4806 legis
3207 4751 3221 4788 :
3267 4751 3451 4803 pueros
3481 4732 3763 4787 clamantes
3789 4727 3842 4781 in

2243 4827 2454 4895 templo,
2485 4826 2538 4881 id
2568 4835 2683 4894 est,
2715 4828 2770 4881 in
2810 4828 3072 4883 Ecclesia.
3121 4826 3338 4882 Relictis
3363 4825 3496 4891 illis,
3521 4823 3648 4878 abiit
3679 4823 3837 4896 {oi-as,

2241 4917 2482 4974 ostendit
2510 4919 2731 4974 relictos
2766 4918 2983 4975 ludaeos
3018 4937 3032 4974 :
3075 4919 3207 4974 abiit
3229 4918 3296 4973 ad
3323 4925 3534 4989 gentes.
3565 4907 3839 4973 Bethania.

2249 5010 2304 5065 id
2353 5021 2457 5077 est,
2507 5011 2689 5065 domus
2731 5011 2990 5066 obediens.
3036 5009 3120 5064 Ibi
3148 5010 3363 5075 mansit,
3405 5007 3642 5063 ostendit
3687 5001 3843 5059 Chri-

2247 5113 2392 5156 stum
2424 5104 2479 5156 in
2527 5103 2694 5158 corde
2739 5099 3110 5159 obedientium
3153 5113 3417 5156 manere:
3466 5097 3757 5155 revertitur
3787 5093 3841 5146 in

2245 5194 2548 5259 civitatem,
2577 5195 2820 5250 ostendit
2843 5196 2900 5250 in
2931 5194 3106 5265 primo
3129 5194 3362 5250 adventu
3392 5193 3608 5248 venisse
3651 5187 3719 5242 ad
3747 5184 3840 5240 Ju—

2246 5289 2418 5344 dzeos.
2443 5287 2582 5353 Quid
2612 5290 2804 5343 esuriit
2828 5289 2932 5342 nisi
2958 5289 3116 5344 ﬁdem
3145 5287 3494 5344 iudicarunt?
3524 5284 3702 5341 Arbor
3732 5279 3835 5345 ﬁci,

2246 5379 2300 5435 id
2328 5387 2433 5444 est,
2476 5391 2751 5450 synagoga
2792 5396 2806 5431 :
2837 5395 2990 5433 secus
3027 5381 3181 5445 viam,
3220 5379 3372 5450 juxta
3400 5377 3658 5433 litteram.
3692 5367 3838 5429 Nihil

2245 5469 2439 5524 invenit
2479 5469 2536 5522 in
2566 5485 2646 5536 ea,
2701 5470 2802 5523 nisi
2834 5469 2980 5540 folia,
3027 5473 3078 5526 id
3123 5472 3227 5541 est,
3275 5470 3717 5526 substitutionem
3745 5463 3837 5522 Ju-

2251 5703 2372 5769 ru‘m
2397 5683 2696 5769 provincia:
2725 5682 3050 5769 pendebant.
3236 5682 3498 5769 hariqhtri
3523 5701 3634 5744 non
3659 5686 3831 5743 vacat.

2244 5758 2478 5824 Interius
2505 5755 2686 5830 plura,
2714 5767 2838 5828 qua
2855 5763 2972 5815 tuto
2999 5755 3174 5828 licuit,
3202 5755 3589 5818 emendantur.
