4050 6198
788 290 1151 353 exnosmo
1188 290 1520 365 ousruon
1561 264 2121 350 EVANGELIORUM.
2166 290 2589 351 narremus.
2632 289 2642 299 ‘

3247 292 3353 350 558

232 427 346 481 rum,
373 400 422 469 et
444 406 807 470 doctrinarum
833 420 1201 481 paternarum.
1227 412 1478 470 Aret‘acta
1505 409 1655 468 ﬁcul-
1679 407 1737 472 Α
1759 419 1865 478 est,
1900 390 2165 469 ’Cbristo:
2197 413 2359 467 donec
2402 429 2597 482 ponam
2642 413 2873 469 inimicos
2920 420 3033 469 tuos
3070 398 3355 467 sc‘abellum

276 504 493 562 ostendit
526 520 852 577 synagogam
892 505 1010 561 sine
1037 504 1379 577 ptenitentia.
1412 506 1586 576 Mens,
1607 503 1661 561 id
1764 505 1957 577 pedum
2000 514 2229 577 tuorum,
2276 506 2513 562 ostendit
2540 505 2667 578 quia
2697 506 3057 579 humiliavitzl
3070 506 3269 573 udazos,
3302 514 3359 561 et

234 597 476 657 Christus.
507 597 700 654 Tollite
725 598 865 667 hinc,
902 597 958 655 id
991 609 1094 669 est,
1124 599 1324 657 Iudaeis
1348 616 1364 669 ;
1385 600 1583 671 jactate
1607 598 1663 655 in
1764 607 1956 670 gentes
1984 614 2079 671 per
2108 598 2420 671 patientiam
2450 600 2553 656 sub
2587 599 2815 671 pedibus
2856 600 2992 685 ejus,
3023 609 3081 656 ut
3118 615 3213 673 per
3236 600 3360 655 vin-

232 710 259 761 e,
294 694 338 748 id
369 705 461 760 est,
506 686 558 749 in
584 694 754 751 corda
783 694 1133 751 credentium.

231 802 333 840 omo
354 788 434 858 qui
461 785 676 841 habebat
706 788 837 843 duos
857 787 997 858 ﬁlios
1026 804 1045 842 :
1072 787 1235 844 homo
1260 786 1509 846 Christus
1537 795 1663 869 est:

248 877 395 948 ﬁlios,
419 878 634 937 Iudaeos
664 891 718 936 et
752 888 965 952 gentes.
1004 879 1131 948 Quis
1157 898 1221 937 ea:
1248 883 1318 937 eis
1347 881 1466 953 fecit
1488 880 1668 939 uolun-

231 988 252 1025 't
278 969 462 1041 Patris,
483 972 571 1045 qui
611 972 746 1029 dixit
786 990 865 1043 eo,
899 966 947 1029 et
980 992 1083 1029 non
1109 968 1270 1045 fecit?
1309 976 1550 1031 ostendit
1574 977 1670 1032 Ju-

231 1074 342 1119 szet
361 1066 441 1138 qui
470 1066 600 1122 dixit
627 1084 731 1122 non
774 1083 854 1131 eo,
882 1075 929 1120 et
956 1067 1122 1137 fecit?
1146 1066 1381 1123 ostendit
1407 1066 1668 1137 papulum

231 1154 326 1212 ium
353 1159 436 1231 qui
466 1159 593 1216 fecit
622 1174 717 1229 per
742 1156 1140 1215 confessionem
1173 1148 1317 1213 ﬁdei.
1350 1155 1669 1230 Paterfami-

232 1251 447 1306 ilantavit
478 1253 677 1305 vincant
718 1268 735 1305 :
767 1250 933 1306 homo
962 1240 1104 1306 Deus
1126 1249 1287 1305 Pater
1317 1261 1399 1307 est
1435 1269 1451 1307 :
1490 1250 1663 1319 vinea,

231 1362 374 1415 goga.
404 1346 531 1415 Sepe
553 1345 912 1411 circumdedit,
966 1336 1019 1401 id
1046 1354 1146 1411 est,
1178 1340 1421 1400 custodia
1449 1346 1669 1417 angelo-

263 1435 523 1507 Torcular,
568 1437 622 1493 id
654 1446 760 1505 est,
805 1436 1065 1508 templum
1096 1436 1449 1509 martyrium;
1480 1448 1670 1493 turrem

232 1529 347 1593 ’dio,
363 1520 907 1587 ostenditdoctrinam
931 1530 1090 1603 Legis
1112 1526 1397 1603 :agricola,
1418 1530 1671 1588 doctores

278 1623 397 1679 Cum
441 1631 606 1678 autem
652 1636 849 1697 tempus
893 1624 1046 1696 fructi
1093 1626 1576 1697 appr-Opittquasset,
1620 1624 1674 1680 id

235 1720 486 1774 adventus
529 1716 763 1785 Christi;
792 1719 923 1773 serui
955 1718 1132 1789 missi,
1176 1718 1459 1789 propheta:
1503 1726 1677 1774 sunt:

1767 691 1968 748 dictam
2014 694 2306 763 puniantur
2336 702 2714 765 persecutores
2752 702 2808 751 et
2844 693 2902 749 in
2944 692 3142 749 futuro.
3194 692 3364 763 Super

1769 786 2070 841 cathedram
2119 774 2312 861 Moysi,
2357 786 2412 843 id
2458 797 2562 854 est,
2608 803 2773 861 super
2817 786 3117 844 doctrinam
3154 785 3364 857 ipsius;

1771 878 2132 951 pbylacteria,
2177 880 2229 936 id
2256 890 2361 950 est,
2397 897 2429 935 χ
2469 881 2638 937 verba
2666 879 2829 954 Legis
2867 880 2925 937 in
2954 879 3200 938 chartula
3238 894 3371 937 con-

1770 974 1968 1042 scripta
1998 981 2276 1044 portantes
2305 973 2561 1045 pharisazi
2592 975 2646 1031 in
2678 974 2877 1033 fronte.

1842 1064 2157 1130 Jerusalem,
2183 1066 2475 1123 Jerusalem
2503 1086 2521 1122 :
2542 1068 2826 1140 geminans
2853 1067 3091 1125 ostendit
3120 1066 3371 1124 affectum

1771 1146 2023 1212 doloris?
2050 1159 2181 1210 sicut
2214 1158 2410 1231 gallina
2435 1170 2714 1232 congregat
2742 1160 2917 1233 pullos
2950 1148 3042 1216 sub
3074 1160 3186 1215 alas
3226 1146 3372 1227 Suus,

1771 1247 1827 1303 in
1854 1248 2013 1317 Spiris
2036 1248 2235 1318 pinnis,
2270 1250 2321 1305 id
2346 1258 2451 1315 est,
2475 1251 2770 1307 sublevalis
2799 1253 2923 1320 alis,
2953 1253 3024 1308 ita
3048 1260 3101 1308 et
3123 1250 3374 1307 Christus

1773 1341 2031 1413 expandit
2059 1342 2267 1413 palmas
2293 1344 2345 1398 in
2374 1328 2557 1414 cruce,
2587 1354 2647 1400 ut
2673 1357 3033 1417 congregaret
3056 1346 3198 1402 ﬁlios
3225 1363 3373 1411 suos,

1772 1434 1917 1493 sicut
1946 1436 2218 1491 canticum
2255 1435 2661 1493 Deuteronomii
2693 1438 2889 1494 asserit
2920 1458 2932 1493 :
2974 1436 3241 1511 Expandil
3266 1441 3378 1493 alas

1777 1542 1925 1593 suas,
1949 1535 1996 1581 et
2022 1527 2303 1598 assumpsit
2328 1543 2413 1583 eos
2438 1545 2592 1599 super
2616 1527 2860 1598 scapulas
2884 1547 3026 1583 suas.
3063 1518 3195 1584 Ecce
3222 1532 3381 1584 relin~
3466 1529 3475 1538 ’

1779 1628 1964 1689 quetur
1991 1620 2175 1674 dmnus
2206 1630 2373 1675 vestra
2412 1622 2635 1687 deserta,
2679 1618 2926 1677 ostendit
2964 1621 3088 1692 quia
3137 1620 3385 1677 derelicti

1781 1725 1905 1769 sunt
1935 1730 1963 1767 a
1996 1716 2113 1785 lege
2138 1728 2238 1769 sua
2266 1722 2318 1770 et
2348 1730 2377 1769 a
2406 1715 2716 1786 prophetia,
2752 1725 2806 1770 et
2830 1731 2857 1769 a
2893 1706 3221 1771 sacerdotio.
3260 1712 3383 1769 Non

232 1828 247 1865 ι
290 1813 513 1881 primum
554 1811 893 1877 occiderunt,
937 1820 1021 1867 est
1065 1810 1330 1867 Jeremias
1376 1823 1431 1867 et
1453 1809 1621 1867 Isaias
1653 1830 1667 1867 ;
1697 1811 1749 1875 Β
1776 1796 1855 1860 me
1891 1800 2121 1861 videbitis
2149 1807 2312 1862 donec
2342 1806 2563 1861 dicatis:
2587 1806 2898 1863 Benedictus
2928 1808 3018 1879 qui
3042 1808 3182 1863 venit
3204 1800 3259 1861 in
3288 1794 3384 1863 rio-

234 1922 248 1958 ι
278 1903 664 1973 lapidaverunt,
696 1913 723 1943 ⁸
750 1910 833 1960 est
860 1903 1192 1975 Stephanus.
1243 1901 1529 1977 Ejecerunt
1558 1922 1677 1959 eum

232 1998 473 2063 :vincam,
526 1997 579 2053 id
609 2005 714 2066 est,
757 1996 1081 2066 Jerusalem,
1126 1998 1180 2053 in
1222 1996 1458 2053 montem
1489 1995 1678 2077 Calva-

264 2086 356 2145 ηερ
393 2091 567 2156 vinea,
619 2094 673 2145 et
713 2084 803 2146 alii
837 2090 1049 2161 coloni,
1094 2086 1335 2147 ostendit
1380 2091 1681 2148 Ecclesiam

232 2183 351 2249 funi,
386 2185 475 2256 qui
502 2183 737 2241 reddunt
766 2183 1023 2252 fructum,
1066 2184 1121 2241 id
1147 2186 1251 2253 eSt,
1284 2180 1680 2243 c0nl'essionem

243 2276 417 2331 tentia:
445 2287 496 2332 et
529 2276 676 2333 ﬁdei.
719 2262 900 2347 Lapis,
938 2278 1124 2345 idest,
1172 2274 1420 2334 Christus
1448 2297 1461 2334 :
1489 2281 1681 2335 scissus

234 2379 347 2423 ante
366 2372 474 2424 sine
497 2372 753 2437 manibus,
784 2371 835 2425 id
866 2380 968 2441 est,
993 2373 1109 2427 sine
1136 2382 1260 2427 actu
1288 2368 1455 2439 virili,
1480 2382 1532 2427 et
1554 2387 1684 2426 cou—

232 2472 273 2516 tu
310 2454 423 2519 :de
455 2452 625 2517 matre
660 2462 779 2518 sine
812 2463 1042 2529 semine,
1090 2464 1158 2519 de
1207 2450 1360 2534 patre
1400 2462 1518 2519 sine
1549 2466 1685 2519 tem-

232 2595 243 2607 .
275 2551 464 2608 Factus
492 2555 543 2608 in
575 2562 729 2626 caput
757 2554 961 2627 anguli,
988 2552 1235 2611 continet
1256 2556 1393 2611 duos
1424 2557 1678 2626 parietes,

232 2646 327 2700 tdit
368 2656 568 2702 novum
617 2658 669 2703 et
714 2658 869 2704 vetus
918 2647 1348 2713 Testamentum,
1380 2648 1599 2705 Iudaeos
1628 2661 1685 2705 et

232 2754 296 2794 es.
337 2741 435 2807 Qui
461 2743 695 2797 ceciderit
728 2758 878 2815 super
910 2742 1162 2814 lapidem,
1198 2744 1575 2818 confringetur,
1607 2746 1683 2800 si-

232 2840 311 2887 cut
349 2841 538 2903 gentes
581 2851 745 2906 super
787 2834 1094 2906 Christum,
1131 2837 1201 2893 de
1250 2838 1569 2894 inﬁdelitate
1615 2838 1685 2893 ad

232 2941 274 2995 1,
309 2927 677 2999 confringetur
707 2944 892 3000 super,
940 2930 994 2987 id
1042 2938 1146 3000 est,
1194 2932 1250 2988 in
1294 2932 1682 2988 humilitatem.

234 3030 261 3071 γ
279 3034 429 3090 quem
452 3038 568 3076 vero
592 3022 827 3078 ceciderit
859 3023 1014 3095 lapis,
1040 3033 1262 3080 conteret
1289 3043 1425 3097 eum,
1450 3024 1688 3083 ostendit

232 3129 309 3167 ros
342 3114 771 3185 superstitiosos.

1780 1901 1917 1954 mine
1962 1899 2185 1967 Domini,
2233 1900 2470 1955 ostendit
2499 1901 2626 1968 quia
2659 1901 2711 1955 in
2740 1900 2980 1957 secundo
3010 1902 3271 1969 adventu,
3305 1903 3385 1955 vi-

1782 1984 1919 2047 debit
1950 2010 2065 2047 eum
2093 1994 2261 2047 omnis
2290 2010 2433 2060 caro,
2474 2002 2521 2047 et
2547 1993 2790 2065 plangenl
2816 1996 2969 2063 super
2996 2013 3051 2049 se
3082 1998 3259 2051 omnes
3292 1998 3386 2049 tri-

1784 2076 1877 2165 bus
1909 2084 2058 2140 terrm
2082 2084 2171 2157 qui
2208 2080 2541 2158 pupugerunt
2578 2102 2714 2139 eum.
2775 2084 2899 2140 Non
2942 2084 3261 2158 relinquetur
3306 2087 3389 2142 hic

1784 2172 1921 2253 lapis
1964 2197 2120 2252 super
2160 2180 2414 2253 lapidem,
2456 2182 2698 2237 ostendit
2728 2181 3124 2255 dispersionem
3170 2176 3389 2239 Iudaeo-

1782 2270 1926 2331 rum.
1961 2272 2108 2329 Tunc
2138 2274 2634 2355 scartdalisabuntur
2660 2278 2839 2345 multi,
2872 2279 3111 2335 ostendit
3140 2281 3264 2351 quia
3293 2264 3386 2349 per

1784 2362 2218 2439 magnitudinem
2287 2370 2681 2439 perseeutiOnis
2753 2373 3027 2441 negabunt
3082 2362 3387 2429 Christum.

1788 2452 2141 2528 Abominatio,
2174 2464 2413 2518 ostendit
2457 2474 2687 2519 statuam
2722 2465 3026 2521 antichristi
3072 2465 3301 2537 positam
3338 2467 3392 2521 in

1787 2557 1993 2626 templo
2032 2575 2046 2613 :
2088 2556 2365 2625 desolatio,
2397 2556 2449 2613 id
2478 2567 2583 2624 est,
2614 2561 3028 2615 consummatio.
3063 2559 3165 2626 Qui
3192 2570 3313 2615 sunt
3338 2563 3392 2613 in

1787 2648 1999 2719 Judrea,
2025 2652 2074 2706 id
2110 2663 2211 2718 est,
2247 2652 2299 2706 in
2330 2651 2674 2708 confessione
2704 2650 2848 2707 ﬁdei.
2897 2650 3127 2726 Fugiunt
3157 2654 3226 2708 ad
3248 2671 3396 2709 mon-

1790 2752 1885 2811 tes,
1916 2740 1971 2799 id
2000 2754 2101 2810 est,
2132 2744 2200 2799 ad
2231 2743 2534 2799 doctrinam
2561 2744 2929 2815 apostolorum
2963 2762 2977 2802 :
3026 2747 3116 2817 qui
3140 2747 3193 2800 in
3231 2740 3386 2811 tecto,

1790 2838 1845 2895 id
1878 2852 1979 2904 est,
2014 2839 2065 2895 in
2098 2841 2519 2909 contemplativa
2551 2842 2654 2895 vita
2702 2860 2714 2896 :
2766 2858 2867 2896 non
2907 2840 3187 2897 descendat
3220 2844 3272 2897 in
3296 2834 3394 2898 do-

1792 2951 1952 2999 mum,
1980 2930 2030 2989 id
2058 2944 2161 3001 est,
2188 2935 2239 2989 in
2272 2936 2441 2989 activa
2467 2931 2575 2989 vita
2616 2953 2628 2987 :
2662 2936 2715 2988 in
2747 2952 2894 3008 agro,
2932 2926 2985 2990 id
3029 2948 3133 3005 eSI,
3168 2935 3221 2991 in
3255 2952 3398 3008 pra:-

1793 3024 2067 3080 dicatione
2101 3024 2375 3097 Evangelii
2413 3044 2425 3078 :
2450 3043 2553 3079 non
2584 3024 2734 3080 tollat
2763 3024 2993 3079 tunicam
3016 3044 3185 3094 suam,
3214 3026 3267 3082 id
3290 3022 3396 3096 est,

1796 3135 1901 3175 non
1951 3116 2255 3173 revertatur
2282 3106 2348 3173 ad
2382 3119 2666 3190 pristinam
2715 3112 3191 3175 conversatiOnem
3224 3137 3399 3177 suam.

232 3222 333 3259 uno
362 3212 459 3260 rex
492 3208 583 3277 qui
624 3208 741 3277 fecit
781 3206 981 3278 nuptias
1023 3208 1135 3281 ﬁlio
1186 3206 1302 3266 suo.
1346 3186 1518 3267 lfomo
1549 3212 1690 3267 Deus
1721 3196 1777 3269 Ci
1875 3209 1968 3265 Va:
1987 3206 2394 3282 prtegnantibus,
2420 3211 2470 3265 id
2498 3221 2602 3275 est,
2623 3206 3135 3279 concupiscentibus
3160 3216 3248 3265 res
3269 3210 3400 3267 alie-

232 3316 255 3353 r
286 3310 369 3354 est
403 3316 416 3353 :
452 3316 551 3369 per
594 3301 812 3372 nuptias
840 3304 1075 3358 ostendit
1096 3306 1495 3377 copulationem
1524 3302 1689 3363 Chri-

232 3404 238 3446 ί
265 3394 547 3450 Ecclesize.
584 3394 732 3451 Sicut
764 3394 876 3451 Eva
907 3412 978 3453 ex
1009 3409 1158 3454 costa
1197 3396 1361 3468 Adm,
1394 3401 1471 3456 sic
1501 3401 1691 3457 Eccle-

232 3504 264 3541 x
299 3490 474 3543 latere
506 3470 707 3545 Christi
736 3488 1008 3562 redempta
1039 3501 1123 3548 est
1162 3510 1176 3548 :
1230 3503 1283 3548 et
1313 3492 1454 3549 sicut
1485 3510 1548 3550 ex
1577 3482 1691 3559 vir-

250 3590 396 3636 terra
430 3584 697 3653 prorcssit
733 3582 902 3639 Adam
952 3601 966 3638 :
1016 3585 1086 3640 ita
1117 3596 1170 3641 et
1198 3585 1446 3645 Christus
1476 3604 1539 3643 ex
1580 3586 1693 3643 vir-

250 3677 418 3731 Mat‘ia
456 3684 631 3731 natus.
666 3664 811 3731 Misit
852 3694 1021 3732 seruos
1049 3696 1192 3749 suos,
1227 3676 1278 3735 id
1320 3676 1427 3751 est,
1460 3678 1691 3751 patriar-

244 3787 258 3836 ;
295 3772 487 3824 iterant
516 3762 651 3824 inisit
684 3766 834 3839 alios,
863 3772 915 3827 id
933 3783 1034 3843 est,
1059 3773 1369 3846 prophetas.
1394 3772 1692 3830 Prandium

232 3876 348 3932 Tum,
386 3865 439 3920 id
474 3874 584 3931 est,
618 3866 952 3937 Scripturam
999 3877 1285 3935 sanctam;
1333 3870 1471 3923 tauri
1509 3870 1689 3939 occisi,

232 3962 330 4016 adit
354 3956 451 4030 qui
480 3978 575 4031 pro
594 3959 811 4017 Christo
834 3960 1153 4032 sanguinem
1173 3954 1429 4016 fuderunt
1456 3982 1468 4017 :
1493 3960 1687 4029 altilia,

231 4064 269 4124 t,
305 4057 573 4125 saginata.
627 4057 871 4111 Abieruut
901 4057 953 4109 in
983 4055 1185 4124 villam,
1239 4054 1290 4112 id
1322 4068 1425 4123 est,
1456 4057 1513 4112 in
1542 4058 1694 4127 cupi-

232 4166 304 4203 3m
339 4170 350 4202 :
380 4138 474 4204 alii
496 4151 548 4205 in
573 4151 993 4222 negotiationem,
1022 4148 1074 4205 id
1100 4158 1204 4220 est,
1230 4151 1281 4205 in
1306 4149 1529 4218 mundo,
1553 4151 1697 4208 sicut.

240 4243 495 4312 postolus
522 4262 532 4297 :
566 4241 732 4298 Nemo
762 4245 989 4299 militans
1032 4244 1160 4310 Deo,
1197 4243 1426 4313 implicat
1456 4263 1507 4300 se
1538 4262 1692 4316 nego-

232 4336 559 4407 vcularibus,
590 4348 643 4391 ut
669 4338 869 4408 placeat
897 4340 963 4404 ei,
998 4341 1081 4393 cui
1121 4356 1175 4394 se
1201 4341 1449 4410 probarit.
1484 4332 1694 4413 ReliQui

239 4440 365 4481 runt
400 4446 576 4484 servos
608 4432 737 4502 ejus,
773 4428 1007 4486 ostendit
1050 4431 1307 4501 impetum
1359 4420 1693 4502 persecutio-

232 4522 314 4575 ;lit
360 4523 526 4577 servis
564 4523 690 4589 suis,
726 4523 778 4578 id
804 4533 911 4593 est,
953 4524 1230 4594 apostolis.
1280 4524 1494 4598 Nuptia:
1540 4528 1694 4596 facta
1740 4588 1745 4593 νη

1800 3300 1937 3359 nas:
1979 3320 2053 3358 va:
2084 3300 2465 3373 nutrientibus,
2506 3296 2713 3370 idest,
2766 3300 2817 3357 in
2865 3312 3032 3373 opere
3078 3312 3398 3373 perpetran-

1797 3378 1983 3462 iibns;
2029 3404 2126 3468 per
2167 3396 2444 3459 cretam,
2494 3392 2732 3451 ostendit
2781 3396 3254 3466 persecutionem,
3301 3414 3401 3467 per

1798 3482 2085 3545 sabbatum
2113 3484 2273 3543 t‘m‘eiu
2302 3480 2509 3543 mundi.
2550 3482 2648 3542 Ubi
2691 3490 2849 3559 fuerit
2883 3496 3095 3561 corpus;
3124 3486 3251 3543 illuc
3280 3507 3401 3545 con-

1798 3580 2154 3657 gregabantur
2200 3582 2387 3653 aquila:
2434 3597 2452 3635 :
2503 3582 2707 3652 cerpns
2739 3576 2987 3638 Christus
3031 3592 3162 3639 est:
3204 3586 3402 3656 aquila

1801 3678 1999 3731 animas
2028 3674 2338 3730 sanctorum
2372 3674 2519 3728 sunt.
2547 3672 2722 3730 Aliter
2752 3674 2805 3729 in
2832 3676 3232 3731 resurrectione
3263 3680 3401 3732 una-

1800 3776 2031 3841 quaeque
2058 3769 2236 3823 anima
2274 3767 2557 3838 propritim
2586 3776 2783 3839 corpus
2811 3774 2997 3823 sumet
3026 3786 3037 3820 :
3071 3772 3169 3837 per
3198 3769 3394 3837 Solem,

1801 3860 2045 3919 ostendit
2086 3859 2527 3932 praedicationem
2567 3854 2842 3931 Evangelii
2877 3878 2891 3914 :
2925 3870 3022 3931 per
3048 3860 3253 3927 lunam,
3300 3862 3400 3918 Ec-

1802 3950 2029 4012 clesiarn
2081 3974 2095 4010 :
2146 3954 2243 4025 per
2292 3954 2479 4010 stellas
2523 3960 2773 4015 Sanctos.
2826 3952 2938 4009 sive
2986 3952 3398 4023 praedicatores.

1808 4044 2041 4103 Virtutes
2088 4049 2341 4102 cwlornm‘
2380 4045 2861 4113 commovebuntur,
2913 4044 3020 4101 hoc
3062 4052 3145 4101 est
3183 4046 3398 4116 agmina

1803 4144 2125 4214 angelorum
2153 4140 2221 4197 ad
2238 4140 2592 4214 iudicandam
2634 4158 2647 4196 :
2691 4138 2893 4211 parebit
2929 4140 3131 4211 signum
3162 4138 3215 4193 in
3244 4140 3395 4207 caelo,

1802 4232 1859 4295 id
1891 4246 1994 4306 est,
2023 4246 2153 4293 crux
2181 4230 2423 4293 Christi:
2453 4246 2557 4307 per
2578 4230 3007 4291 tubamostendlt
3036 4232 3271 4287 sonitum
3304 4248 3398 4287 an-

1803 4333 2069 4403 gelorum.
2111 4328 2281 4387 Erant
2324 4332 2424 4385 duo
2454 4331 2509 4384 in
2538 4334 2690 4403 agro,
2734 4328 2789 4383 id
2820 4334 2932 4394 est,
2965 4327 3017 4381 in
3054 4324 3393 4395 praedicatio-

1804 4436 1935 4483 nem”
1959 4426 2237 4498 Evangelii
2259 4441 2274 4483 :
2300 4430 2432 4479 unus
2463 4431 2776 4487 assumetur,
2812 4419 2864 4476 id
2898 4427 3010 4486 est,
3043 4419 3130 4490 Qui
3160 4420 3396 4489 complet

1803 4520 2243 4596 prmdicationem
2275 4524 2328 4577 in
2358 4528 2521 4592 opere
2547 4538 2558 4573 :
2592 4517 2727 4573 alius
2754 4516 3087 4585 relinquetur,
3118 4512 3172 4567 id
3203 4522 3307 4579 est,
3341 4515 3392 4568 in

274 4615 330 4671 id
363 4626 472 4681 est,
507 4616 668 4673 corda
694 4617 1029 4673 credentium
1060 4618 1348 4691 conjuncta
1378 4638 1502 4677 cum
1531 4621 1692 4678 Chri-
1722 4604 1783 4670 Π
1804 4624 1872 4687 O‘p

1804 4624 1968 4687 opere
1988 4606 2212 4688 iustitiae
2238 4626 2253 4679 ;‘
2282 4610 2337 4667 in
2386 4612 2553 4677 mota,
2602 4611 2659 4665 in
2695 4607 2902 4662 mundo
2936 4622 2950 4659 :
2982 4606 3087 4659 duo
3120 4604 3386 4673 metentes,

238 4724 304 4763 ro
334 4723 531 4765 amore
560 4708 859 4765 cliaritatis‘.
881 4708 962 4765 Ite
990 4711 1059 4765 ad
1077 4713 1239 4768 exitus
1261 4714 1483 4782 uiarum,
1508 4715 1561 4770 id
1586 4722 1693 4785 est,

232 4817 400 4857 antes.
448 4799 896 4875 Conqregaverunt
939 4802 1095 4858 bonos
1141 4815 1188 4859 et
1219 4807 1410 4873 malos,
1452 4808 1701 4864 ostendit

231 4905 422 4952 cutem
482 4898 670 4953 vitam;
736 4894 961 4952 Intrauit
1025 4908 1116 4953 rex
1178 4899 1247 4953 ad
1301 4892 1692 4971 discurnbentes,

232 4991 329 5047 idit
360 4992 667 5048 secundum
699 4992 1015 5050 adventum.
1054 4988 1227 5047 Homo
1258 4998 1361 5049 non
1393 4994 1585 5051 habens
1612 5012 1701 5052 ve-

233 5086 564 5155 nnpn‘atem,
586 5084 1181 5157 ostenditcharitatem,
1207 5086 1266 5143 ut
1295 5088 1390 5159 ait,
1420 5087 1552 5145 ﬁdes
1578 5089 1698 5146 sine

238 5188 361 5235 tate
394 5166 613 5236 mortua
640 5189 744 5236 est;

232 5273 387 5340 utier,
419 5272 478 5328 id
514 5276 614 5342 est,
648 5258 938 5347 synagoga,
968 5274 1065 5347 per
1089 5270 1299 5348 septem
1326 5274 1473 5333 viros
1504 5295 1515 5331 :
1548 5266 1705 5348 epla~

232 5380 251 5417 1
304 5366 663 5437 intelligitur.
713 5358 908 5425 Mulier
951 5370 1223 5442 defuncta,
1269 5370 1323 5425 id
1373 5358 1474 5439 erit,
1523 5370 1704 5427 littera

231 5448 356 5515 nota
413 5458 731 5518 transiendo
762 5463 829 5519 de
855 5465 1023 5520 Veteri
1050 5462 1403 5523 Testamento
1442 5464 1496 5519 in
1540 5474 1707 5520 novo.r

231 5555 595 5609 esurrectione
625 5555 706 5609 cui
753 5555 898 5610 erit?
941 5556 995 5612 id
1025 5568 1130 5625 est,
1177 5557 1436 5613 Ecclesiae
1476 5556 1704 5613 Christi.

231 5656 236 5697 :
272 5645 571 5715 Dominus,
613 5647 665 5704 id
698 5659 800 5715 est,
842 5649 985 5707 Deus
1016 5650 1194 5719 Pater,
1228 5644 1453 5706 Domino
1484 5667 1623 5718 meo,
1655 5649 1715 5705 id

1801 4700 1859 4765 id
1886 4717 1991 4775 est,
2019 4705 2073 4761 in
2102 4698 2355 4761 Ecclesia
2375 4700 2667 4765 catholica,
2707 4707 2760 4753 et
2791 4695 3191 4752 haereticorum.

1870 4798 2058 4857 Simile
2088 4798 2388 4870 estreguunt
2415 4796 2661 4849 caelorum
2690 4790 2863 4844 decem
2919 4785 3223 4859 uirginibus,
3276 4798 3391 4858 qua:

1804 4886 2109 4962 accipientes
2142 4888 2408 4960 lampades
2457 4886 2609 4953 suos,
2644 4883 2701 4939 id
2726 4892 2830 4948 est,
2872 4881 2933 4936 in
2970 4880 3391 4949 resurrectione,

1756 5004 1761 5005 ί
1806 4988 2037 5058 corpora
2068 4999 2187 5039 sua.
2222 4978 2479 5050 Virgines
2509 4988 2634 5033 sunt
2679 4984 2745 5031 eo
2775 4974 2919 5047 quod
2968 4970 3239 5029 Christum“
3286 4989 3394 5031 non

1808 5082 2164 5154 negaverunt.
2227 5074 2465 5144 Quinque
2513 5070 2821 5144 prudentes,
2869 5083 2935 5125 eo
2981 5067 3123 5139 quod
3177 5078 3398 5140 promer

1812 5172 2041 5249 regnum
2067 5172 2168 5229 Dei
2192 5170 2577 5225 laboraverunt
2609 5178 2623 5220 :
2660 5164 2885 5237 quinque
2938 5164 3119 5236 fatum,
3164 5159 3406 5218 ostendit

1815 5272 1907 5344 qui
1936 5278 2034 5340 pro
2064 5264 2422 5323 retributione
2453 5262 2705 5316 humana:
2731 5254 2909 5313 laudis
2928 5260 3234 5328 gesserunt.
3264 5255 3405 5308 Dor-

1822 5362 2041 5432 mitare,
2075 5369 2158 5418 est
2182 5365 2308 5415 ante
2336 5366 2565 5412 mortem
2590 5350 2970 5423 languescere,
2996 5350 3233 5405 dOrmire
3249 5361 3408 5413 vero,

1820 5456 1877 5514 in
1904 5448 2077 5511 morte
2097 5448 2377 5525 quic’Scere
2399 5455 2496 5505 est.
2526 5436 2701 5501 Media
2716 5452 2884 5513 nocte,
2905 5443 2959 5497 id
2980 5450 3082 5506 εει,
3114 5443 3165 5495 in
3184 5446 3403 5508 errore,

1820 5552 1941 5608 sive
1993 5549 2051 5605 in
2095 5544 2380 5603 securitate
2430 5539 2776 5611 negligentes.
2829 5534 3019 5590 Nescio
3062 5548 3180 5598 vos,
3219 5530 3273 5588 id
3313 5538 3417 5597 est,

1826 5649 2014 5705 nescio
2038 5634 2205 5717 opera
2231 5649 2411 5696 vestra
2441 5634 2603 5693 bona.

237 5808 434 5868 Satius
458 5811 634 5868 visum
656 5818 766 5880 est,
791 5826 1071 5872 removere
1090 5810 1215 5869 hinc
1232 5811 1531 5871 verborum
1561 5790 1833 5894 monstra,
1860 5828 1933 5891 es
1952 5825 2032 5868 me
2056 5803 2216 5875 Bart,
2246 5790 2349 5859 sive
2369 5844 2389 5873 ,
2418 5813 2539 5872 quae
2566 5802 2794 5858 δθῦδιιω
2819 5790 3258 5864 ίοίεΐοίρῖθδειιη·
