4050 6198
554 209 663 270 559

1594 208 1652 266 S.
1693 202 2079 265 ﬂlERONYMI
2114 200 2402 262 OPERUM
2440 198 2806 260 MANTISSA.

3743 194 3861 258 560

634 328 806 386 Homo
850 328 1204 399 proﬁciscens,
1240 322 1494 380 Christus
1524 330 1636 387 est;
1679 336 1905 391 peregre
1933 319 2151 407 proiec-
2178 321 2233 384 Α
2256 333 2373 375 rum
2404 318 2681 373 liberaret.
2714 316 2870 373 Sicut
2892 312 3065 372 Adam
3107 310 3358 371 extendit
3400 311 3644 397 palmam
3685 313 3741 371 in
3772 315 3857 371 li-

561 434 673 493 tus,
707 424 760 480 id
797 432 899 489 εει,
945 422 1010 477 de
1050 419 1251 474 mundo
1296 418 1362 471 ad
1405 418 1643 472 Patrem.
1714 415 1930 470 Vocavit
1978 428 2149 469 servos

565 535 705 585 suos,
732 518 794 572 id
821 525 923 578 est,
949 514 1207 568 doctores
1242 528 1255 565 :
1290 511 1431 565 dedit
1470 509 1576 563 illis
1607 509 1738 563 bona
1768 525 1885 569 sua,
1939 507 1992 563 id
2043 514 2150 574 est,

564 614 863 672 doctrinam
894 608 1175 678 Evangelii
1211 625 1223 659 :
1254 608 1479 677 quinque
1506 606 1718 666 talenta,
1771 603 1825 658 id
1854 614 1956 669 εει,
1992 604 2153 673 quin-

562 722 670 779 que
712 717 927 770 sensus,
974 698 1142 768 visus,
1174 698 1409 761 auditus,
1442 697 1719 761 odoratus,
1763 704 1951 766 gustus
1981 703 2036 749 et
2063 703 2149 749 ta-

559 806 680 853 ctus
711 814 725 850 :
772 808 910 867 quos
949 807 1051 863 per
1097 788 1548 849 consuetudinem
1577 788 1789 843 solebat
1816 801 2061 854 movere,
2094 794 2155 841 ut

560 898 751 944 causas
776 885 1115 942 transitorias
1127 890 1411 939 convertat
1431 881 1498 937 ad
1522 890 1801 936 :eternam.
1826 880 1919 936 Sic
1940 880 2008 936 de
2028 879 2153 935 visu

560 981 766 1038 dictum
791 986 895 1046 est,
914 978 1098 1032 Averte
1118 976 1293 1031 oculos
1314 991 1477 1045 meos,
1504 982 1559 1030 et
1584 974 1811 1045 reliqua.
1841 974 1919 1029 De
1938 973 2149 1041 auditu,

557 1078 703 1150 εωρὶ
750 1092 900 1131 aures
927 1084 1062 1143 tuas,
1094 1090 1187 1128 nec
1206 1072 1423 1127 audiant
1448 1072 1651 1143 linguas
1697 1070 2049 1141 blasphemite.
2076 1069 2153 1124 De

559 1172 812 1240 odoratu,
842 1167 1019 1223 Bonus
1042 1167 1171 1222 odor
1196 1183 1374 1221 sumus
1397 1164 1599 1232 Deo,in
1626 1165 1705 1218 his
1718 1166 1807 1236 qui
1836 1164 1967 1218 salvi
1989 1171 2109 1217 sunt
2133 1178 2153 1216 :

555 1262 624 1320 de
645 1273 825 1335 gustu,
852 1260 1033 1317 Nolite
1065 1258 1393 1325 maledicere,
1423 1258 1512 1312 sed
1535 1256 1817 1312 benedieite
1841 1269 1860 1309 :
1887 1255 1954 1310 de
1976 1262 2149 1324 tactu,

563 1358 665 1427 Qui
686 1357 962 1428 iurabatur
998 1357 1116 1427 jam
1145 1369 1251 1407 non
1288 1353 1514 1423 furetur,
1546 1350 1637 1403 sed
1664 1349 1857 1403 laboret
1896 1348 2153 1413 manibus,

559 1452 699 1507 unde
741 1452 926 1504 tribuet
951 1458 1001 1504 et
1029 1446 1304 1521 indigenti.
1338 1444 1468 1500 Ideo
1498 1445 1636 1498 ﬁunt
1683 1443 1868 1499 decem
1902 1441 2104 1497 talenta
2137 1458 2153 1496 :

560 1547 670 1604 duo
699 1547 923 1615 talenta,
975 1542 1033 1599 id
1090 1552 1197 1609 est,
1258 1540 1573 1596 intellectus
1618 1548 1673 1595 et
1720 1536 2001 1608 operatio;
2060 1534 2155 1606 qui

562 1642 729 1697 habet
753 1639 889 1709 hmo,
924 1647 978 1696 et
998 1637 1193 1708 implet
1219 1633 1511 1705 exemplis,
1538 1642 1594 1690 et
1622 1631 1804 1689 verbis
1834 1631 2017 1697 docet,
2048 1628 2157 1685 sal-

2252 428 2415 483 gnum
2464 410 2590 467 vitae
2629 430 2646 469 :
2682 412 2755 467 ita
2805 418 2861 466 et
2906 409 3080 465 «ιιιάωὶ
3126 388 3745 491 ειιεηάει-ιιηιζρειωεε
3792 411 3856 464 in

2252 506 2469 560 Christo
2504 523 2517 557 :
2548 503 2779 576 proinde
2817 513 2871 560 et
2911 501 3163 586 Christus
3211 486 3744 586 extenditqpaltnam
3796 502 3855 558 in

2252 599 2455 671 lignum
2494 600 2621 654 vitae
2655 618 2668 653 :
2698 600 2769 655 ita
2808 607 2863 655 et
2908 580 3501 677 Judrei‘extetiderunt
3537 584 3751 666 palmas
3794 596 3852 651 in

2252 670 2400 763 ligno
2428 692 2628 758 crucis,
2656 702 2717 747 ut
2742 706 2848 745 nos
2876 690 2944 745 ab
2970 690 3117 745 omni
3146 672 3385 767 Astim‘ulo’
3408 670 3701 769 liberaret.
3738 687 3853 744 Per

2252 798 2472 844 cantum
2504 785 2632 858 galli
2662 783 2904 842 ostendit
2941 774 3579 867 refectionemSpiritus
3621 782 3802 838 sancti
3833 798 3851 838 :

2255 883 2455 937 vinctus
2499 880 2726 949 ductus,
2766 888 2829 936 ut
2865 879 3083 936 vincula
3130 864 3481 963 peccatorum
3527 888 3850 935 nostrorum

2230 974 2233 977 ’
2253 975 2510 1031 solveret.

2328 1071 2569 1127 Corbana
2608 1071 2904 1143 Hebraice,
2945 1048 3373 1149 Gazophylacia‘
3399 1050 3612 1141 Graece,
3658 1069 3854 1127 Latine

2254 1168 2569 1225 divitiarum
2594 1167 2843 1225 custodia
2869 1166 3228 1241 dicitur.Per_
3261 1165 3586 1243 eﬁ'usionem
3619 1165 3845 1238 sangui-

2255 1264 2342 1317 nis
2389 1260 2595 1318 Christi
2642 1244 3121 1333 redemptumest
3158 1250 3471 1316 humanum
3509 1273 3722 1331 genus:
3756 1272 3857 1330 per

2255 1355 2490 1426 pretium
2525 1355 2828 1427 sanguinis,
2871 1344 3103 1434 emptus
3128 1364 3213 1411 est
3240 1370 3369 1427 ager
3409 1354 3475 1410 ad
3513 1354 3852 1426 sepulturam

2256 1449 2689 1521 peregrinorum.
2727 1449 2904 1522 Hyrus
2932 1447 2961 1505 ι)
2992 1448 3286 1520 Pompeius
3313 1456 3418 1515 est,
3447 1446 3721 1503 Barabbas
3751 1447 3859 1505 du-

2256 1551 2374 1598 ctus
2406 1543 2458 1597 in
2493 1528 2881 1609 desertum,'id
2911 1550 3017 1610 est,
3045 1541 3098 1597 in
3130 1541 3399 1619 infernum
3427 1557 3441 1594 :
3473 1539 3615 1596 alter
3648 1540 3855 1596 immo~

2255 1635 2421 1703 latus,
2452 1635 2507 1691 id
2536 1645 2639 1705 est,
2671 1635 2919 1692 Christus
2954 1650 3055 1713 pro
3082 1644 3307 1717 peccato
3333 1634 3636 1691 hominum.
3666 1633 3857 1689 Exue-

561 1745 659 1792 vat
683 1736 1057 1807 semetipsum,
1086 1742 1144 1788 et
1189 1730 1327 1786 alios
1369 1729 1608 1785 instruit.
1667 1725 1798 1782 ideo
1846 1724 2154 1797 geminatur
2185 1726 2389 1788 Brunl;
2409 1728 2705 1796 Christum,
2738 1728 2791 1785 id
2830 1730 2937 1794 est,
2980 1726 3370 1801 exspoliatum,
3416 1744 3442 1783 a
3472 1728 3580 1785 ﬁde
3624 1727 3853 1784 Iudaeo-

561 1835 863 1892 talentum:
891 1846 1058 1887 unum
1091 1827 1359 1883 talentum
1381 1824 1620 1881 ostendit
1643 1822 2007 1878 intellectum.
2026 1818 2157 1874 Abs-

560 1928 740 1982 condit
775 1928 829 1980 in
860 1935 1016 1989 terra,
1060 1920 1115 1976 id
1136 1929 1246 1987 est,
1273 1919 1365 1990 qui
1388 1916 1827 1989 praedicationem
1875 1914 2158 1985 Evangelii

559 2033 665 2090 pro
690 2014 923 2073 terrenis
968 2012 1135 2069 rebus
1161 2011 1325 2066 docet
1356 2026 1370 2064 :
1408 2019 1523 2081 post
1567 2008 1791 2062 multum
1813 2023 1931 2063 vero
1965 2017 2160 2078 tempo-

557 2113 653 2179 ris,
677 2109 731 2167 id
757 2118 858 2178 est,
893 2108 948 2164 in
975 2107 1085 2163 ﬁne
1106 2104 1318 2162 mundi.
1350 2102 1501 2158 Metit
1526 2102 1615 2157 ubi
1641 2118 1743 2157 non
1781 2103 2071 2169 seminavit,
2100 2100 2157 2157 id

557 2213 665 2273 est,
720 2203 815 2258 ubi
856 2216 965 2257 non
1014 2198 1117 2255 fuit
1163 2196 1480 2270 prmdicatio
1511 2214 1523 2249 :
1559 2196 1724 2251 tollite
1764 2194 2043 2263 talentum,
2100 2194 2159 2250 id

563 2306 651 2355 est
696 2296 1038 2352 intellectum
1080 2311 1093 2345 :
1153 2290 1281 2347 date
1331 2290 1382 2346 ei
1421 2288 1515 2361 qui
1561 2290 1859 2361 geminavit
1904 2290 1959 2345 in
2014 2289 2160 2344 bono

562 2407 750 2463 opere.
791 2389 1041 2461 Quinque
1075 2401 1290 2454 sensus,
1321 2384 1461 2441 sicut
1489 2384 1566 2439 ait
1593 2383 1904 2453 Apostolus,
1936 2384 2038 2453 ipsi
2063 2382 2163 2436 sibi

562 2496 685 2544 sunt
715 2485 822 2555 lex,
854 2485 941 2557 qui
991 2484 1265 2539 ostendunt
1312 2496 1441 2550 Opus
1471 2479 1599 2553 legis
1646 2479 1702 2533 in
1744 2477 1983 2533 cordibus
2028 2477 2160 2534 suis.

563 2583 669 2651 Qui
697 2580 865 2637 habet
895 2578 1082 2643 ﬁdem,
1113 2585 1169 2632 et
1212 2572 1564 2639 eharitatem,
1596 2570 1811 2627 dabitur
1836 2571 1889 2626 ei
1917 2568 2161 2626 intellec-

568 2686 679 2743 tus,
736 2682 793 2728 et
842 2671 1090 2743 operatio
1117 2669 1417 2733 virtutum;
1468 2665 1557 2734 qui
1611 2682 1716 2719 non
1762 2663 1947 2733 habet,
1992 2665 2163 2734 ipsum

567 2768 707 2842 quod
731 2765 884 2820 habet
907 2768 1176 2836 auferetur
1204 2764 1265 2815 ab
1291 2776 1373 2826 eo,
1403 2759 1455 2814 id
1492 2766 1597 2826 est,
1626 2758 1718 2829 qui
1764 2756 1928 2815 habet
1976 2756 2159 2825 ﬁdem,

565 2870 627 2919 et
655 2875 763 2917 non
795 2859 956 2915 habet
985 2856 1329 2922 cbaritatem,
1385 2853 1501 2923 ipsa
1536 2842 1673 2908 ﬁdes
1702 2856 1965 2909 morietur
1986 2853 2041 2907 in
2070 2867 2158 2909 eo.

566 2954 923 3027 Majestatem,
949 2949 1004 3006 id
1029 2959 1136 3019 est,
1168 2953 1507 3020 potestatem,
1544 2946 1879 3018 dignitatem.
1904 2954 1931 2983 α
1965 2944 2162 3001 Ηωάοδ

568 3046 788 3106 Judaeos
821 3057 994 3101 :oves
1018 3056 1152 3098 vero
1200 3039 1432 3112 populos
1476 3038 1739 3111 gentium.
1788 3037 2070 3105 Dextrum,
2109 3037 2164 3094 id

2260 1836 2403 1876 rum.
2429 1819 2732 1877 lnduerunt
2752 1822 3039 1895 chlamyde
3061 1822 3343 1897 coccineo,
3368 1820 3420 1877 id
3445 1832 3550 1890 est,
3575 1820 3854 1877 Christum

2269 1916 2523 1972 indutum
2562 1915 2669 1973 ﬁde
2710 1915 2993 1989 gentium;
3026 1917 3186 1974 aliter
3214 1910 3667 1992 per-coccineum
3708 1917 3854 1973 chla-

2261 2008 2479 2082 mydem
2524 2006 2773 2067 ostendit
2809 2000 3143 2091 effusionem
3172 2010 3452 2083 sanguinis
3500 2011 3698 2082 ipsius,
3740 2010 3854 2066 sive

2230 2103 2605 2183 Amartyrium.
2651 2101 2923 2159 Exuerunt
2961 2090 3435 2185 e’um'chlamyde,
3480 2112 3530 2160 et
3574 2105 3854 2160 induerunt

2265 2212 2381 2252 eum
2410 2198 2725 2254 vestimentis
2754 2192 2865 2253 suis
2886 2196 2909 2264 ⁷,
2941 2196 3179 2255 ostendit
3198 2198 3254 2254 in
3284 2199 3392 2255 ﬁne
3418 2198 3605 2254 mundi
3631 2212 3858 2255 conver-

2264 2291 2475 2348 sionem
2505 2290 2909 2369 Judaaorums,’
3170 2284 3179 2292 ’
3208 2356 3209 2359 η
3256 2356 3259 2357 ν
3436 2350 3439 2353 ,
3468 2356 3471 2357 ν

2337 2385 2535 2441 Milites
2580 2372 3362 2469 sibi‘diviserunt:vesti‘menta
3413 2390 3523 2462 ejus
3559 2403 3579 2446 :
3620 2386 3856 2458 ﬁguram

2266 2485 2416 2533 tenet
2442 2464 2748 2561 Evangelii,
2776 2464 3243 2563 -ἻριιίεζιιὶιιίεειτιιηιἸ
3263 2481 3404 2537 inter
3446 2495 3505 2536 se
3544 2478 3859 2534 doctrinam

2266 2569 2489 2627 Christi.
2547 2572 2651 2628 Per
2698 2573 3192 2655 scissionem'veli
3240 2574 3485 2655 ostendit
3537 2572 3865 2629 scissionem

2265 2666 2419 2737 regni
2450 2664 2787 2723 Judzeorum.
2812 2656 2936 2724 Alio
2959 2652 3142 2735 modo,
3172 2652 3342 2722 uelum
3384 2669 3597 2723 scissum
3624 2676 3723 2731 est,
3776 2680 3869 2721 os-

2268 2758 2442 2815 tendit
2464 2760 2783 2817 scissionem
2811 2748 2972 2833 Legis
2995 2762 3191 2817 littera:
3218 2750 3317 2832 per
3336 2760 3725 2817 revelationem
3748 2758 3870 2830 Spi-

2267 2852 2406 2907 ritus
2435 2846 2649 2913 sancti.
2668 2852 2755 2909 vel
2784 2868 2882 2924 per
2911 2854 3292 2911 ascensionem
3320 2852 3527 2909 Christi
3558 2852 3716 2909 scissi
3742 2861 3874 2909 sunt

2269 2944 2395 3000 εωιί
2428 2945 2666 3025 humano
2688 2940 2923 3018 generi.’
2949 2945 3114 3002 Terra
3157 2958 3330 3015 mota,
3371 2947 3615 3003 ostendit
3641 2948 3873 3019 gratiam

2279 3036 2407 3106 Dei,
2450 3038 2720 3094 commota
2763 3038 2831 3095 de
2858 3034 3075 3096 'Judaeis
3104 3039 3174 3096 ad
3218 3049 3439 3112 gentes;
3470 3047 3634 3111 petra:
3673 3040 3874 3107 scissa,

534 3150 535 3161 ‘
568 3152 677 3211 est,
703 3153 1048 3213 prosperum,
1077 3136 1193 3192 sive
1212 3144 1425 3191 rectum
1457 3151 1471 3187 :
1504 3133 1810 3199 sinistrum,
1854 3133 2163 3204 adversum,
2194 3124 2242 3191 C
2285 3128 2391 3185 hoc
2419 3141 2545 3186 sunt
2574 3131 2739 3188 corda
2758 3132 2999 3204 gentium
3024 3133 3196 3189 scissa
3220 3132 3284 3189 ad
3313 3132 3509 3200 ﬁdem;
3539 3142 3879 3188 monumenta

568 3238 687 3294 sive
707 3233 947 3306 poenale,
967 3232 1091 3305 quia
1118 3228 1265 3301 apud
1294 3230 1465 3284 Deum
1507 3226 1643 3282 nihil
1671 3234 1755 3283 est
1789 3226 2095 3283 sinistrum.

645 3350 777 3406 Cum
798 3358 971 3405 autem
1006 3354 1137 3402 esset
1157 3344 1212 3398 in
1239 3340 1519 3410 Bethania,
1541 3339 1599 3396 id
1624 3348 1731 3407 est,
1780 3338 1836 3393 in
1872 3339 2027 3393 domo
2057 3339 2173 3394 obe-
2226 3404 2229 3407 δ

573 3445 829 3504 dientite:
858 3442 946 3498 hic
973 3439 1170 3497 domus
1198 3452 1298 3509 pro
1328 3433 1531 3490 mundo
1556 3432 1799 3505 ponitur.
1850 3429 2065 3499 Mulier,
2120 3433 2173 3487 id

576 3550 680 3607 est,
722 3538 899 3593 lutura
922 3532 1163 3590 Ecclesia
1196 3548 1210 3588 :
1252 3526 1595 3595 alabastrum,
1624 3524 1681 3581 id
1707 3533 1815 3591 est,
1839 3538 2041 3596 corpus
2075 3523 2174 3580 ho-
2222 3590 2231 3596 ν

577 3631 744 3688 minis
768 3647 781 3684 :
816 3642 914 3699 per
939 3632 1300 3695 unguentum,
1329 3619 1570 3678 ostendit
1595 3617 1753 3675 tidem
1776 3617 2170 3675 confessionis:

581 3729 747 3793 caput
770 3717 973 3774 Christi
1004 3718 1149 3772 Deus
1172 3716 1351 3779 Pater,
1374 3713 1683 3779 recumbes,
1734 3712 1879 3767 idem
1925 3710 2175 3767 Christus

583 3828 749 3886 super
767 3810 1067 3867 Ecclesiam
1098 3826 1112 3862 ε
1156 3807 1424 3879 Pauperes
1456 3822 1656 3875 semper
1683 3803 1954 3872 habebitis,
1985 3807 2038 3861 id
2067 3816 2174 3875 est,

586 3904 942 3979 spiritualiter
970 3901 1059 3971 qui
1090 3899 1336 3970 indigent
1368 3899 1689 3967 doctrinam,
1743 3899 1858 3954 sive
1878 3900 2177 3971 corporali-

589 4012 676 4059 ter
703 3998 796 4071 qui
825 3998 975 4053 cibos
1000 3994 1262 4065 indigent.
1297 3991 1385 4047 Me
1410 4001 1585 4048 autem
1611 4008 1713 4048 non
1741 4010 1941 4064 semper
1969 3992 2179 4049 habebi-
2228 4062 2233 4065 _

591 4096 679 4159 tis,
710 4089 949 4149 ostendit
973 4088 1271 4145 secundum
1292 4102 1533 4143 carnem.
1578 4086 1786 4159 Joseph
1810 4087 2069 4144 venditur
2098 4088 2177 4144 .in
2230 4140 2233 4155 η
2283 4086 2411 4159 ιμωι
2440 4086 2544 4155 rev;

2224 4164 2229 4167 '
2284 4158 2840 4239 fulgorem‘ostendit
2888 4172 3191 4218 terrorem:
3244 4180 3340 4234 per
3382 4161 3683 4218 candorem
3708 4161 3886 4217 vesti-

586 4280 840 4337 Christus
882 4275 1137 4333 venditus
1166 4289 1276 4329 xxx
1316 4273 1610 4344 argenteis,
1656 4288 1756 4344 pro
1803 4275 2042 4343 peccatis
2088 4274 2179 4329 ho-
2224 4316 2229 4343 ._

589 4376 821 4443 minum,
850 4379 907 4427 et
932 4369 1075 4425 fame
1105 4367 1254 4424 ﬁdei.
1289 4365 1703 4439 Opportunitas,
1750 4366 1804 4421 id
1834 4375 1936 4435 est,
1964 4374 2169 4445 tempus

2286 4344 2449 4416 tilica,
2481 4347 2537 4401 in
2565 4355 2761 4414 monte,
2804 4348 3045 4404 ostendit
3086 4348 3156 4404 de
3206 4349 3408 4421 populo
3452 4348 3761 4405 Judteorutn
3808 4345 3885 4402 ad

588 4478 1051 4541 congruum;per
1102 4476 1350 4533 azymam
1397 4460 1751 4527 sinceritatis,
1802 4460 2175 4517 sinceritatem
2205 4518 2227 4541 _,

581 4535 785 4624 meritis
814 4559 1070 4619 ostendit.
1094 4556 1283 4612 Bibam
1311 4556 1445 4610 illud
1487 4557 1541 4609 in
1581 4570 1797 4626 regnum
1846 4553 2022 4610 Patris
2073 4556 2177 4611 mei
2202 4535 2258 4597 D
2326 4596 2331 4601 .

586 4186 886 4259 Egyptum
912 4198 983 4238 xx
1007 4178 1304 4253 argenteis,
1333 4188 1390 4235 ut
1411 4180 1635 4236 satiaret
1664 4178 1862 4236 famem
1892 4180 2175 4252 corporis;

577 4659 863 4720 vobiscum,
903 4652 960 4709 id
994 4659 1099 4719 est,
1129 4646 1388 4705 membris
1415 4646 1530 4703 suis
1555 4664 1568 4700 :
1626 4646 1681 4700 in
1708 4661 1945 4718 regnum,
1986 4646 2043 4702 id
2064 4630 2186 4719 est,-

560 4752 640 4809 .in
667 4748 932 4807 Ecclesia.
964 4744 1263 4800 Percutiam
1290 4748 1569 4813 pastorem,
1600 4736 1655 4793 id
1681 4745 1768 4793 est
1793 4734 1998 4794 Christi
2023 4756 2037 4792 :
2062 4740 2171 4811 dis-
2227 4736 2233 4745 ’

579 4851 855 4917 pergentur
882 4854 1020 4907 oues,
1050 4836 1104 4892 id
1156 4843 1282 4891 sunt
1322 4832 1578 4906 apostoli.
1624 4830 2169 4915 Pra’cedam-vos,'in

583 4936 901 4993 Catilinam:
931 4932 1036 4988 hoc
1060 4938 1165 4997 est,
1195 4927 1404 4985 relictis
1431 4925 1658 4997 Iudaeis,
1691 4926 1824 4982 abiit
1850 4926 1919 4982 ad
1952 4937 2163 5013 gentes.

656 5028 723 5085 Si
744 5026 980 5097 possibile
998 5032 1097 5091 est,
1128 5029 1358 5076 transeat
1384 5037 1417 5074 a
1436 5036 1517 5074 me
1536 5019 1675 5073 calix
1695 5019 1817 5089 iste,
1836 5013 2019 5087 idest,
2040 5036 2171 5105 pas-

582 5124 669 5181 sio
700 5142 713 5177 :
746 5122 853 5178 hoc
883 5119 1022 5176 dixit
1052 5132 1155 5189 pro
1185 5124 1340 5189 parte
1366 5116 1580 5181 carnis;
1609 5130 1707 5186 per
1726 5114 1975 5189 gladium,
1995 5128 2175 5173 osten-

577 5216 661 5273 dit
688 5213 918 5273 verbum
966 5211 1236 5268 divinum.
1278 5208 1583 5281 Amputavit
1627 5208 1956 5286 auriculam,_
1975 5208 2028 5263 id
2060 5218 2167 5286 est,

577 5317 923 5383 amputatum
963 5303 1205 5360 auditum
1233 5278 1578 5368 Iudaeorum;
1614 5278 2006 5357 immunditiam
2034 5278 2167 5372 pur;

579 5382 741 5475 garet
773 5417 787 5455 :
820 5394 1126 5471 ﬂagellatus
1153 5393 1349 5459 tenuit,
1373 5401 1543 5450 utnos
1573 5392 1640 5449 de
1652 5384 1889 5465 ﬂagellis
1914 5382 2164 5464 peccato-

638 5597 665 5625 ι
707 5586 911 5640 Deerat
940 5578 1162 5634 verbum
1191 5575 1370 5631 hwdos
1394 5619 1408 5643 ,
1450 5576 1551 5632 sed
1589 5586 1642 5633 et
1672 5575 1775 5632 alia
1809 5564 2036 5632 inferius
2075 5574 2163 5631 in-

563 5658 931 5717 terciderunt.
959 5665 1080 5718 quae
1104 5649 1440 5719 supplentur.
1462 5718 1467 5719 ί
1487 5646 1695 5704 Czetera
1721 5662 1842 5718 quae
1870 5658 1984 5702 toto
2012 5662 2149 5707 con-
2212 5666 2215 5669 λ

560 5735 711 5787 textu
752 5719 1151 5786 emendantur,
1176 5718 1510 5774 ’annotanda
1549 5735 1647 5790 per
1686 5719 1929 5793 singulos
1972 5719 2146 5777 ferme
2184 5794 2187 5797 ι

1540 5822 1543 5825 .
1658 5798 1747 5837 ,λ“
1822 5808 1853 5823 H
1924 5816 1929 5833 ,
2004 5830 2011 5837 _
2114 5802 2127 5823 Ι

2277 3218 2485 3295 aperta,
2519 3225 2571 3280 id
2601 3236 2705 3293 est,
2738 3225 2902 3282 corda
2924 3226 2991 3282 ad
3024 3226 3206 3283 ﬁdem.

2350 3304 2771 3389 Monumentum,
2821 3318 2877 3374 id
2918 3330 3022 3389 est,
3052 3318 3297 3377 Ecclesia
3334 3334 3407 3377 ex
3445 3318 3696 3390 gentibus
3728 3335 3742 3373 :
3775 3336 3881 3374 no-

2274 3425 2414 3493 vum,
2444 3396 2708 3491 Ostendit,
2740 3402 3021 3487 quianon
3065 3413 3168 3469 fuit
3203 3422 3328 3469 ante
3366 3412 3717 3484 praedicatum
3746 3427 3886 3469 ver-

2276 3504 2407 3583 bum
2435 3504 2871 3577 Dei'gentibus;
2921 3508 3145 3563 excisum
3190 3517 3578 3563 monumentum
3606 3508 3660 3561 in
3700 3516 3882 3579 petra,

2252 3586 2522 3673 ostendit
2550 3598 2858 3677 Ecclesiam
2886 3596 3117 3659 scissam
3158 3602 3227 3658 de
3270 3602 3471 3659 duritia
3513 3602 3879 3675 gentilitatis;

2278 3682 2505 3762 lapidem
2532 3692 2765 3767 volutum
2790 3690 2858 3748 ad
2884 3696 3075 3749 ostium
3100 3696 3441 3766 monumenti,
3469 3692 3704 3752 ostendit
3724 3694 3885 3751 duri-

2281 3770 2695 3861 tiam'incorda
2727 3768 3063 3842 Iudaeorum.

2302 3856 2553 3961 "Vesper
2568 3854 2771 3933 ‘satbbati
2797 3894 2816 3934 :
2846 3864 3033 3947 idest,
3069 3880 3175 3937 ﬁne
3204 3878 3420 3948 mundi;
3452 3882 3620 3953 prima
3642 3879 3881 3948 sabbati,

2281 3972 2522 4029 ostendit
2551 3972 2697 4030 diem
2723 3970 3178 4039 resurrectionis;
3208 3976 3437 4031 revoluto
3471 3975 3668 4046 lapide,
3705 3974 3884 4045 signi-

2283 4066 2411 4122 ﬁcat
2440 4068 2748 4124 revolutam
2770 4068 3030 4124 duritiam
3060 4066 3373 4126 Judteorum
3393 4070 3447 4125 in
3475 4069 3750 4133 futurum;
3782 4083 3883 4139 per

2284 4254 2453 4308 menti
2482 4254 2725 4309 ostendit
2752 4255 3189 4313 consolationem
3210 4255 3659 4319 recorrectionis;
3687 4253 3741 4307 in
3770 4252 3887 4308 Ga-

2284 4448 2499 4589 “mi?
2528 4498 2979 4591 EVANantuu
3010 4533 3385 4593 SECUNDUM
3417 4531 3727 4591 mancum.

2356 4632 2581 4743 Initium
2608 4628 2882 4731 Evangelii
2902 4648 3030 4727 Iesu
3060 4650 3256 4705 Christi
3276 4648 3409 4703 Filii
3432 4648 3551 4716 Dei,
3574 4648 3721 4719 quod
3745 4646 3885 4703 dicit

2282 4741 2408 4801 Filii
2436 4741 2561 4812 Dei,
2618 4745 2856 4799 ostendit
2896 4746 3243 4821 nativitatem
3279 4743 3583 4801 secundum
3625 4742 3886 4797 divinita-

2281 4848 2395 4896 tem
2427 4839 2775 4919 :secundum
2802 4854 3024 4895 carnem
3048 4838 3304 4917 ostendit,
3351 4837 3479 4894 dum
3523 4836 3657 4893 dicit
3695 4835 3884 4919 Jesus,

2224 4999 2240 5007 κ
2284 4933 2422 5004 Ecce
2446 4916 2630 5001 mitto,
2660 4933 2714 4989 id
2743 4941 2859 5001 est,
2906 4948 3009 4989 vox
3040 4932 3217 4989 Patris
3250 4950 3264 4987 :
3302 4932 3558 5005 Augetum
3602 4916 3887 4996 meumﬁd

2222 5078 2245 5113 ἓν
2282 5008 2389 5097 εει,
2410 5014 2688 5107 ζιοεηηεω
2720 5044 2733 5081 :
2764 5036 2882 5082 ante
2911 5008 3099 5097 faciem
3127 5036 3290 5091 tuam,
3343 5026 3398 5080 id
3427 5034 3532 5091 est,
3566 5022 3888 5078 Praecurso-

2281 5106 2661 5187 remChristi,
2694 5106 2945 5175 notitiam
2975 5118 3094 5187 ejus
3140 5118 3451 5174 facientem.
3503 5115 3615 5171 Vox
3645 5112 3887 5170 Joannis

2220 5281 2255 5289 Γ
2280 5222 2371 5267 εει
2400 5213 2663 5287 clartians,
2692 5210 2944 5267 Christus
2973 5219 3079 5297 est.
3113 5209 3183 5265 In
3219 5211 3442 5275 deserto,
3482 5204 3758 5279 signiﬁcat
3784 5205 3887 5262 Ju-

2221 5357 2241 5379 ρ
2282 5302 2459 5389 (imos,
2500 5320 2531 5358 a
2560 5304 2726 5374 Lege,
2773 5318 2803 5357 a
2848 5318 3041 5381 regno,
3069 5312 3124 5360 et
3151 5319 3182 5360 a
3211 5300 3883 5387 sacerdotioderelictos;

2280 5390 2461 5469 parate
2491 5396 2649 5464 viam,
2702 5394 2755 5451 id
2777 5404 2890 5463 est,
2936 5395 3123 5464 corda,
3155 5396 3269 5453 sive
3297 5410 3496 5467 opera;
3525 5403 3693 5450 rectas
3725 5393 3887 5465 facite

2213 5570 2225 5633 ξ
2281 5589 2475 5631 versus
2512 5582 2718 5630 essent.

2300 5646 2364 5685 ’δ
2404 5647 2515 5703 Νεε
2543 5647 2658 5702 scio
2678 5644 2806 5717 quid
2835 5644 3011 5703 isthuc
3051 5646 3128 5703 rei
3156 5649 3251 5718 sit,
3290 5662 3391 5709 nec
3422 5647 3559 5707 libet
3584 5648 3883 5709 hariolari.
