4050 6198
864 278 1219 339 EXPOSITIO
1255 276 1594 349 QUATUOR
1630 278 2196 338 EVANGELIORUM.
2238 280 2543 339 MARCUS.

3231 284 3340 343 562

228 404 428 472 semitas,
475 402 528 460 id
557 408 645 460 est
688 400 1049 472 cogitationes
1090 399 1271 455 cordis
1312 398 1499 453 vestri.
1539 398 1642 453 Per
1666 406 1720 465 Α
1747 399 2223 470 philosophorum.
2250 402 2343 458 Sic
2372 411 2427 458 ct
2454 400 2629 458 Judaei
2657 401 3060 474 disrumpentes
3096 401 3337 458 litteram

228 502 393 554 ismum
417 511 587 570 aqua),
636 494 875 551 ostendit
922 493 1256 549 ablutionem
1296 491 1542 562 corporis
1590 500 1645 547 et

227 608 311 648 ite:
338 594 654 667 baptismum
681 586 1045 660 paenitentiae,
1073 585 1322 641 remissio
1342 592 1430 639 est
1455 599 1647 655 pecca-

230 701 278 737 ιι.
315 682 453 739 Venit
474 684 525 737 in
556 682 765 737 domum
794 680 1024 735 Simonis
1064 678 1303 742 Andrew,
1349 676 1404 731 id
1440 686 1548 741 est,
1579 676 1645 731 ad

227 790 321 841 tos;
351 774 569 830 diluculo
596 774 745 828 valde
778 790 1015 844 surgens,
1066 770 1306 826 ostendit
1348 768 1647 824 adventum

227 868 295 933 sti,
340 878 388 924 et
426 868 635 924 initium
666 866 791 922 novi
831 863 1195 928 Testamenti;
1236 863 1361 916 abiit
1389 863 1444 915 in
1475 861 1649 916 deser-

227 964 399 1029 locum,
423 962 471 1017 id
501 971 604 1031 est,
637 962 708 1017 ad
744 958 993 1024 Judteos;
1024 959 1195 1029 ibique
1225 955 1425 1021 orabat,
1460 954 1514 1009 id
1542 962 1646 1021 est,

227 1056 515 1111 rtedicabat.

227 1164 273 1202 in
299 1158 458 1221 posset
482 1148 539 1201 in
566 1145 822 1201 civitatem
850 1144 1088 1198 introire.
1138 1141 1253 1196 Hoc
1288 1146 1512 1210 propter
1540 1136 1650 1191 fre-

228 1243 345 1297 tiam
375 1240 585 1312 populi;
632 1256 727 1310 per
777 1238 1136 1309 paralyticum
1175 1234 1413 1290 ostendit
1456 1232 1652 1285 huma-

234 1348 431 1404 genus:
460 1332 801 1401 perlectum,
840 1344 1067 1398 corpus.
1113 1328 1161 1382 A
1209 1336 1439 1397 quatuor
1468 1333 1654 1394 porta-

228 1443 260 1493 r,
300 1426 397 1481 hoc
422 1434 545 1480 sunt
569 1432 802 1495 quatuor
834 1424 1109 1478 elementa
1147 1436 1245 1491 per
1284 1435 1406 1490 qua:
1440 1428 1659 1475 constat

228 1537 261 1582 ν,
295 1526 383 1571 aut
422 1524 649 1587 quatuor
675 1515 895 1570 ordines
933 1514 1242 1585 Evangelii,
1285 1522 1380 1567 aut
1424 1521 1657 1582 quatuor

227 1621 303 1667 tes
332 1611 539 1679 animae,
572 1610 627 1665 id
654 1619 739 1666 est
768 1627 781 1663 :
825 1609 1111 1676 fortitudo,
1151 1608 1386 1679 iustitia,
1420 1607 1657 1678 pruden-

227 1715 274 1759 et
310 1702 683 1773 temperantia.
728 1701 1018 1757 Fortitudo
1063 1711 1148 1756 est
1196 1714 1437 1771 pugnare
1466 1709 1657 1754 contra

1745 491 1932 561 Legis,
1966 493 2082 548 sive
2109 493 2473 564 prophetiam.
2505 494 2745 549 Concidit
2772 496 3064 568 lapidibus,
3093 494 3334 552 ostendit

1748 586 2282 656 populum'gentium
2314 586 2632 641 adorantem
2666 585 2899 656 lapides.

1819 677 1997 733 Homo
2046 678 2262 741 sedens,
2297 679 2530 732 vestitus
2574 677 2641 731 ad
2690 676 2857 732 ﬁdem
2899 677 3053 741 Jesu,
3105 676 3343 732 ostendit

1749 770 2006 825 vestitum
2030 770 2157 835 ﬁde,
2187 779 2242 825 ει
2261 768 2562 836 charitate;
2596 785 2729 825 sana
2755 778 2958 836 mente,
2986 770 3043 824 id
3069 778 3175 837 est,
3207 786 3339 839 pura

1751 874 1912 935 atque
1933 866 2143 920 sincera
2168 874 2368 922 mente.
2400 865 2722 937 Erogaverat
2754 866 3095 920 substantiam
3116 883 3262 920 suam
3288 866 3337 921 iit

1751 960 1984 1023 medicis,
2018 960 2072 1015 id
2090 970 2194 1025 est,
2218 960 2341 1030 quia
2368 970 2533 1015 totam
2559 958 2742 1025 ﬁdem,
2772 967 2829 1014 et
2854 959 3345 1015 conversationem.

1752 1062 1809 1108 et
1836 1069 1991 1122 spem
2022 1068 2174 1108 suam
2223 1054 2276 1107 in
2313 1052 2653 1123 philosophis
2681 1061 2961 1123 posuerat.
2997 1052 3146 1107 Misit
3181 1052 3347 1116 binos,

1752 1147 1993 1202 ostendit
2034 1147 2143 1202 duo
2174 1146 2541 1213 TeStamenta,
2593 1156 2653 1202 ut
2687 1147 2885 1202 eadem
2916 1147 3117 1218 ubique
3146 1146 3349 1217 praedi-

1754 1249 1879 1294 cent
1903 1257 1917 1292 :
1939 1239 2189 1293 similiter
2214 1248 2272 1293 et
2289 1240 2414 1309 quia
2445 1239 2686 1295 charitas
2715 1242 2771 1295 in
2798 1242 2981 1296 minus
3008 1241 3221 1296 duobus
3242 1256 3352 1296 non

1753 1332 2024 1388 consistit.
2058 1330 2163 1387 Per
2189 1332 2420 1402 virgam,
2451 1333 2908 1399 consolationem,
2952 1334 3069 1390 sive
3106 1334 3353 1405 discipli-

1755 1439 1879 1480 nam
1909 1423 2171 1491 ostendit,
2201 1433 2259 1478 ut
2279 1424 2480 1481 Paulus
2510 1425 2586 1479 ait
2611 1442 2625 1478 :
2663 1424 2805 1492 Quid
2830 1427 2984 1480 vultis
3020 1428 3073 1481 in
3098 1428 3245 1497 virga
3270 1443 3355 1480 ve-

1756 1518 1899 1571 niam
1929 1518 1997 1571 ad
2025 1534 2135 1585 ros,
2162 1535 2230 1572 an
2254 1518 2309 1571 in
2338 1519 2521 1587 spiritu
2552 1519 2987 1587 mansuetudinis,
3027 1529 3076 1572 et
3115 1520 3354 1573 consola-

1757 1611 1948 1664 tionis?
1970 1608 2545 1685 Calciatisandalibus,
2570 1626 2672 1680 pro
2702 1610 2879 1666 tribus
2905 1611 3108 1676 causis,
3132 1619 3357 1680 propter

1759 1700 1969 1769 Spinas,
2003 1700 2055 1755 id
2088 1711 2193 1769 est,
2225 1717 2324 1772 pro
2354 1702 2686 1773 obligatione
2714 1702 3050 1770 divitiarum,
3084 1702 3168 1759 vel
3197 1702 3353 1756 solli-

234 1817 247 1852 :
278 1797 477 1868 iustitia
508 1803 597 1852 est
638 1796 866 1865 diligere
899 1798 1067 1848 Deum
1115 1809 1182 1848 ex
1231 1803 1345 1846 toto
1387 1792 1574 1857 corde,
1604 1801 1658 1846 et
1687 1790 1735 1851 B
1763 1795 2005 1850 citudine
2028 1796 2215 1851 εωριηὶ
2248 1815 2259 1847 :
2285 1807 2507 1866 propter
2537 1796 2727 1866 frigus,
2772 1796 2827 1850 id
2856 1805 2963 1863 est,
3017 1812 3115 1866 pro
3145 1795 3351 1865 cupidi-

228 1905 383 1941 imum
424 1889 561 1943 sicut
598 1888 882 1956 seipsum:
924 1885 1209 1955 prudentia
1256 1893 1339 1938 est
1374 1882 1659 1952 providere

227 1998 251 2037 a
285 1999 299 2036 :
324 1981 675 2052 temperantia
705 1988 789 2035 est
815 1980 959 2034 omni
986 1979 1079 2032 ira:
1106 1979 1389 2046 imponere
1412 1975 1656 2028 modum.

227 2082 420 2129 werunt
460 2081 674 2139 lectum,
719 2072 773 2127 id
806 2080 912 2137 est,
945 2070 1233 2125 historiam
1263 2067 1422 2137 Legis
1454 2066 1661 2136 patefa-

227 2182 278 2222 es
302 2183 316 2231 ;
343 2166 687 2221 submiserunt
708 2163 1039 2236 grabbatum,
1072 2160 1313 2216 ostendit
1334 2159 1660 2214 denudatam

227 2276 308 2316 am
334 2260 515 2331 Legis,
545 2259 897 2314 manifestqu
928 2271 1149 2312 sensum
1178 2253 1481 2325 Evangelii.

227 2354 401 2426 recepit
428 2354 522 2417 eis,
557 2363 613 2406 ut
641 2353 697 2405 in
726 2351 970 2405 navicula
998 2350 1095 2404 sibi
1124 2348 1455 2415 deseruirent,
1482 2346 1532 2401 id
1552 2354 1661 2410 est,

228 2449 311 2503 :sia
342 2446 726 2518 praedicarent.
753 2444 993 2498 Ascendit
1028 2444 1083 2497 in
1112 2450 1359 2503 montem,
1388 2439 1664 2509 signiﬁcat

227 2540 443 2608 usionetn
475 2538 596 2608 ejus
639 2553 766 2593 cum
823 2550 992 2590 carne
1048 2534 1101 2588 in
1156 2535 1390 2597 caelum;
1442 2541 1660 2598 tonans,

227 2603 321 2687 ιιυέ
362 2642 474 2697 est;
516 2631 612 2686 lilii
658 2630 882 2685 tonitrui
909 2671 924 2697 ,
978 2626 1211 2698 apostoli
1256 2636 1412 2689 sunt;
1457 2625 1659 2692 nubes,

227 2730 381 2790 neue;
403 2723 605 2793 pluvia,
633 2720 945 2792 prmdicatio
964 2728 1068 2774 est.
1091 2717 1325 2771 Lucerna
1347 2715 1440 2770 sub
1462 2714 1660 2781 modio,

227 2826 276 2884 at,
328 2816 419 2886 qui
449 2831 549 2887 pro
576 2815 875 2888 cupiditate
917 2812 1105 2869 surculi
1132 2811 1332 2867 docet:
1366 2810 1468 2865 sub
1494 2809 1660 2875 lecto,

227 2918 261 2976 ι,
292 2909 622 2965 obscuritate
650 2908 1103 2979 delinquentium.
1130 2903 1257 2959 Non
1285 2911 1361 2958 est
1393 2900 1669 2956 abscondi-

228 3000 370 3073 quod
391 3017 495 3055 non
522 3001 883 3072 manifestatur
898 3016 918 3066 ;
946 2997 1159 3053 occulta
1182 2997 1305 3067 lege
1330 2994 1664 3061 Judaeorum;

227 3094 567 3151 manifestata
597 3103 681 3150 est
706 3093 980 3164 gentibus.
1029 3091 1206 3145 Homo
1235 3089 1327 3159 qui
1355 3087 1666 3152 seminavit,

1764 1896 1873 1943 tate
1922 1890 2118 1943 mentis
2164 1898 2260 1943 aut
2291 1889 2611 1943 inﬁdelitate
2646 1908 2658 1941 :
2690 1899 2911 1960 propter
2941 1900 3249 1959 serpentes,
3300 1888 3356 1945 id

1764 1990 1870 2042 est,
1901 1993 1999 2048 pro
2029 1980 2327 2047 cupiditate
2354 1980 2554 2033 mentis
2598 1990 2692 2032 aut
2732 1978 3057 2035 inﬁdelitate
3091 1996 3105 2033 :
3133 1989 3358 2051 propter

1763 2078 2072 2138 serpentes,
2108 2068 2161 2123 id
2194 2078 2302 2135 est,
2344 2078 2569 2139 pr0pter
2600 2070 2902 2124 doctrinam
2948 2070 3356 2126 haereticorum.

1767 2161 1892 2216 Non
1916 2163 2117 2217 duabus
2147 2162 2361 2230 tunicis,
2406 2162 2460 2217 id
2493 2170 2598 2227 est,
2651 2178 2757 2217 non
2802 2162 2967 2233 dupla
3017 2171 3220 2227 mente,
3257 2180 3358 2219 nec

1766 2255 2043 2310 dubietate
2075 2258 2218 2309 inter
2254 2255 2439 2322 ﬁdem,
2497 2266 2551 2310 et
2591 2255 2987 2324 inlidelitatem,
3033 2272 3141 2311 non
3191 2256 3357 2325 dupla

1765 2348 1963 2404 ﬁducia
1990 2350 2041 2403 in
2068 2363 2210 2402 novo
2237 2359 2329 2402 aut
2358 2348 2411 2403 in
2435 2351 2631 2405 veteri.
2671 2350 2790 2407 Non
2817 2352 2959 2406 sicut
2985 2350 3355 2422 simulatores,

1765 2440 1857 2511 qui
1883 2441 1951 2496 ab
1977 2440 2286 2496 hominibus
2310 2440 2525 2496 laudem
2541 2453 2818 2513 quaerunt;
2845 2458 2941 2515 per
2961 2459 3175 2501 caenam
3193 2460 3357 2515 quam

1766 2547 1874 2586 non
1925 2532 2275 2602 subsequitur
2320 2533 2646 2603 prandium,
2699 2538 3098 2593 consummatio
3146 2536 3355 2603 surculi,

1765 2626 1910 2698 quod
1940 2628 2193 2683 veniente
2219 2625 2439 2682 Christo
2469 2629 2993 2685 consummationem
3016 2644 3171 2685 suam
3199 2629 3359 2684 vidit.

1765 2719 1887 2774 Iam
1907 2720 2152 2791 prastat-iit
2182 2718 2333 2789 hora,
2382 2720 2435 2774 id
2474 2729 2580 2786 est,
2613 2719 2797 2776 littera
2846 2721 3033 2792 Legis,
3086 2721 3230 2777 unde
3260 2722 3356 2789 ait,

1766 2821 1937 2865 vetera
1969 2813 2311 2881 transierunt,
2336 2820 2383 2865 et
2403 2829 2518 2866 ecce
2541 2814 2681 2884 facta
2708 2823 2831 2867 sunt
2860 2831 3012 2870 nova.

1842 2901 2017 2957 Naves
2042 2905 2100 2958 in
2128 2904 2300 2958 medio
2326 2905 2510 2970 maris,
2543 2904 2596 2958 id
2626 2913 2727 2972 est,
2759 2903 3007 2960 Ecclesia
3028 2906 3089 2963 in
3131 2903 3360 2960 ﬁuctua-

1769 2995 1919 3051 tione
1949 2995 2155 3050 mundi.
2201 2995 2363 3052 Jesus
2405 2997 2555 3052 solus
2580 2998 2635 3052 in
2679 3012 2851 3065 mare,
2896 2998 3167 3068 signiﬁcat
3210 2999 3360 3054 solus

1771 3098 1929 3144 natus
1963 3090 2017 3143 in
2049 3098 2194 3144 terra
2220 3088 2340 3144 sine
2370 3098 2550 3156 tactu;
2578 3100 2773 3145 ventus
2803 3091 3133 3159 contrarius,
3174 3102 3363 3146 osten-

232 3190 310 3245 dit
338 3188 664 3244 doctorem:
696 3186 841 3257 quod
872 3184 1187 3249 seminavit.
1220 3182 1270 3236 id
1303 3190 1409 3247 est,
1440 3182 1664 3235 verbm"
1693 3186 1736 3243 C
1768 3185 1846 3241 dit
1877 3183 2309 3255 persecutionem
2350 3184 2550 3239 diaboli
2579 3196 2699 3255 post
2739 3185 3114 3241 ascensionem
3153 3184 3358 3240 Christi

228 3282 361 3347 um;
388 3280 442 3334 in
467 3290 635 3343 terra,
666 3281 718 3333 in
742 3276 910 3333 corde
940 3275 1254 3335 hominum;
1276 3272 1659 3339 dormientem,

227 3391 255 3438 ;,
287 3373 660 3437 nescientem;
694 3386 791 3439 per
821 3380 1037 3425 noctem
1059 3410 1073 3433 ,
1114 3368 1518 3433 adversitatem,
1552 3365 1665 3419 sive

228 3465 445 3520 antiam
475 3462 744 3528 ostendit;
778 3477 875 3532 per
896 3462 1046 3517 diem
1071 3474 1204 3515 vero
1225 3460 1663 3530 prosperitatem,

236 3558 593 3631 gnorantiam
624 3556 897 3622 ostendit;
934 3571 1029 3625 per
1058 3554 1201 3609 diem
1230 3568 1363 3609 vero
1390 3552 1667 3624 prosperi-

227 3672 279 3718 ι,
328 3651 451 3706 sive
480 3650 766 3705 scientiam
801 3646 1075 3711 ostendit;
1111 3662 1206 3717 per
1228 3660 1469 3722 germen,
1515 3660 1667 3701 com-

228 3744 427 3799 ,ionem
446 3741 629 3798 cordis
650 3782 665 3806 ,
700 3757 795 3813 per
823 3740 1074 3806 herbam,
1102 3739 1265 3794 ﬁdem
1292 3754 1550 3808 operum;
1577 3753 1669 3805 per

227 3855 297 3903 m,
335 3836 735 3907 perfectionem
768 3833 1135 3905 operationis;
1173 3832 1392 3901 plenum
1434 3830 1669 3885 fructum

227 3931 355 3997 lica,
403 3926 644 3982 ostendit
689 3924 1220 3981 consummationem
1263 3936 1527 3992 operum:
1576 3934 1672 3990 per

228 4040 283 4089 n,
319 4020 628 4092 amputatio
673 4019 963 4090 praesentis
985 4017 1157 4087 “vitae,
1190 4025 1247 4069 et
1275 4012 1671 4069 consummatio

228 4116 277 4170 li.

228 4210 429 4263 nitteus
452 4205 655 4261 turbam
672 4202 1000 4270 ludtzorum,
1027 4200 1155 4254 abiit
1179 4200 1235 4254 in
1262 4214 1461 4265 navem,
1489 4196 1541 4251 id
1565 4206 1671 4266 est,

228 4300 488 4357 :clesiam
540 4314 608 4354 ex
658 4296 934 4368 gentibus.
986 4294 1125 4349 Aliae
1170 4308 1337 4347 naves
1367 4300 1673 4348 erantcum

232 4397 266 4451 d
298 4406 417 4464 est,
441 4393 679 4450 diversae
699 4391 963 4447 Ecclesia:
987 4388 1364 4445 htereticorum
1396 4404 1410 4441 :
1436 4402 1532 4457 per
1552 4399 1677 4456 pro-

228 4509 263 4544 ιι
293 4489 483 4557 venti,
512 4486 756 4543 ostendit
797 4484 1202 4556 persecutiones
1232 4492 1421 4537 contra
1452 4478 1670 4545 ﬁdeles;

1768 3277 1826 3334 in
1857 3275 2152 3345 apostolos.
2186 3274 2367 3331 Voluit
2398 3281 2662 3345 praeterire
2703 3294 2812 3344 eos,
2843 3276 3083 3332 ostendit
3127 3276 3194 3331 ad
3227 3292 3357 3346 pro-

1768 3370 1978 3427 bandos
2006 3385 2126 3425 eos.
2167 3367 2502 3424 Genesareth
2548 3378 2760 3439 portum
2810 3378 2994 3437 aptum
3036 3369 3362 3438 interpreta-

1769 3470 1877 3518 tur.
1912 3461 2048 3515 Abiit
2078 3461 2134 3514 in
2158 3470 2328 3530 partes
2359 3458 2486 3531 Tyri
2514 3469 2563 3514 et
2594 3460 2843 3531 Sydonis,
2879 3462 2931 3516 id
2969 3472 3073 3529 est,
3114 3464 3182 3517 ad
3224 3478 3358 3533 gen-

1772 3565 1883 3622 tes;
1907 3555 2169 3624 ingressus
2194 3554 2247 3606 in
2274 3553 2448 3618 domo,
2482 3554 2535 3607 id
2567 3566 2669 3622 est,
2702 3555 2757 3609 in
2785 3554 3067 3610 mundum.

1845 3646 2120 3701 Neminem
2141 3645 2301 3699 voluit
2329 3646 2478 3713 scire,
2529 3647 2768 3701 ostendit
2812 3647 3190 3703 humilitatem.
3236 3646 3362 3702 Non

1772 3740 1941 3813 potuit
1970 3738 2154 3807 latere,
2190 3736 2242 3792 id
2272 3749 2374 3803 εει,
2406 3739 2531 3808 quia
2561 3754 2723 3809 opera
2766 3739 2884 3809 ejus
2922 3739 3205 3795 manifesta
3234 3750 3363 3795 sunt

1773 3848 2013 3901 semper.
2045 3830 2149 3885 Per
2176 3832 2457 3885 mulierem
2488 3830 2800 3901 intelligitur
2846 3832 3121 3902 primitiva
3168 3833 3365 3890 Eccle-

1774 3926 1873 3980 sia.
1924 3922 2161 3977 Procidit
2211 3933 2331 3977 ante
2372 3924 2528 3995 pedes
2574 3921 2723 3992 Iesu,
2777 3925 3009 3995 apostoli
3056 3937 3204 3994 sunt,
3255 3928 3366 3980 sine

1776 4018 1920 4085 prius
1965 4025 2205 4070 saturare
2250 4015 2408 4083 ﬁlios,
2465 4015 2516 4070 id
2547 4025 2650 4087 est,
2683 4016 2922 4084 Judaeos,
2977 4027 3036 4071 ut
3063 4018 3365 4088 percipiant

1774 4107 2030 4164 mandata
2060 4108 2201 4181 legis
2239 4107 2514 4177 Evangelii
2542 4124 2555 4160 :
2587 4118 2644 4162 et
2670 4110 2716 4163 si
2742 4108 2965 4179 indigne
3000 4107 3366 4178 iudicaverint

1775 4216 2007 4273 regnum
2056 4201 2186 4267 Dei,
2233 4208 2361 4255 tunc
2410 4199 2681 4269 accipiant
2724 4211 2914 4271 gentes
2942 4201 3104 4257 illud.
3157 4198 3365 4253 Invenit

1776 4293 2005 4365 puellam
2018 4295 2279 4364 jacentem
2327 4308 2488 4362 super
2512 4293 2724 4360 lectum,
2755 4293 2810 4347 id
2855 4301 2957 4361 est,
3005 4292 3212 4346 invenit
3242 4306 3363 4346 eam

1778 4390 1834 4445 in
1871 4390 2101 4459 pristino
2131 4396 2158 4425 ⁸
2190 4388 2439 4458 corporis
2483 4388 2588 4442 sui.
2623 4388 2731 4443 Per
2767 4386 2989 4441 surdum
3032 4398 3087 4441 et
3131 4392 3363 4452 mutum,

1786 4483 2029 4538 ostendit
2055 4484 2351 4537 humanum
2376 4495 2582 4552 genus;
2614 4480 2809 4536 surdus
2837 4490 2955 4535 erat
2992 4480 3083 4550 qui
3124 4495 3231 4534 non
3272 4494 3369 4533 au-

227 4601 268 4641 IS
297 4584 579 4650 mittebat,
617 4589 674 4636 ut
697 4579 1019 4651 impleretur
1049 4576 1231 4645 naviS,
1274 4572 1511 4629 ostendit
1555 4586 1679 4643 per-
1704 4580 1759 4641 D
1782 4577 1965 4633 diebat
1994 4577 2248 4632 mandata
2272 4577 2399 4642 Dei;
2434 4590 2535 4630 nec
2561 4576 2746 4630 dicere
2770 4574 2987 4628 valebat
3014 4582 3214 4638 mutus,
3243 4573 3369 4641 quia

227 4682 427 4736 ionem
448 4676 790 4740 Antichristi,
824 4688 921 4728 seu
943 4671 1317 4735 saevissimam,
1335 4678 1393 4723 ut
1413 4682 1585 4739 prope
1607 4665 1674 4722 ad

229 4776 432 4829 ionem
463 4771 685 4827 veniant
714 4765 871 4823 multi
900 4783 913 4818 :
946 4764 1124 4819 dilecti
1165 4781 1197 4816 a
1235 4761 1381 4829 Deo,
1424 4776 1680 4833 perseve-

227 4870 284 4923 in
316 4866 455 4922 fide.
514 4862 765 4919 Dormire
810 4860 1086 4916 Christum
1119 4858 1171 4912 in
1205 4871 1403 4928 puppe,
1450 4854 1682 4910 ostendit

227 4965 468 5020 itionem
493 4960 731 5015 ﬁdelium
754 4958 808 5013 in
841 4956 1242 5027 persecutione.
1273 4953 1520 5008 Excitant
1543 4969 1681 5019 eum,

227 5067 264 5122 t,
304 5057 571 5109 invocant
602 5066 723 5107 eum
754 5052 808 5105 in
848 5048 1247 5121 persecutione,
1275 5048 1327 5101 in
1352 5045 1682 5115 adjutorium

236 5144 422 5201 Facta
454 5154 533 5200 est
573 5142 923 5215 tranquillitas
954 5156 1165 5215 magna,
1202 5139 1253 5194 id
1280 5146 1383 5207 est,
1417 5149 1538 5207 pOSt
1566 5150 1685 5207 per-

1783 4670 2177 4728 coulessionem
2210 4669 2384 4724 laudis
2433 4667 2667 4724 reddere
2704 4680 2814 4720 non
2862 4665 3100 4731 valebat,
3154 4674 3210 4719 et
3238 4678 3370 4719 con-

1783 4774 2077 4831 fessionem
2106 4772 2231 4826 ﬁdei
2258 4786 2368 4825 non
2407 4768 2657 4823 habebat.
2702 4765 2896 4821 Educit
2923 4782 3037 4821 eum
3076 4775 3222 4820 extra
3265 4775 3376 4819 tur-

1787 4878 1925 4944 bam,
1974 4874 2210 4929 ostendit
2238 4880 2503 4926 remotam
2546 4870 2736 4935 vitam,
2794 4867 2920 4938 quia
2968 4867 3022 4922 in
3070 4865 3375 4923 remotione

1786 4994 2006 5050 semper
2048 4975 2330 5046 cognoscit
2363 4973 2526 5028 homo
2577 4972 2876 5027 caecitatem
2910 4979 3251 5042 peccatorum
3304 4970 3376 5025 ad

1790 5082 2071 5155 pristinam
2100 5074 2568 5131 conversationem
2598 5073 2757 5128 bona:
2786 5080 3013 5127 naturas.
3063 5069 3207 5126 Misit
3245 5071 3381 5143 digi-

1795 5196 1872 5242 tos
1895 5188 1949 5240 in
1974 5198 2150 5248 aures,
2170 5180 2351 5236 cordis
2373 5178 2491 5250 ejus
2522 5196 2532 5229 :
2558 5186 2608 5231 et
2651 5176 2853 5247 aperuit
2882 5193 2937 5232 os
2963 5179 3099 5251 ejus,
3147 5174 3203 5230 in
3249 5189 3382 5228 con-

1795 5292 2031 5350 fessione
2061 5287 2207 5343 ﬁdei.
2239 5283 2541 5355 Suspiciens
2569 5283 2623 5335 in
2653 5280 2803 5349 ctelo,
2844 5280 3083 5338 ostendit
3108 5290 3167 5335 ut
3194 5272 3384 5334 omnes

1798 5393 1986 5454 laudes
2016 5391 2130 5446 Deo
2155 5386 2427 5444 referrent
2452 5402 2465 5438 ς
2493 5384 2760 5455 ingemuit,
2786 5382 2838 5438 id
2868 5393 2972 5453 est,
3018 5397 3119 5453 pro
3148 5380 3388 5452 peccatis

1801 5500 2017 5575 generis
2044 5496 2301 5563 humani,
2335 5508 2455 5565 qua:
2482 5493 2537 5548 in
2567 5487 2770 5546 mundo
2810 5487 3140 5545 eminebant.
3190 5485 3385 5554 Aliter,

229 5244 427 5295 ionem
461 5236 807 5304 Antichristi,
841 5245 896 5292 et
926 5244 1049 5306 post
1071 5232 1547 5288 resurrectionem.
1580 5230 1687 5284 Ho-

228 5336 424 5391 iahens
463 5333 718 5404 spiritum
768 5330 1127 5394 immundum,
1185 5327 1453 5398 significat
1501 5325 1691 5377 huma-

260 5441 482 5499 genus;
518 5434 746 5497 ,catenas
801 5424 1147 5495 disrumpens,
1206 5418 1448 5476 ostendit
1498 5424 1690 5487 gentes

231 5525 525 5579 aricantes
568 5522 747 5594 legem
791 5527 1003 5577 natura:
1049 5532 1163 5575 suae
1195 5533 1210 5574 :
1240 5516 1355 5574 sive
1386 5511 1689 5571 doctrinam

227 5724 403 5782 Nullo
434 5722 662 5800 negotio
685 5721 943 5799 suppleas
972 5730 1112 5781 statu
1133 5762 1148 5791 ,
1179 5727 1275 5778 aut
1306 5717 1439 5791 quid
1479 5712 1676 5771 simile.
1708 5706 1875 5768 Nobis
1897 5706 2044 5779 quod
2081 5702 2306 5760 vacabat
2346 5703 2400 5759 in
2443 5700 2695 5779 originali
2732 5698 2988 5775 spatium,
3027 5696 3246 5773 explere
3284 5710 3392 5753 non

227 5808 269 5855 ι.
