  <div class='ocr_page' id='page_1' title='image "/cluster/home/n/w/nwhite01/storage/ocr_20150623/30/uva.x000826572/289.png"; bbox 0 0 4050 6198; ppageno 0'>
   <div class='ocr_carea' id='block_1_1' title="bbox 537 213 651 280">
    <p class='ocr_par' dir='ltr' id='par_1_1' title="bbox 537 213 651 280">
     <span class='ocr_line' id='line_1_1' title="bbox 537 213 651 280; baseline -0.053 0"><span class='ocrx_word' id='word_1_1' title='bbox 537 213 651 280; x_wconf 75' lang='lat'><strong>563</strong></span> 
     </span>
    </p>
   </div>
   <div class='ocr_carea' id='block_1_2' title="bbox 1578 190 2786 263">
    <p class='ocr_par' dir='ltr' id='par_1_2' title="bbox 1578 190 2786 263">
     <span class='ocr_line' id='line_1_2' title="bbox 1578 190 2786 263; baseline -0.011 -3"><span class='ocrx_word' id='word_1_2' title='bbox 1578 206 1636 262; x_wconf 92' lang='lat' dir='ltr'><strong>S.</strong></span> <span class='ocrx_word' id='word_1_3' title='bbox 1678 196 2060 258; x_wconf 72' lang='lat' dir='ltr'><strong>HIERONYMI</strong></span> <span class='ocrx_word' id='word_1_4' title='bbox 2098 194 2381 263; x_wconf 77' lang='lat' dir='ltr'><strong>OPERUM</strong></span> <span class='ocrx_word' id='word_1_5' title='bbox 2418 190 2786 251; x_wconf 73' lang='lat' dir='ltr'><strong>MANTISSA.</strong></span> 
     </span>
    </p>
   </div>
   <div class='ocr_carea' id='block_1_3' title="bbox 3742 190 3857 255">
    <p class='ocr_par' dir='ltr' id='par_1_3' title="bbox 3742 190 3857 255">
     <span class='ocr_line' id='line_1_3' title="bbox 3742 190 3857 255; baseline 0.07 -8"><span class='ocrx_word' id='word_1_6' title='bbox 3742 190 3857 255; x_wconf 70' lang='grc' dir='ltr'><strong>εει</strong></span> 
     </span>
    </p>
   </div>
   <div class='ocr_carea' id='block_1_4' title="bbox 542 313 3855 405">
    <p class='ocr_par' dir='ltr' id='par_1_4' title="bbox 542 313 3855 405">
     <span class='ocr_line' id='line_1_4' title="bbox 542 313 3855 405; baseline -0.001 -16"><span class='ocrx_word' id='word_1_7' title='bbox 542 342 603 389; x_wconf 92' lang='lat' dir='ltr'><strong>ut</strong></span> <span class='ocrx_word' id='word_1_8' title='bbox 629 334 939 405; x_wconf 79' lang='lat' dir='ltr'><strong>exemplum</strong></span> <span class='ocrx_word' id='word_1_9' title='bbox 968 330 1120 387; x_wconf 84' lang='lat' dir='ltr'><strong>daret</strong></span> <span class='ocrx_word' id='word_1_10' title='bbox 1154 325 1331 392; x_wconf 90' lang='lat' dir='ltr'><strong>nobis,</strong></span> <span class='ocrx_word' id='word_1_11' title='bbox 1383 332 1445 378; x_wconf 89' lang='lat' dir='ltr'><strong>ut</strong></span> <span class='ocrx_word' id='word_1_12' title='bbox 1490 335 1611 376; x_wconf 84' lang='lat' dir='ltr'><strong>cunt</strong></span> <span class='ocrx_word' id='word_1_13' title='bbox 1642 313 2131 391; x_wconf 74' lang='lat' dir='ltr'><strong>supplicationibus</strong></span> <span class='ocrx_word' id='word_1_14' title='bbox 2161 316 2210 383; x_wconf 73' lang='grc' dir='ltr'>Α</span> <span class='ocrx_word' id='word_1_15' title='bbox 2238 342 2295 391; x_wconf 65' lang='grc' dir='ltr'><strong>ει</strong></span> <span class='ocrx_word' id='word_1_16' title='bbox 2331 328 2422 387; x_wconf 68' lang='lat' dir='ltr'><strong>am</strong></span> <span class='ocrx_word' id='word_1_17' title='bbox 2452 347 2481 387; x_wconf 62' lang='grc' dir='ltr'><strong>ο</strong></span> <span class='ocrx_word' id='word_1_18' title='bbox 2510 346 2682 402; x_wconf 60' lang='lat' dir='ltr'><strong>regno</strong></span> <span class='ocrx_word' id='word_1_19' title='bbox 2704 331 2800 387; x_wconf 74' lang='lat' dir='ltr'><strong>Dei</strong></span> <span class='ocrx_word' id='word_1_20' title='bbox 2837 328 3170 389; x_wconf 84' lang='lat' dir='ltr'><strong>disturbent.</strong></span> <span class='ocrx_word' id='word_1_21' title='bbox 3213 328 3318 389; x_wconf 84' lang='lat' dir='ltr'><strong>Per</strong></span> <span class='ocrx_word' id='word_1_22' title='bbox 3344 343 3569 389; x_wconf 80' lang='lat' dir='ltr'><strong>vermes</strong></span> <span class='ocrx_word' id='word_1_23' title='bbox 3599 332 3855 397; x_wconf 73' lang='lat' dir='ltr'><strong>ostendit</strong></span> 
     </span>
    </p>
   </div>
   <div class='ocr_carea' id='block_1_5' title="bbox 552 426 1023 499">
    <p class='ocr_par' dir='ltr' id='par_1_5' title="bbox 552 426 1023 499">
     <span class='ocr_line' id='line_1_5' title="bbox 552 426 1023 499; baseline -0.013 -18"><span class='ocrx_word' id='word_1_24' title='bbox 552 441 812 499; x_wconf 82' lang='lat' dir='ltr'><strong>rogemus</strong></span> <span class='ocrx_word' id='word_1_25' title='bbox 838 426 1023 479; x_wconf 92' lang='lat' dir='ltr'><strong>Deum.</strong></span> 
     </span>
    </p>
   </div>
   <div class='ocr_carea' id='block_1_6' title="bbox 622 500 2139 583">
    <p class='ocr_par' dir='ltr' id='par_1_6' title="bbox 622 500 2139 583">
     <span class='ocr_line' id='line_1_6' title="bbox 622 500 2139 583; baseline -0.015 -8"><span class='ocrx_word' id='word_1_26' title='bbox 622 520 727 575; x_wconf 90' lang='lat' dir='ltr'><strong>Per</strong></span> <span class='ocrx_word' id='word_1_27' title='bbox 770 530 971 571; x_wconf 81' lang='lat' dir='ltr'><strong>caecum</strong></span> <span class='ocrx_word' id='word_1_28' title='bbox 1020 525 1193 583; x_wconf 85' lang='lat' dir='ltr'><strong>genus</strong></span> <span class='ocrx_word' id='word_1_29' title='bbox 1245 510 1539 564; x_wconf 87' lang='lat' dir='ltr'><strong>humanum</strong></span> <span class='ocrx_word' id='word_1_30' title='bbox 1589 503 1869 561; x_wconf 75' lang='lat' dir='ltr'><strong>ostendit:</strong></span> <span class='ocrx_word' id='word_1_31' title='bbox 1908 502 1999 575; x_wconf 86' lang='lat' dir='ltr'><strong>qui</strong></span> <span class='ocrx_word' id='word_1_32' title='bbox 2042 500 2139 554; x_wconf 88' lang='lat' dir='ltr'><strong>ad-</strong></span> 
     </span>
    </p>
   </div>
   <div class='ocr_carea' id='block_1_7' title="bbox 552 596 2140 666">
    <p class='ocr_par' dir='ltr' id='par_1_7' title="bbox 552 596 2140 666">
     <span class='ocr_line' id='line_1_7' title="bbox 552 596 2140 666; baseline -0.013 0"><span class='ocrx_word' id='word_1_33' title='bbox 552 613 817 666; x_wconf 75' lang='lat' dir='ltr'><strong>duxerunt</strong></span> <span class='ocrx_word' id='word_1_34' title='bbox 846 621 963 659; x_wconf 89' lang='lat' dir='ltr'><strong>eum</strong></span> <span class='ocrx_word' id='word_1_35' title='bbox 1006 604 1075 656; x_wconf 85' lang='lat' dir='ltr'><strong>ad</strong></span> <span class='ocrx_word' id='word_1_36' title='bbox 1105 603 1303 666; x_wconf 84' lang='lat' dir='ltr'><strong>Jesum,</strong></span> <span class='ocrx_word' id='word_1_37' title='bbox 1354 598 1591 655; x_wconf 84' lang='lat' dir='ltr'><strong>ostendit</strong></span> <span class='ocrx_word' id='word_1_38' title='bbox 1618 597 1889 653; x_wconf 86' lang='lat' dir='ltr'><strong>doctores.</strong></span> <span class='ocrx_word' id='word_1_39' title='bbox 1942 596 2140 666; x_wconf 84' lang='lat' dir='ltr'><strong>Appre-</strong></span> 
     </span>
    </p>
   </div>
   <div class='ocr_carea' id='block_1_8' title="bbox 552 685 2139 764">
    <p class='ocr_par' dir='ltr' id='par_1_8' title="bbox 552 685 2139 764">
     <span class='ocr_line' id='line_1_8' title="bbox 552 685 2139 764; baseline -0.013 -9"><span class='ocrx_word' id='word_1_40' title='bbox 552 705 711 755; x_wconf 72' lang='lat' dir='ltr'><strong>[tensa</strong></span> <span class='ocrx_word' id='word_1_41' title='bbox 737 716 914 764; x_wconf 85' lang='lat' dir='ltr'><strong>manu,</strong></span> <span class='ocrx_word' id='word_1_42' title='bbox 948 694 999 749; x_wconf 88' lang='lat' dir='ltr'><strong>id</strong></span> <span class='ocrx_word' id='word_1_43' title='bbox 1028 704 1135 761; x_wconf 92' lang='lat' dir='ltr'><strong>est,</strong></span> <span class='ocrx_word' id='word_1_44' title='bbox 1176 692 1325 749; x_wconf 81' lang='lat' dir='ltr'><strong>dedit</strong></span> <span class='ocrx_word' id='word_1_45' title='bbox 1353 690 1745 762; x_wconf 86' lang='lat' dir='ltr'><strong>operationem.</strong></span> <span class='ocrx_word' id='word_1_46' title='bbox 1781 685 1981 741; x_wconf 64' lang='lat' dir='ltr'><strong>Eduxit</strong></span> <span class='ocrx_word' id='word_1_47' title='bbox 2022 700 2139 751; x_wconf 83' lang='lat' dir='ltr'><strong>eum</strong></span> 
     </span>
    </p>
   </div>
   <div class='ocr_carea' id='block_1_9' title="bbox 553 778 2139 855">
    <p class='ocr_par' dir='ltr' id='par_1_9' title="bbox 553 778 2139 855">
     <span class='ocr_line' id='line_1_9' title="bbox 553 778 2139 855; baseline -0.013 -5"><span class='ocrx_word' id='word_1_48' title='bbox 553 806 697 850; x_wconf 79' lang='lat' dir='ltr'><strong>extra</strong></span> <span class='ocrx_word' id='word_1_49' title='bbox 726 794 911 855; x_wconf 81' lang='lat' dir='ltr'><strong>vicum,</strong></span> <span class='ocrx_word' id='word_1_50' title='bbox 965 789 1207 844; x_wconf 88' lang='lat' dir='ltr'><strong>ostendit</strong></span> <span class='ocrx_word' id='word_1_51' title='bbox 1254 787 1615 843; x_wconf 90' lang='lat' dir='ltr'><strong>remotionem</strong></span> <span class='ocrx_word' id='word_1_52' title='bbox 1662 778 2139 851; x_wconf 78' lang='lat' dir='ltr'><strong>contemplationis</strong></span> 
     </span>
    </p>
   </div>
   <div class='ocr_carea' id='block_1_10' title="bbox 552 873 2137 954">
    <p class='ocr_par' dir='ltr' id='par_1_10' title="bbox 552 873 2137 954">
     <span class='ocr_line' id='line_1_10' title="bbox 552 873 2137 954; baseline -0.008 -15"><span class='ocrx_word' id='word_1_53' title='bbox 552 888 697 952; x_wconf 66' lang='lat' dir='ltr'><strong>vitae,</strong></span> <span class='ocrx_word' id='word_1_54' title='bbox 728 886 842 941; x_wconf 86' lang='lat' dir='ltr'><strong>sive</strong></span> <span class='ocrx_word' id='word_1_55' title='bbox 871 892 1020 939; x_wconf 79' lang='lat' dir='ltr'><strong>extra</strong></span> <span class='ocrx_word' id='word_1_56' title='bbox 1047 882 1332 954; x_wconf 89' lang='lat' dir='ltr'><strong>pristinam</strong></span> <span class='ocrx_word' id='word_1_57' title='bbox 1347 877 1842 935; x_wconf 88' lang='lat' dir='ltr'><strong>conversationem.</strong></span> <span class='ocrx_word' id='word_1_58' title='bbox 1865 873 2137 946; x_wconf 76' lang='lat' dir='ltr'><strong>Exspuens</strong></span> 
     </span>
    </p>
   </div>
   <div class='ocr_carea' id='block_1_11' title="bbox 548 967 2139 1047">
    <p class='ocr_par' dir='ltr' id='par_1_11' title="bbox 548 967 2139 1047">
     <span class='ocr_line' id='line_1_11' title="bbox 548 967 2139 1047; baseline -0.009 -14"><span class='ocrx_word' id='word_1_59' title='bbox 548 982 602 1033; x_wconf 87' lang='lat' dir='ltr'><strong>in</strong></span> <span class='ocrx_word' id='word_1_60' title='bbox 628 977 825 1045; x_wconf 87' lang='lat' dir='ltr'><strong>oculos,</strong></span> <span class='ocrx_word' id='word_1_61' title='bbox 880 993 975 1046; x_wconf 91' lang='lat' dir='ltr'><strong>per</strong></span> <span class='ocrx_word' id='word_1_62' title='bbox 1004 984 1242 1047; x_wconf 88' lang='lat' dir='ltr'><strong>sputum,</strong></span> <span class='ocrx_word' id='word_1_63' title='bbox 1274 971 1695 1029; x_wconf 76' lang='lat' dir='ltr'><strong>incarnationem</strong></span> <span class='ocrx_word' id='word_1_64' title='bbox 1718 967 1919 1023; x_wconf 90' lang='lat' dir='ltr'><strong>Christi</strong></span> <span class='ocrx_word' id='word_1_65' title='bbox 1959 974 2139 1021; x_wconf 85' lang='lat' dir='ltr'><strong>osten-</strong></span> 
     </span>
    </p>
   </div>
   <div class='ocr_carea' id='block_1_12' title="bbox 550 1060 2139 1142">
    <p class='ocr_par' dir='ltr' id='par_1_12' title="bbox 550 1060 2139 1142">
     <span class='ocr_line' id='line_1_12' title="bbox 550 1060 2139 1142; baseline -0.01 -15"><span class='ocrx_word' id='word_1_66' title='bbox 550 1073 646 1137; x_wconf 90' lang='lat' dir='ltr'><strong>dit,</strong></span> <span class='ocrx_word' id='word_1_67' title='bbox 675 1087 770 1142; x_wconf 84' lang='lat' dir='ltr'><strong>per</strong></span> <span class='ocrx_word' id='word_1_68' title='bbox 794 1085 953 1142; x_wconf 86' lang='lat' dir='ltr'><strong>quam</strong></span> <span class='ocrx_word' id='word_1_69' title='bbox 988 1068 1321 1124; x_wconf 88' lang='lat' dir='ltr'><strong>illuminatus</strong></span> <span class='ocrx_word' id='word_1_70' title='bbox 1348 1077 1431 1121; x_wconf 90' lang='lat' dir='ltr'><strong>est</strong></span> <span class='ocrx_word' id='word_1_71' title='bbox 1458 1079 1629 1139; x_wconf 89' lang='lat' dir='ltr'><strong>genus</strong></span> <span class='ocrx_word' id='word_1_72' title='bbox 1658 1062 1949 1119; x_wconf 85' lang='lat' dir='ltr'><strong>humanum</strong></span> <span class='ocrx_word' id='word_1_73' title='bbox 1980 1076 1995 1113; x_wconf 93' lang='lat'><strong>:</strong></span> <span class='ocrx_word' id='word_1_74' title='bbox 2037 1060 2139 1139; x_wconf 81' lang='lat' dir='ltr'><strong>im-</strong></span> 
     </span>
    </p>
   </div>
   <div class='ocr_carea' id='block_1_13' title="bbox 546 1154 2143 1232">
    <p class='ocr_par' dir='ltr' id='par_1_13' title="bbox 546 1154 2143 1232">
     <span class='ocr_line' id='line_1_13' title="bbox 546 1154 2143 1232; baseline -0.008 -15"><span class='ocrx_word' id='word_1_75' title='bbox 546 1163 728 1232; x_wconf 83' lang='lat' dir='ltr'><strong>positis</strong></span> <span class='ocrx_word' id='word_1_76' title='bbox 778 1161 1044 1230; x_wconf 82' lang='lat' dir='ltr'><strong>manibus,</strong></span> <span class='ocrx_word' id='word_1_77' title='bbox 1109 1159 1160 1215; x_wconf 91' lang='lat' dir='ltr'><strong>id</strong></span> <span class='ocrx_word' id='word_1_78' title='bbox 1216 1168 1330 1226; x_wconf 91' lang='lat' dir='ltr'><strong>est,</strong></span> <span class='ocrx_word' id='word_1_79' title='bbox 1394 1155 1541 1213; x_wconf 86' lang='lat' dir='ltr'><strong>dedit</strong></span> <span class='ocrx_word' id='word_1_80' title='bbox 1579 1154 1907 1226; x_wconf 72' lang='lat' dir='ltr'><strong>adiutorium</strong></span> <span class='ocrx_word' id='word_1_81' title='bbox 1952 1165 2143 1222; x_wconf 89' lang='lat' dir='ltr'><strong>opera-</strong></span> 
     </span>
    </p>
   </div>
   <div class='ocr_carea' id='block_1_14' title="bbox 545 1257 729 1313">
    <p class='ocr_par' dir='ltr' id='par_1_14' title="bbox 545 1257 729 1313">
     <span class='ocr_line' id='line_1_14' title="bbox 545 1257 729 1313; baseline -0.005 -2"><span class='ocrx_word' id='word_1_82' title='bbox 545 1257 729 1313; x_wconf 84' lang='lat' dir='ltr'><strong>tionis.</strong></span> 
     </span>
    </p>
   </div>
   <div class='ocr_carea' id='block_1_15' title="bbox 626 1337 2143 1409">
    <p class='ocr_par' dir='ltr' id='par_1_15' title="bbox 626 1337 2143 1409">
     <span class='ocr_line' id='line_1_15' title="bbox 626 1337 2143 1409; baseline -0.011 -6"><span class='ocrx_word' id='word_1_83' title='bbox 626 1349 787 1403; x_wconf 84' lang='lat' dir='ltr'><strong>Video</strong></span> <span class='ocrx_word' id='word_1_84' title='bbox 816 1349 1047 1403; x_wconf 77' lang='lat' dir='ltr'><strong>homines</strong></span> <span class='ocrx_word' id='word_1_85' title='bbox 1090 1346 1225 1401; x_wconf 81' lang='lat' dir='ltr'><strong>velut</strong></span> <span class='ocrx_word' id='word_1_86' title='bbox 1266 1345 1507 1409; x_wconf 83' lang='lat' dir='ltr'><strong>arbores,</strong></span> <span class='ocrx_word' id='word_1_87' title='bbox 1546 1340 1637 1395; x_wconf 89' lang='lat' dir='ltr'><strong>ltic</strong></span> <span class='ocrx_word' id='word_1_88' title='bbox 1676 1337 1913 1394; x_wconf 84' lang='lat' dir='ltr'><strong>ostendit</strong></span> <span class='ocrx_word' id='word_1_89' title='bbox 1954 1349 2143 1390; x_wconf 80' lang='lat' dir='ltr'><strong>exem-</strong></span> 
     </span>
    </p>
   </div>
   <div class='ocr_carea' id='block_1_16' title="bbox 544 1429 2138 1514">
    <p class='ocr_par' dir='ltr' id='par_1_16' title="bbox 544 1429 2138 1514">
     <span class='ocr_line' id='line_1_16' title="bbox 544 1429 2138 1514; baseline -0.011 -16"><span class='ocrx_word' id='word_1_90' title='bbox 544 1443 693 1514; x_wconf 87' lang='lat' dir='ltr'><strong>plum</strong></span> <span class='ocrx_word' id='word_1_91' title='bbox 726 1442 1069 1511; x_wconf 80' lang='lat' dir='ltr'><strong>humilitatis,</strong></span> <span class='ocrx_word' id='word_1_92' title='bbox 1104 1450 1162 1496; x_wconf 92' lang='lat' dir='ltr'><strong>ut</strong></span> <span class='ocrx_word' id='word_1_93' title='bbox 1188 1440 1365 1494; x_wconf 89' lang='lat' dir='ltr'><strong>nullus</strong></span> <span class='ocrx_word' id='word_1_94' title='bbox 1392 1436 1683 1494; x_wconf 81' lang='lat' dir='ltr'><strong>extollatur</strong></span> <span class='ocrx_word' id='word_1_95' title='bbox 1713 1432 1782 1489; x_wconf 90' lang='lat' dir='ltr'><strong>de</strong></span> <span class='ocrx_word' id='word_1_96' title='bbox 1800 1429 2092 1486; x_wconf 85' lang='lat' dir='ltr'><strong>virtutibus</strong></span> <span class='ocrx_word' id='word_1_97' title='bbox 2123 1468 2138 1493; x_wconf 91' lang='lat'><strong>,</strong></span> 
     </span>
    </p>
   </div>
   <div class='ocr_carea' id='block_1_17' title="bbox 545 1524 2141 1596">
    <p class='ocr_par' dir='ltr' id='par_1_17' title="bbox 545 1524 2141 1596">
     <span class='ocr_line' id='line_1_17' title="bbox 545 1524 2141 1596; baseline -0.01 -2"><span class='ocrx_word' id='word_1_98' title='bbox 545 1540 644 1596; x_wconf 87' lang='lat' dir='ltr'><strong>sed</strong></span> <span class='ocrx_word' id='word_1_99' title='bbox 676 1540 948 1594; x_wconf 87' lang='lat' dir='ltr'><strong>minorem</strong></span> <span class='ocrx_word' id='word_1_100' title='bbox 976 1548 1033 1593; x_wconf 87' lang='lat' dir='ltr'><strong>et</strong></span> <span class='ocrx_word' id='word_1_101' title='bbox 1065 1536 1380 1592; x_wconf 84' lang='lat' dir='ltr'><strong>inferiorem</strong></span> <span class='ocrx_word' id='word_1_102' title='bbox 1437 1549 1497 1589; x_wconf 89' lang='lat' dir='ltr'><strong>se</strong></span> <span class='ocrx_word' id='word_1_103' title='bbox 1549 1531 1823 1588; x_wconf 82' lang='lat' dir='ltr'><strong>existimet</strong></span> <span class='ocrx_word' id='word_1_104' title='bbox 1867 1524 2141 1583; x_wconf 88' lang='lat' dir='ltr'><strong>omnibus.</strong></span> 
     </span>
    </p>
   </div>
   <div class='ocr_carea' id='block_1_18' title="bbox 548 1623 2142 1703">
    <p class='ocr_par' dir='ltr' id='par_1_18' title="bbox 548 1623 2142 1703">
     <span class='ocr_line' id='line_1_18' title="bbox 548 1623 2142 1703; baseline -0.008 -18"><span class='ocrx_word' id='word_1_105' title='bbox 548 1630 747 1686; x_wconf 85' lang='lat' dir='ltr'><strong>Iterum</strong></span> <span class='ocrx_word' id='word_1_106' title='bbox 780 1632 1026 1703; x_wconf 80' lang='lat' dir='ltr'><strong>imposuit</strong></span> <span class='ocrx_word' id='word_1_107' title='bbox 1056 1646 1237 1685; x_wconf 84' lang='lat' dir='ltr'><strong>manus</strong></span> <span class='ocrx_word' id='word_1_108' title='bbox 1281 1643 1434 1697; x_wconf 82' lang='lat' dir='ltr'><strong>super</strong></span> <span class='ocrx_word' id='word_1_109' title='bbox 1476 1626 1649 1680; x_wconf 86' lang='lat' dir='ltr'><strong>oculos</strong></span> <span class='ocrx_word' id='word_1_110' title='bbox 1678 1640 1697 1679; x_wconf 91' lang='lat'><strong>:</strong></span> <span class='ocrx_word' id='word_1_111' title='bbox 1728 1632 1776 1680; x_wconf 88' lang='lat' dir='ltr'><strong>et</strong></span> <span class='ocrx_word' id='word_1_112' title='bbox 1797 1623 1963 1694; x_wconf 87' lang='lat' dir='ltr'><strong>aperti</strong></span> <span class='ocrx_word' id='word_1_113' title='bbox 1987 1630 2105 1674; x_wconf 86' lang='lat' dir='ltr'><strong>sunt</strong></span> <span class='ocrx_word' id='word_1_114' title='bbox 2128 1660 2142 1685; x_wconf 94' lang='lat'><strong>,</strong></span> 
     </span>
    </p>
   </div>
   <div class='ocr_carea' id='block_1_19' title="bbox 2246 420 3848 495">
    <p class='ocr_par' dir='ltr' id='par_1_19' title="bbox 2246 420 3848 495">
     <span class='ocr_line' id='line_1_19' title="bbox 2246 420 3848 495; baseline -0.002 -14"><span class='ocrx_word' id='word_1_115' title='bbox 2246 439 2370 481; x_wconf 84' lang='lat' dir='ltr'><strong>sero</strong></span> <span class='ocrx_word' id='word_1_116' title='bbox 2408 424 2772 495; x_wconf 84' lang='lat' dir='ltr'><strong>pocuitentes,</strong></span> <span class='ocrx_word' id='word_1_117' title='bbox 2821 435 3038 493; x_wconf 82' lang='lat' dir='ltr'><strong>semper</strong></span> <span class='ocrx_word' id='word_1_118' title='bbox 3066 421 3311 478; x_wconf 86' lang='lat' dir='ltr'><strong>comedit</strong></span> <span class='ocrx_word' id='word_1_119' title='bbox 3354 420 3507 477; x_wconf 87' lang='lat' dir='ltr'><strong>illttm</strong></span> <span class='ocrx_word' id='word_1_120' title='bbox 3554 422 3612 476; x_wconf 88' lang='lat' dir='ltr'><strong>in</strong></span> <span class='ocrx_word' id='word_1_121' title='bbox 3644 437 3804 493; x_wconf 80' lang='lat' dir='ltr'><strong>pmna</strong></span> <span class='ocrx_word' id='word_1_122' title='bbox 3830 466 3848 492; x_wconf 92' lang='lat'><strong>,</strong></span> 
     </span>
    </p>
   </div>
   <div class='ocr_carea' id='block_1_20' title="bbox 2245 514 3850 587">
    <p class='ocr_par' dir='ltr' id='par_1_20' title="bbox 2245 514 3850 587">
     <span class='ocr_line' id='line_1_20' title="bbox 2245 514 3850 587; baseline 0.001 -17"><span class='ocrx_word' id='word_1_123' title='bbox 2245 520 2369 587; x_wconf 88' lang='lat' dir='ltr'><strong>quia</strong></span> <span class='ocrx_word' id='word_1_124' title='bbox 2414 517 2541 575; x_wconf 88' lang='lat' dir='ltr'><strong>dum</strong></span> <span class='ocrx_word' id='word_1_125' title='bbox 2587 517 2824 587; x_wconf 81' lang='lat' dir='ltr'><strong>spatium</strong></span> <span class='ocrx_word' id='word_1_126' title='bbox 2868 515 3061 573; x_wconf 77' lang='lat' dir='ltr'><strong>habuit</strong></span> <span class='ocrx_word' id='word_1_127' title='bbox 3107 529 3215 571; x_wconf 93' lang='lat' dir='ltr'><strong>non</strong></span> <span class='ocrx_word' id='word_1_128' title='bbox 3267 514 3607 571; x_wconf 85' lang='lat' dir='ltr'><strong>emendavit.</strong></span> <span class='ocrx_word' id='word_1_129' title='bbox 3653 515 3850 586; x_wconf 82' lang='lat' dir='ltr'><strong>Omnis</strong></span> 
     </span>
    </p>
   </div>
   <div class='ocr_carea' id='block_1_21' title="bbox 2242 608 3851 680">
    <p class='ocr_par' dir='ltr' id='par_1_21' title="bbox 2242 608 3851 680">
     <span class='ocr_line' id='line_1_21' title="bbox 2242 608 3851 680; baseline -0.001 -14"><span class='ocrx_word' id='word_1_130' title='bbox 2242 611 2366 680; x_wconf 83' lang='lat' dir='ltr'><strong>igne</strong></span> <span class='ocrx_word' id='word_1_131' title='bbox 2388 610 2614 666; x_wconf 88' lang='lat' dir='ltr'><strong>salietur</strong></span> <span class='ocrx_word' id='word_1_132' title='bbox 2644 629 2654 661; x_wconf 93' lang='lat'><strong>:</strong></span> <span class='ocrx_word' id='word_1_133' title='bbox 2682 625 2779 679; x_wconf 90' lang='lat' dir='ltr'><strong>per</strong></span> <span class='ocrx_word' id='word_1_134' title='bbox 2804 609 2983 678; x_wconf 82' lang='lat' dir='ltr'><strong>ignem</strong></span> <span class='ocrx_word' id='word_1_135' title='bbox 3011 610 3264 666; x_wconf 87' lang='lat' dir='ltr'><strong>acccnsio</strong></span> <span class='ocrx_word' id='word_1_136' title='bbox 3286 608 3527 678; x_wconf 87' lang='lat' dir='ltr'><strong>Spiritus</strong></span> <span class='ocrx_word' id='word_1_137' title='bbox 3550 610 3730 665; x_wconf 82' lang='lat' dir='ltr'><strong>sancti</strong></span> <span class='ocrx_word' id='word_1_138' title='bbox 3761 610 3851 665; x_wconf 59' lang='lat' dir='ltr'><strong>iu-</strong></span> 
     </span>
    </p>
   </div>
   <div class='ocr_carea' id='block_1_22' title="bbox 2245 702 3851 773">
    <p class='ocr_par' dir='ltr' id='par_1_22' title="bbox 2245 702 3851 773">
     <span class='ocr_line' id='line_1_22' title="bbox 2245 702 3851 773; baseline 0.001 -15"><span class='ocrx_word' id='word_1_139' title='bbox 2245 704 2531 772; x_wconf 87' lang='lat' dir='ltr'><strong>telligitur,</strong></span> <span class='ocrx_word' id='word_1_140' title='bbox 2566 702 2693 773; x_wconf 88' lang='lat' dir='ltr'><strong>quia</strong></span> <span class='ocrx_word' id='word_1_141' title='bbox 2718 703 2859 758; x_wconf 87' lang='lat' dir='ltr'><strong>sicut</strong></span> <span class='ocrx_word' id='word_1_142' title='bbox 2889 704 3071 757; x_wconf 87' lang='lat' dir='ltr'><strong>omnis</strong></span> <span class='ocrx_word' id='word_1_143' title='bbox 3100 716 3229 756; x_wconf 82' lang='lat' dir='ltr'><strong>caro</strong></span> <span class='ocrx_word' id='word_1_144' title='bbox 3258 703 3421 771; x_wconf 85' lang='lat' dir='ltr'><strong>periit</strong></span> <span class='ocrx_word' id='word_1_145' title='bbox 3445 702 3566 759; x_wconf 89' lang='lat' dir='ltr'><strong>sine</strong></span> <span class='ocrx_word' id='word_1_146' title='bbox 3589 702 3736 767; x_wconf 84' lang='lat' dir='ltr'><strong>sale,</strong></span> <span class='ocrx_word' id='word_1_147' title='bbox 3771 705 3851 759; x_wconf 78' lang='lat' dir='ltr'><strong>ita</strong></span> 
     </span>
    </p>
   </div>
   <div class='ocr_carea' id='block_1_23' title="bbox 2242 794 3842 852">
    <p class='ocr_par' dir='ltr' id='par_1_23' title="bbox 2242 794 3842 852">
     <span class='ocr_line' id='line_1_23' title="bbox 2242 794 3842 852; baseline -0.002 0"><span class='ocrx_word' id='word_1_148' title='bbox 2242 805 2299 852; x_wconf 86' lang='lat' dir='ltr'><strong>et</strong></span> <span class='ocrx_word' id='word_1_149' title='bbox 2337 794 2514 851; x_wconf 90' lang='lat' dir='ltr'><strong>omnis</strong></span> <span class='ocrx_word' id='word_1_150' title='bbox 2556 795 2721 849; x_wconf 91' lang='lat' dir='ltr'><strong>homo</strong></span> <span class='ocrx_word' id='word_1_151' title='bbox 2769 795 2889 849; x_wconf 88' lang='lat' dir='ltr'><strong>sine</strong></span> <span class='ocrx_word' id='word_1_152' title='bbox 2927 794 3159 849; x_wconf 81' lang='lat' dir='ltr'><strong>scientia</strong></span> <span class='ocrx_word' id='word_1_153' title='bbox 3199 794 3350 851; x_wconf 84' lang='lat' dir='ltr'><strong>verbi</strong></span> <span class='ocrx_word' id='word_1_154' title='bbox 3381 794 3479 851; x_wconf 67' lang='lat' dir='ltr'><strong>Dei</strong></span> <span class='ocrx_word' id='word_1_155' title='bbox 3519 794 3842 851; x_wconf 80' lang='lat' dir='ltr'><strong>infatuetur.</strong></span> 
     </span>
    </p>
   </div>
   <div class='ocr_carea' id='block_1_24' title="bbox 2245 886 3848 957">
    <p class='ocr_par' dir='ltr' id='par_1_24' title="bbox 2245 886 3848 957">
     <span class='ocr_line' id='line_1_24' title="bbox 2245 886 3848 957; baseline 0.001 -12"><span class='ocrx_word' id='word_1_156' title='bbox 2245 890 2441 945; x_wconf 80' lang='lat' dir='ltr'><strong>Habete</strong></span> <span class='ocrx_word' id='word_1_157' title='bbox 2468 891 2627 947; x_wconf 85' lang='lat' dir='ltr'><strong>salem</strong></span> <span class='ocrx_word' id='word_1_158' title='bbox 2656 891 2709 944; x_wconf 87' lang='lat' dir='ltr'><strong>in</strong></span> <span class='ocrx_word' id='word_1_159' title='bbox 2740 890 2878 943; x_wconf 75' lang='lat' dir='ltr'><strong>vobis</strong></span> <span class='ocrx_word' id='word_1_160' title='bbox 2895 929 2910 954; x_wconf 94' lang='lat'><strong>,</strong></span> <span class='ocrx_word' id='word_1_161' title='bbox 2934 888 2991 945; x_wconf 88' lang='lat' dir='ltr'><strong>id</strong></span> <span class='ocrx_word' id='word_1_162' title='bbox 3021 898 3105 944; x_wconf 90' lang='lat' dir='ltr'><strong>cst</strong></span> <span class='ocrx_word' id='word_1_163' title='bbox 3123 930 3139 954; x_wconf 93' lang='lat'><strong>,</strong></span> <span class='ocrx_word' id='word_1_164' title='bbox 3164 886 3363 944; x_wconf 77' lang='lat' dir='ltr'><strong>habete</strong></span> <span class='ocrx_word' id='word_1_165' title='bbox 3390 886 3721 957; x_wconf 84' lang='lat' dir='ltr'><strong>sapientiam</strong></span> <span class='ocrx_word' id='word_1_166' title='bbox 3744 889 3848 947; x_wconf 81' lang='lat' dir='ltr'><strong>Dei</strong></span> 
     </span>
    </p>
   </div>
   <div class='ocr_carea' id='block_1_25' title="bbox 2245 977 3841 1050">
    <p class='ocr_par' dir='ltr' id='par_1_25' title="bbox 2245 977 3841 1050">
     <span class='ocr_line' id='line_1_25' title="bbox 2245 977 3841 1050; baseline 0.001 -14"><span class='ocrx_word' id='word_1_167' title='bbox 2245 982 2298 1036; x_wconf 91' lang='lat' dir='ltr'><strong>in</strong></span> <span class='ocrx_word' id='word_1_168' title='bbox 2329 982 2505 1037; x_wconf 87' lang='lat' dir='ltr'><strong>vobis.</strong></span> <span class='ocrx_word' id='word_1_169' title='bbox 2549 980 2769 1034; x_wconf 82' lang='lat' dir='ltr'><strong>Veniunt</strong></span> <span class='ocrx_word' id='word_1_170' title='bbox 2804 982 2857 1033; x_wconf 87' lang='lat' dir='ltr'><strong>in</strong></span> <span class='ocrx_word' id='word_1_171' title='bbox 2884 980 3072 1050; x_wconf 85' lang='lat' dir='ltr'><strong>ﬁnibus</strong></span> <span class='ocrx_word' id='word_1_172' title='bbox 3102 977 3258 1033; x_wconf 73' lang='lat' dir='ltr'><strong>Iuda:</strong></span> <span class='ocrx_word' id='word_1_173' title='bbox 3278 1021 3293 1046; x_wconf 92' lang='lat'><strong>,</strong></span> <span class='ocrx_word' id='word_1_174' title='bbox 3326 978 3569 1035; x_wconf 84' lang='lat' dir='ltr'><strong>ostendit</strong></span> <span class='ocrx_word' id='word_1_175' title='bbox 3599 979 3655 1036; x_wconf 91' lang='lat' dir='ltr'><strong>in</strong></span> <span class='ocrx_word' id='word_1_176' title='bbox 3687 981 3841 1037; x_wconf 78' lang='lat' dir='ltr'><strong>futu-</strong></span> 
     </span>
    </p>
   </div>
   <div class='ocr_carea' id='block_1_26' title="bbox 2242 1069 3521 1133">
    <p class='ocr_par' dir='ltr' id='par_1_26' title="bbox 2242 1069 3521 1133">
     <span class='ocr_line' id='line_1_26' title="bbox 2242 1069 3521 1133; baseline -0.005 -2"><span class='ocrx_word' id='word_1_177' title='bbox 2242 1091 2360 1131; x_wconf 90' lang='lat' dir='ltr'><strong>rum</strong></span> <span class='ocrx_word' id='word_1_178' title='bbox 2390 1089 2711 1131; x_wconf 85' lang='lat' dir='ltr'><strong>reversuros</strong></span> <span class='ocrx_word' id='word_1_179' title='bbox 2743 1072 2811 1127; x_wconf 88' lang='lat' dir='ltr'><strong>ad</strong></span> <span class='ocrx_word' id='word_1_180' title='bbox 2842 1072 3003 1133; x_wconf 86' lang='lat' dir='ltr'><strong>ﬁdem</strong></span> <span class='ocrx_word' id='word_1_181' title='bbox 3034 1071 3236 1128; x_wconf 84' lang='lat' dir='ltr'><strong>Christi</strong></span> <span class='ocrx_word' id='word_1_182' title='bbox 3270 1069 3521 1128; x_wconf 71' lang='lat' dir='ltr'><strong>Judaeos.</strong></span> 
     </span>
    </p>
   </div>
   <div class='ocr_carea' id='block_1_27' title="bbox 2320 1162 3840 1235">
    <p class='ocr_par' dir='ltr' id='par_1_27' title="bbox 2320 1162 3840 1235">
     <span class='ocr_line' id='line_1_27' title="bbox 2320 1162 3840 1235; baseline -0.003 -12"><span class='ocrx_word' id='word_1_183' title='bbox 2320 1166 2475 1223; x_wconf 87' lang='lat' dir='ltr'><strong>Ultra</strong></span> <span class='ocrx_word' id='word_1_184' title='bbox 2500 1165 2806 1231; x_wconf 74' lang='lat' dir='ltr'><strong>Iordanem,</strong></span> <span class='ocrx_word' id='word_1_185' title='bbox 2838 1164 2893 1223; x_wconf 90' lang='lat' dir='ltr'><strong>id</strong></span> <span class='ocrx_word' id='word_1_186' title='bbox 2918 1174 3036 1230; x_wconf 88' lang='lat' dir='ltr'><strong>est,</strong></span> <span class='ocrx_word' id='word_1_187' title='bbox 3077 1162 3145 1217; x_wconf 90' lang='lat' dir='ltr'><strong>ad</strong></span> <span class='ocrx_word' id='word_1_188' title='bbox 3175 1164 3406 1235; x_wconf 78' lang='lat' dir='ltr'><strong>gratiam</strong></span> <span class='ocrx_word' id='word_1_189' title='bbox 3436 1162 3717 1234; x_wconf 88' lang='lat' dir='ltr'><strong>baptismi.</strong></span> <span class='ocrx_word' id='word_1_190' title='bbox 3742 1164 3840 1221; x_wconf 87' lang='lat' dir='ltr'><strong>Si-</strong></span> 
     </span>
    </p>
   </div>
   <div class='ocr_carea' id='block_1_28' title="bbox 2244 1256 3851 1329">
    <p class='ocr_par' dir='ltr' id='par_1_28' title="bbox 2244 1256 3851 1329">
     <span class='ocr_line' id='line_1_28' title="bbox 2244 1256 3851 1329; baseline -0.004 -11"><span class='ocrx_word' id='word_1_191' title='bbox 2244 1262 2351 1319; x_wconf 79' lang='lat' dir='ltr'><strong>nite</strong></span> <span class='ocrx_word' id='word_1_192' title='bbox 2380 1259 2623 1329; x_wconf 82' lang='lat' dir='ltr'><strong>parvulos</strong></span> <span class='ocrx_word' id='word_1_193' title='bbox 2662 1260 2833 1314; x_wconf 78' lang='lat' dir='ltr'><strong>venire</strong></span> <span class='ocrx_word' id='word_1_194' title='bbox 2862 1260 2931 1314; x_wconf 84' lang='lat' dir='ltr'><strong>ad</strong></span> <span class='ocrx_word' id='word_1_195' title='bbox 2960 1274 3071 1323; x_wconf 82' lang='lat' dir='ltr'><strong>me,</strong></span> <span class='ocrx_word' id='word_1_196' title='bbox 3110 1256 3198 1313; x_wconf 87' lang='lat' dir='ltr'><strong>hic</strong></span> <span class='ocrx_word' id='word_1_197' title='bbox 3236 1259 3448 1329; x_wconf 80' lang='lat' dir='ltr'><strong>parvuli</strong></span> <span class='ocrx_word' id='word_1_198' title='bbox 3497 1266 3686 1313; x_wconf 88' lang='lat' dir='ltr'><strong>tenent</strong></span> <span class='ocrx_word' id='word_1_199' title='bbox 3712 1260 3851 1327; x_wconf 81' lang='lat' dir='ltr'><strong>ligu-</strong></span> 
     </span>
    </p>
   </div>
   <div class='ocr_carea' id='block_1_29' title="bbox 2246 1350 3847 1425">
    <p class='ocr_par' dir='ltr' id='par_1_29' title="bbox 2246 1350 3847 1425">
     <span class='ocr_line' id='line_1_29' title="bbox 2246 1350 3847 1425; baseline 0 -16"><span class='ocrx_word' id='word_1_200' title='bbox 2246 1370 2361 1409; x_wconf 89' lang='lat' dir='ltr'><strong>ram</strong></span> <span class='ocrx_word' id='word_1_201' title='bbox 2408 1354 2650 1425; x_wconf 88' lang='lat' dir='ltr'><strong>gentium</strong></span> <span class='ocrx_word' id='word_1_202' title='bbox 2699 1372 2713 1408; x_wconf 92' lang='lat'><strong>:</strong></span> <span class='ocrx_word' id='word_1_203' title='bbox 2746 1351 3000 1422; x_wconf 86' lang='lat' dir='ltr'><strong>discipuli</strong></span> <span class='ocrx_word' id='word_1_204' title='bbox 3032 1350 3128 1420; x_wconf 86' lang='lat' dir='ltr'><strong>qui</strong></span> <span class='ocrx_word' id='word_1_205' title='bbox 3158 1350 3558 1423; x_wconf 85' lang='lat' dir='ltr'><strong>prohibebant,</strong></span> <span class='ocrx_word' id='word_1_206' title='bbox 3609 1351 3847 1423; x_wconf 76' lang='lat' dir='ltr'><strong>figuram</strong></span> 
     </span>
    </p>
   </div>
   <div class='ocr_carea' id='block_1_30' title="bbox 2250 1440 3847 1515">
    <p class='ocr_par' dir='ltr' id='par_1_30' title="bbox 2250 1440 3847 1515">
     <span class='ocr_line' id='line_1_30' title="bbox 2250 1440 3847 1515; baseline -0.004 -10"><span class='ocrx_word' id='word_1_207' title='bbox 2250 1457 2438 1505; x_wconf 89' lang='lat' dir='ltr'><strong>tenent</strong></span> <span class='ocrx_word' id='word_1_208' title='bbox 2478 1447 2810 1501; x_wconf 73' lang='lat' dir='ltr'><strong>Judworum.</strong></span> <span class='ocrx_word' id='word_1_209' title='bbox 2854 1443 3105 1499; x_wconf 73' lang='lat' dir='ltr'><strong>Catmelus</strong></span> <span class='ocrx_word' id='word_1_210' title='bbox 3142 1458 3242 1515; x_wconf 90' lang='lat' dir='ltr'><strong>per</strong></span> <span class='ocrx_word' id='word_1_211' title='bbox 3281 1440 3523 1499; x_wconf 82' lang='lat' dir='ltr'><strong>foramen</strong></span> <span class='ocrx_word' id='word_1_212' title='bbox 3564 1457 3701 1498; x_wconf 89' lang='lat' dir='ltr'><strong>acus</strong></span> <span class='ocrx_word' id='word_1_213' title='bbox 3731 1459 3847 1499; x_wconf 85' lang='lat' dir='ltr'><strong>non</strong></span> 
     </span>
    </p>
   </div>
   <div class='ocr_carea' id='block_1_31' title="bbox 2244 1532 3839 1611">
    <p class='ocr_par' dir='ltr' id='par_1_31' title="bbox 2244 1532 3839 1611">
     <span class='ocr_line' id='line_1_31' title="bbox 2244 1532 3839 1611; baseline -0.006 -14"><span class='ocrx_word' id='word_1_214' title='bbox 2244 1555 2410 1611; x_wconf 84' lang='lat' dir='ltr'><strong>posse</strong></span> <span class='ocrx_word' id='word_1_215' title='bbox 2436 1540 2688 1605; x_wconf 74' lang='lat' dir='ltr'><strong>transire,</strong></span> <span class='ocrx_word' id='word_1_216' title='bbox 2720 1538 2821 1592; x_wconf 90' lang='lat' dir='ltr'><strong>nisi</strong></span> <span class='ocrx_word' id='word_1_217' title='bbox 2850 1536 3113 1607; x_wconf 84' lang='lat' dir='ltr'><strong>depositis</strong></span> <span class='ocrx_word' id='word_1_218' title='bbox 3142 1535 3395 1592; x_wconf 89' lang='lat' dir='ltr'><strong>oneribus</strong></span> <span class='ocrx_word' id='word_1_219' title='bbox 3417 1534 3527 1589; x_wconf 88' lang='lat' dir='ltr'><strong>:sic</strong></span> <span class='ocrx_word' id='word_1_220' title='bbox 3549 1544 3607 1590; x_wconf 88' lang='lat' dir='ltr'><strong>et</strong></span> <span class='ocrx_word' id='word_1_221' title='bbox 3631 1532 3839 1601; x_wconf 74' lang='lat' dir='ltr'><strong>Judazi,</strong></span> 
     </span>
    </p>
   </div>
   <div class='ocr_carea' id='block_1_32' title="bbox 2250 1629 3850 1704">
    <p class='ocr_par' dir='ltr' id='par_1_32' title="bbox 2250 1629 3850 1704">
     <span class='ocr_line' id='line_1_32' title="bbox 2250 1629 3850 1704; baseline -0.002 -16"><span class='ocrx_word' id='word_1_222' title='bbox 2250 1635 2353 1688; x_wconf 89' lang='lat' dir='ltr'><strong>nisi</strong></span> <span class='ocrx_word' id='word_1_223' title='bbox 2371 1633 2617 1704; x_wconf 88' lang='lat' dir='ltr'><strong>deposito</strong></span> <span class='ocrx_word' id='word_1_224' title='bbox 2634 1647 2801 1688; x_wconf 88' lang='lat' dir='ltr'><strong>onere</strong></span> <span class='ocrx_word' id='word_1_225' title='bbox 2815 1639 3182 1703; x_wconf 86' lang='lat' dir='ltr'><strong>peccatorum,</strong></span> <span class='ocrx_word' id='word_1_226' title='bbox 3204 1629 3315 1685; x_wconf 89' lang='lat' dir='ltr'><strong>sive</strong></span> <span class='ocrx_word' id='word_1_227' title='bbox 3329 1630 3530 1684; x_wconf 78' lang='lat' dir='ltr'><strong>divitiis</strong></span> <span class='ocrx_word' id='word_1_228' title='bbox 3541 1670 3558 1696; x_wconf 92' lang='lat'><strong>,</strong></span> <span class='ocrx_word' id='word_1_229' title='bbox 3581 1645 3693 1687; x_wconf 89' lang='lat' dir='ltr'><strong>non</strong></span> <span class='ocrx_word' id='word_1_230' title='bbox 3716 1644 3850 1700; x_wconf 56' lang='lat' dir='ltr'><strong>pos.</strong></span> 
     </span>
    </p>
   </div>
   <div class='ocr_carea' id='block_1_33' title="bbox 556 1708 2138 1797">
    <p class='ocr_par' dir='ltr' id='par_1_33' title="bbox 556 1713 2138 1797">
     <span class='ocr_line' id='line_1_33' title="bbox 556 1713 2138 1797; baseline -0.006 -20"><span class='ocrx_word' id='word_1_231' title='bbox 556 1723 793 1779; x_wconf 90' lang='lat' dir='ltr'><strong>ostendit</strong></span> <span class='ocrx_word' id='word_1_232' title='bbox 824 1725 946 1797; x_wconf 87' lang='lat' dir='ltr'><strong>quia</strong></span> <span class='ocrx_word' id='word_1_233' title='bbox 979 1723 1189 1793; x_wconf 80' lang='lat' dir='ltr'><strong>aperuit</strong></span> <span class='ocrx_word' id='word_1_234' title='bbox 1218 1720 1382 1777; x_wconf 88' lang='lat' dir='ltr'><strong>corda</strong></span> <span class='ocrx_word' id='word_1_235' title='bbox 1424 1718 1706 1773; x_wconf 84' lang='lat' dir='ltr'><strong>hominum</strong></span> <span class='ocrx_word' id='word_1_236' title='bbox 1740 1758 1755 1781; x_wconf 97' lang='lat'><strong>,</strong></span> <span class='ocrx_word' id='word_1_237' title='bbox 1802 1726 1857 1769; x_wconf 93' lang='lat' dir='ltr'><strong>ut</strong></span> <span class='ocrx_word' id='word_1_238' title='bbox 1896 1713 2138 1797; x_wconf 86' lang='lat' dir='ltr'><strong>viderent</strong></span> 
     </span>
    </p>
   </div>
   <div class='ocr_carea' id='block_1_34' title="bbox 2247 1708 3848 1797">
    <p class='ocr_par' dir='ltr' id='par_1_34' title="bbox 2248 1722 3848 1794">
     <span class='ocr_line' id='line_1_34' title="bbox 2248 1722 3848 1794; baseline 0 -13"><span class='ocrx_word' id='word_1_239' title='bbox 2248 1736 2376 1782; x_wconf 90' lang='lat' dir='ltr'><strong>sunt</strong></span> <span class='ocrx_word' id='word_1_240' title='bbox 2404 1727 2607 1782; x_wconf 88' lang='lat' dir='ltr'><strong>intrare</strong></span> <span class='ocrx_word' id='word_1_241' title='bbox 2640 1727 2694 1779; x_wconf 91' lang='lat' dir='ltr'><strong>in</strong></span> <span class='ocrx_word' id='word_1_242' title='bbox 2746 1740 2972 1794; x_wconf 84' lang='lat' dir='ltr'><strong>regnum</strong></span> <span class='ocrx_word' id='word_1_243' title='bbox 3016 1724 3136 1779; x_wconf 88' lang='lat' dir='ltr'><strong>Dei.</strong></span> <span class='ocrx_word' id='word_1_244' title='bbox 3171 1722 3313 1791; x_wconf 80' lang='lat' dir='ltr'><strong>Quid</strong></span> <span class='ocrx_word' id='word_1_245' title='bbox 3352 1722 3618 1793; x_wconf 88' lang='lat' dir='ltr'><strong>relinquit</strong></span> <span class='ocrx_word' id='word_1_246' title='bbox 3646 1722 3848 1781; x_wconf 78' lang='lat' dir='ltr'><strong>Petrus</strong></span> 
     </span>
    </p>
   </div>
   <div class='ocr_carea' id='block_1_35' title="bbox 552 1796 2146 1881">
    <p class='ocr_par' dir='ltr' id='par_1_35' title="bbox 552 1796 2146 1881">
     <span class='ocr_line' id='line_1_35' title="bbox 552 1796 2146 1881; baseline -0.009 -9"><span class='ocrx_word' id='word_1_247' title='bbox 552 1796 841 1873; x_wconf 86' lang='lat' dir='ltr'><strong>scientiam</strong></span> <span class='ocrx_word' id='word_1_248' title='bbox 866 1816 965 1871; x_wconf 91' lang='lat' dir='ltr'><strong>Dei</strong></span> <span class='ocrx_word' id='word_1_249' title='bbox 993 1815 1163 1881; x_wconf 89' lang='lat' dir='ltr'><strong>clare,</strong></span> <span class='ocrx_word' id='word_1_250' title='bbox 1188 1823 1244 1869; x_wconf 90' lang='lat' dir='ltr'><strong>et</strong></span> <span class='ocrx_word' id='word_1_251' title='bbox 1266 1814 1383 1867; x_wconf 89' lang='lat' dir='ltr'><strong>sine</strong></span> <span class='ocrx_word' id='word_1_252' title='bbox 1406 1811 1571 1865; x_wconf 88' lang='lat' dir='ltr'><strong>dubio</strong></span> <span class='ocrx_word' id='word_1_253' title='bbox 1599 1808 1890 1864; x_wconf 87' lang='lat' dir='ltr'><strong>crederent</strong></span> <span class='ocrx_word' id='word_1_254' title='bbox 1932 1824 1946 1861; x_wconf 94' lang='lat'><strong>:</strong></span> <span class='ocrx_word' id='word_1_255' title='bbox 1999 1796 2146 1861; x_wconf 83' lang='lat' dir='ltr'><strong>resti-</strong></span> 
     </span>
    </p>
   </div>
   <div class='ocr_carea' id='block_1_36' title="bbox 554 1904 1612 1976">
    <p class='ocr_par' dir='ltr' id='par_1_36' title="bbox 554 1904 1612 1976">
     <span class='ocr_line' id='line_1_36' title="bbox 554 1904 1612 1976; baseline -0.008 -13"><span class='ocrx_word' id='word_1_256' title='bbox 554 1922 693 1966; x_wconf 88' lang='lat' dir='ltr'><strong>tutus</strong></span> <span class='ocrx_word' id='word_1_257' title='bbox 722 1921 815 1973; x_wconf 85' lang='lat' dir='ltr'><strong>est,</strong></span> <span class='ocrx_word' id='word_1_258' title='bbox 847 1910 898 1964; x_wconf 91' lang='lat' dir='ltr'><strong>id</strong></span> <span class='ocrx_word' id='word_1_259' title='bbox 924 1918 1029 1976; x_wconf 91' lang='lat' dir='ltr'><strong>est,</strong></span> <span class='ocrx_word' id='word_1_260' title='bbox 1062 1909 1115 1963; x_wconf 91' lang='lat' dir='ltr'><strong>in</strong></span> <span class='ocrx_word' id='word_1_261' title='bbox 1146 1906 1309 1961; x_wconf 88' lang='lat' dir='ltr'><strong>bonis</strong></span> <span class='ocrx_word' id='word_1_262' title='bbox 1336 1904 1612 1975; x_wconf 84' lang='lat' dir='ltr'><strong>Operibus.</strong></span> 
     </span>
    </p>
   </div>
   <div class='ocr_carea' id='block_1_37' title="bbox 630 1993 2143 2063">
    <p class='ocr_par' dir='ltr' id='par_1_37' title="bbox 630 1993 2143 2063">
     <span class='ocr_line' id='line_1_37' title="bbox 630 1993 2143 2063; baseline -0.007 -6"><span class='ocrx_word' id='word_1_263' title='bbox 630 2002 773 2058; x_wconf 80' lang='lat' dir='ltr'><strong>Misit</strong></span> <span class='ocrx_word' id='word_1_264' title='bbox 805 2002 951 2055; x_wconf 89' lang='lat' dir='ltr'><strong>illum</strong></span> <span class='ocrx_word' id='word_1_265' title='bbox 978 2002 1032 2054; x_wconf 86' lang='lat' dir='ltr'><strong>in</strong></span> <span class='ocrx_word' id='word_1_266' title='bbox 1062 2002 1273 2053; x_wconf 85' lang='lat' dir='ltr'><strong>domum</strong></span> <span class='ocrx_word' id='word_1_267' title='bbox 1304 2015 1474 2063; x_wconf 85' lang='lat' dir='ltr'><strong>suam,</strong></span> <span class='ocrx_word' id='word_1_268' title='bbox 1506 1998 1557 2054; x_wconf 88' lang='lat' dir='ltr'><strong>id</strong></span> <span class='ocrx_word' id='word_1_269' title='bbox 1592 2006 1675 2051; x_wconf 87' lang='lat' dir='ltr'><strong>est</strong></span> <span class='ocrx_word' id='word_1_270' title='bbox 1707 2038 1721 2061; x_wconf 86' lang='lat'><strong>,</strong></span> <span class='ocrx_word' id='word_1_271' title='bbox 1771 1994 2048 2051; x_wconf 79' lang='lat' dir='ltr'><strong>revocavit</strong></span> <span class='ocrx_word' id='word_1_272' title='bbox 2078 1993 2143 2047; x_wconf 87' lang='lat' dir='ltr'><strong>il-</strong></span> 
     </span>
    </p>
   </div>
   <div class='ocr_carea' id='block_1_38' title="bbox 560 2087 2144 2167">
    <p class='ocr_par' dir='ltr' id='par_1_38' title="bbox 560 2087 2144 2167">
     <span class='ocr_line' id='line_1_38' title="bbox 560 2087 2144 2167; baseline -0.004 -18"><span class='ocrx_word' id='word_1_273' title='bbox 560 2098 667 2150; x_wconf 93' lang='lat' dir='ltr'><strong>lum</strong></span> <span class='ocrx_word' id='word_1_274' title='bbox 726 2094 793 2151; x_wconf 89' lang='lat' dir='ltr'><strong>ad</strong></span> <span class='ocrx_word' id='word_1_275' title='bbox 848 2096 1138 2167; x_wconf 89' lang='lat' dir='ltr'><strong>pristinum</strong></span> <span class='ocrx_word' id='word_1_276' title='bbox 1194 2091 1484 2148; x_wconf 72' lang='lat' dir='ltr'><strong>mundana:</strong></span> <span class='ocrx_word' id='word_1_277' title='bbox 1548 2102 1797 2146; x_wconf 55' lang='lat' dir='ltr'><strong>natura:</strong></span> <span class='ocrx_word' id='word_1_278' title='bbox 1857 2087 2144 2145; x_wconf 91' lang='lat' dir='ltr'><strong>descensio</strong></span> 
     </span>
    </p>
   </div>
   <div class='ocr_carea' id='block_1_39' title="bbox 548 2184 2146 2255">
    <p class='ocr_par' dir='ltr' id='par_1_39' title="bbox 548 2184 2146 2255">
     <span class='ocr_line' id='line_1_39' title="bbox 548 2184 2146 2255; baseline -0.004 -12"><span class='ocrx_word' id='word_1_279' title='bbox 548 2189 750 2245; x_wconf 87' lang='lat' dir='ltr'><strong>Christi</strong></span> <span class='ocrx_word' id='word_1_280' title='bbox 776 2190 844 2244; x_wconf 89' lang='lat' dir='ltr'><strong>de</strong></span> <span class='ocrx_word' id='word_1_281' title='bbox 873 2198 1081 2255; x_wconf 90' lang='lat' dir='ltr'><strong>monte,</strong></span> <span class='ocrx_word' id='word_1_282' title='bbox 1108 2186 1351 2243; x_wconf 81' lang='lat' dir='ltr'><strong>ostendit</strong></span> <span class='ocrx_word' id='word_1_283' title='bbox 1378 2186 1497 2252; x_wconf 76' lang='lat' dir='ltr'><strong>ejus</strong></span> <span class='ocrx_word' id='word_1_284' title='bbox 1520 2184 1930 2239; x_wconf 82' lang='lat' dir='ltr'><strong>descensionem</strong></span> <span class='ocrx_word' id='word_1_285' title='bbox 1973 2198 2004 2237; x_wconf 92' lang='lat' dir='ltr'><strong>e</strong></span> <span class='ocrx_word' id='word_1_286' title='bbox 2035 2197 2146 2237; x_wconf 72' lang='grc' dir='ltr'><strong>εω-</strong></span> 
     </span>
    </p>
   </div>
   <div class='ocr_carea' id='block_1_40' title="bbox 551 2276 2145 2351">
    <p class='ocr_par' dir='ltr' id='par_1_40' title="bbox 551 2276 2145 2351">
     <span class='ocr_line' id='line_1_40' title="bbox 551 2276 2145 2351; baseline -0.002 -15"><span class='ocrx_word' id='word_1_287' title='bbox 551 2283 641 2337; x_wconf 91' lang='lat' dir='ltr'><strong>lis.</strong></span> <span class='ocrx_word' id='word_1_288' title='bbox 672 2283 770 2337; x_wconf 89' lang='lat' dir='ltr'><strong>llic</strong></span> <span class='ocrx_word' id='word_1_289' title='bbox 801 2282 1053 2351; x_wconf 85' lang='lat' dir='ltr'><strong>discipuli</strong></span> <span class='ocrx_word' id='word_1_290' title='bbox 1084 2281 1333 2336; x_wconf 85' lang='lat' dir='ltr'><strong>ordinem</strong></span> <span class='ocrx_word' id='word_1_291' title='bbox 1378 2289 1570 2335; x_wconf 88' lang='lat' dir='ltr'><strong>tenent</strong></span> <span class='ocrx_word' id='word_1_292' title='bbox 1616 2278 2011 2349; x_wconf 88' lang='lat' dir='ltr'><strong>prophetarum</strong></span> <span class='ocrx_word' id='word_1_293' title='bbox 2052 2276 2145 2337; x_wconf 79' lang='lat' dir='ltr'><strong>vel</strong></span> 
     </span>
    </p>
   </div>
   <div class='ocr_carea' id='block_1_41' title="bbox 551 2370 2144 2446">
    <p class='ocr_par' dir='ltr' id='par_1_41' title="bbox 551 2370 2144 2446">
     <span class='ocr_line' id='line_1_41' title="bbox 551 2370 2144 2446; baseline -0.002 -19"><span class='ocrx_word' id='word_1_294' title='bbox 551 2374 1008 2446; x_wconf 83' lang='lat' dir='ltr'><strong>patriarcharum.</strong></span> <span class='ocrx_word' id='word_1_295' title='bbox 1048 2374 1234 2430; x_wconf 74' lang='lat' dir='ltr'><strong>Turba:</strong></span> <span class='ocrx_word' id='word_1_296' title='bbox 1261 2374 1573 2445; x_wconf 84' lang='lat' dir='ltr'><strong>inquirentes</strong></span> <span class='ocrx_word' id='word_1_297' title='bbox 1604 2374 1667 2426; x_wconf 89' lang='lat' dir='ltr'><strong>ab</strong></span> <span class='ocrx_word' id='word_1_298' title='bbox 1697 2372 1769 2426; x_wconf 89' lang='lat' dir='ltr'><strong>eis</strong></span> <span class='ocrx_word' id='word_1_299' title='bbox 1794 2414 1809 2437; x_wconf 95' lang='lat'><strong>,</strong></span> <span class='ocrx_word' id='word_1_300' title='bbox 1852 2370 2144 2427; x_wconf 85' lang='lat' dir='ltr'><strong>adventum</strong></span> 
     </span>
    </p>
   </div>
   <div class='ocr_carea' id='block_1_42' title="bbox 552 2462 2146 2539">
    <p class='ocr_par' dir='ltr' id='par_1_42' title="bbox 552 2462 2146 2539">
     <span class='ocr_line' id='line_1_42' title="bbox 552 2462 2146 2539; baseline -0.003 -16"><span class='ocrx_word' id='word_1_301' title='bbox 552 2469 746 2523; x_wconf 85' lang='lat' dir='ltr'><strong>Christi</strong></span> <span class='ocrx_word' id='word_1_302' title='bbox 773 2470 1010 2524; x_wconf 88' lang='lat' dir='ltr'><strong>ostendit</strong></span> <span class='ocrx_word' id='word_1_303' title='bbox 1058 2486 1069 2521; x_wconf 94' lang='lat'><strong>:</strong></span> <span class='ocrx_word' id='word_1_304' title='bbox 1106 2467 1246 2539; x_wconf 87' lang='lat' dir='ltr'><strong>quod</strong></span> <span class='ocrx_word' id='word_1_305' title='bbox 1294 2466 1465 2520; x_wconf 76' lang='lat' dir='ltr'><strong>turbzc</strong></span> <span class='ocrx_word' id='word_1_306' title='bbox 1496 2466 1667 2535; x_wconf 82' lang='lat' dir='ltr'><strong>legem</strong></span> <span class='ocrx_word' id='word_1_307' title='bbox 1709 2479 1739 2517; x_wconf 88' lang='lat' dir='ltr'><strong>a</strong></span> <span class='ocrx_word' id='word_1_308' title='bbox 1785 2462 2062 2534; x_wconf 86' lang='lat' dir='ltr'><strong>prophetis</strong></span> <span class='ocrx_word' id='word_1_309' title='bbox 2092 2473 2146 2519; x_wconf 89' lang='lat' dir='ltr'><strong>et</strong></span> 
     </span>
    </p>
   </div>
   <div class='ocr_carea' id='block_1_43' title="bbox 553 2556 2145 2632">
    <p class='ocr_par' dir='ltr' id='par_1_43' title="bbox 553 2556 2145 2632">
     <span class='ocr_line' id='line_1_43' title="bbox 553 2556 2145 2632; baseline -0.003 -17"><span class='ocrx_word' id='word_1_310' title='bbox 553 2563 881 2631; x_wconf 86' lang='lat' dir='ltr'><strong>patriarchis</strong></span> <span class='ocrx_word' id='word_1_311' title='bbox 908 2561 1321 2632; x_wconf 87' lang='lat' dir='ltr'><strong>conquirebant.</strong></span> <span class='ocrx_word' id='word_1_312' title='bbox 1353 2559 1666 2614; x_wconf 84' lang='lat' dir='ltr'><strong>Salutabunt</strong></span> <span class='ocrx_word' id='word_1_313' title='bbox 1690 2573 1804 2610; x_wconf 88' lang='lat' dir='ltr'><strong>eum</strong></span> <span class='ocrx_word' id='word_1_314' title='bbox 1833 2599 1847 2618; x_wconf 87' lang='lat'><strong>,</strong></span> <span class='ocrx_word' id='word_1_315' title='bbox 1887 2556 1973 2610; x_wconf 88' lang='lat' dir='ltr'><strong>hic</strong></span> <span class='ocrx_word' id='word_1_316' title='bbox 1995 2556 2145 2611; x_wconf 87' lang='lat' dir='ltr'><strong>salu-</strong></span> 
     </span>
    </p>
   </div>
   <div class='ocr_carea' id='block_1_44' title="bbox 553 2651 2140 2726">
    <p class='ocr_par' dir='ltr' id='par_1_44' title="bbox 553 2651 2140 2726">
     <span class='ocr_line' id='line_1_44' title="bbox 553 2651 2140 2726; baseline -0.004 -17"><span class='ocrx_word' id='word_1_317' title='bbox 553 2666 662 2711; x_wconf 88' lang='lat' dir='ltr'><strong>tem</strong></span> <span class='ocrx_word' id='word_1_318' title='bbox 692 2672 791 2726; x_wconf 90' lang='lat' dir='ltr'><strong>pro</strong></span> <span class='ocrx_word' id='word_1_319' title='bbox 820 2656 1124 2710; x_wconf 85' lang='lat' dir='ltr'><strong>humilitate</strong></span> <span class='ocrx_word' id='word_1_320' title='bbox 1153 2654 1426 2724; x_wconf 85' lang='lat' dir='ltr'><strong>intelligit.</strong></span> <span class='ocrx_word' id='word_1_321' title='bbox 1456 2654 1557 2721; x_wconf 82' lang='lat' dir='ltr'><strong>Qui</strong></span> <span class='ocrx_word' id='word_1_322' title='bbox 1584 2651 1755 2705; x_wconf 80' lang='lat' dir='ltr'><strong>attulit</strong></span> <span class='ocrx_word' id='word_1_323' title='bbox 1777 2652 1945 2721; x_wconf 78' lang='lat' dir='ltr'><strong>ﬁlium</strong></span> <span class='ocrx_word' id='word_1_324' title='bbox 1965 2667 2140 2718; x_wconf 81' lang='lat' dir='ltr'><strong>suum,</strong></span> 
     </span>
    </p>
   </div>
   <div class='ocr_carea' id='block_1_45' title="bbox 553 2745 2141 2819">
    <p class='ocr_par' dir='ltr' id='par_1_45' title="bbox 553 2745 2141 2819">
     <span class='ocr_line' id='line_1_45' title="bbox 553 2745 2141 2819; baseline -0.002 -17"><span class='ocrx_word' id='word_1_325' title='bbox 553 2750 799 2802; x_wconf 89' lang='lat' dir='ltr'><strong>ordinem</strong></span> <span class='ocrx_word' id='word_1_326' title='bbox 825 2758 975 2807; x_wconf 88' lang='lat' dir='ltr'><strong>tenet</strong></span> <span class='ocrx_word' id='word_1_327' title='bbox 1004 2748 1438 2819; x_wconf 86' lang='lat' dir='ltr'><strong>patriarcharum</strong></span> <span class='ocrx_word' id='word_1_328' title='bbox 1473 2767 1486 2804; x_wconf 95' lang='lat'><strong>:</strong></span> <span class='ocrx_word' id='word_1_329' title='bbox 1532 2747 1676 2802; x_wconf 86' lang='lat' dir='ltr'><strong>lilius</strong></span> <span class='ocrx_word' id='word_1_330' title='bbox 1721 2761 1894 2817; x_wconf 83' lang='lat' dir='ltr'><strong>genus</strong></span> <span class='ocrx_word' id='word_1_331' title='bbox 1946 2745 2141 2800; x_wconf 79' lang='lat' dir='ltr'><strong>huma-</strong></span> 
     </span>
    </p>
   </div>
   <div class='ocr_carea' id='block_1_46' title="bbox 553 2842 2139 2913">
    <p class='ocr_par' dir='ltr' id='par_1_46' title="bbox 553 2842 2139 2913">
     <span class='ocr_line' id='line_1_46' title="bbox 553 2842 2139 2913; baseline -0.001 -17"><span class='ocrx_word' id='word_1_332' title='bbox 553 2858 684 2897; x_wconf 89' lang='lat' dir='ltr'><strong>num</strong></span> <span class='ocrx_word' id='word_1_333' title='bbox 716 2843 959 2897; x_wconf 86' lang='lat' dir='ltr'><strong>ostendit</strong></span> <span class='ocrx_word' id='word_1_334' title='bbox 996 2861 1009 2896; x_wconf 92' lang='lat'><strong>:</strong></span> <span class='ocrx_word' id='word_1_335' title='bbox 1053 2857 1149 2913; x_wconf 89' lang='lat' dir='ltr'><strong>per</strong></span> <span class='ocrx_word' id='word_1_336' title='bbox 1192 2857 1442 2912; x_wconf 80' lang='lat' dir='ltr'><strong>Spumam</strong></span> <span class='ocrx_word' id='word_1_337' title='bbox 1491 2843 1800 2911; x_wconf 86' lang='lat' dir='ltr'><strong>superbiam</strong></span> <span class='ocrx_word' id='word_1_338' title='bbox 1858 2842 2139 2900; x_wconf 89' lang='lat' dir='ltr'><strong>ostendit:</strong></span> 
     </span>
    </p>
   </div>
   <div class='ocr_carea' id='block_1_47' title="bbox 556 2936 2142 3007">
    <p class='ocr_par' dir='ltr' id='par_1_47' title="bbox 556 2936 2142 3007">
     <span class='ocr_line' id='line_1_47' title="bbox 556 2936 2142 3007; baseline 0 -16"><span class='ocrx_word' id='word_1_339' title='bbox 556 2952 659 3007; x_wconf 90' lang='lat' dir='ltr'><strong>per</strong></span> <span class='ocrx_word' id='word_1_340' title='bbox 699 2936 987 2995; x_wconf 85' lang='lat' dir='ltr'><strong>stridorem</strong></span> <span class='ocrx_word' id='word_1_341' title='bbox 1037 2936 1279 2993; x_wconf 90' lang='lat' dir='ltr'><strong>dentium</strong></span> <span class='ocrx_word' id='word_1_342' title='bbox 1309 2978 1324 2999; x_wconf 90' lang='lat'><strong>.</strong></span> <span class='ocrx_word' id='word_1_343' title='bbox 1382 2953 1476 3007; x_wconf 89' lang='lat' dir='ltr'><strong>per</strong></span> <span class='ocrx_word' id='word_1_344' title='bbox 1516 2952 1768 2995; x_wconf 89' lang='lat' dir='ltr'><strong>arescere</strong></span> <span class='ocrx_word' id='word_1_345' title='bbox 1796 2979 1810 3007; x_wconf 91' lang='lat'><strong>,</strong></span> <span class='ocrx_word' id='word_1_346' title='bbox 1856 2938 2142 3003; x_wconf 81' lang='lat' dir='ltr'><strong>avaritiam</strong></span> 
     </span>
    </p>
   </div>
   <div class='ocr_carea' id='block_1_48' title="bbox 551 3028 2143 3101">
    <p class='ocr_par' dir='ltr' id='par_1_48' title="bbox 551 3028 2143 3101">
     <span class='ocr_line' id='line_1_48' title="bbox 551 3028 2143 3101; baseline 0.001 -19"><span class='ocrx_word' id='word_1_347' title='bbox 551 3028 810 3085; x_wconf 89' lang='lat' dir='ltr'><strong>ostendit.</strong></span> <span class='ocrx_word' id='word_1_348' title='bbox 845 3028 1107 3101; x_wconf 81' lang='lat' dir='ltr'><strong>Discipuli</strong></span> <span class='ocrx_word' id='word_1_349' title='bbox 1137 3047 1236 3097; x_wconf 82' lang='lat' dir='ltr'><strong>non</strong></span> <span class='ocrx_word' id='word_1_350' title='bbox 1266 3039 1542 3101; x_wconf 85' lang='lat' dir='ltr'><strong>potuerunt</strong></span> <span class='ocrx_word' id='word_1_351' title='bbox 1570 3046 1753 3089; x_wconf 86' lang='lat' dir='ltr'><strong>curare</strong></span> <span class='ocrx_word' id='word_1_352' title='bbox 1785 3047 1805 3086; x_wconf 89' lang='lat'><strong>:</strong></span> <span class='ocrx_word' id='word_1_353' title='bbox 1851 3028 1942 3085; x_wconf 89' lang='lat' dir='ltr'><strong>hic</strong></span> <span class='ocrx_word' id='word_1_354' title='bbox 1982 3030 2143 3085; x_wconf 64' lang='grc' dir='ltr'><strong>αἰδεῖο</strong></span> 
     </span>
    </p>
   </div>
   <div class='ocr_carea' id='block_1_49' title="bbox 2248 1812 3848 1889">
    <p class='ocr_par' dir='ltr' id='par_1_49' title="bbox 2248 1812 3848 1889">
     <span class='ocr_line' id='line_1_49' title="bbox 2248 1812 3848 1889; baseline -0.002 -17"><span class='ocrx_word' id='word_1_355' title='bbox 2248 1819 2339 1889; x_wconf 85' lang='lat' dir='ltr'><strong>qui</strong></span> <span class='ocrx_word' id='word_1_356' title='bbox 2383 1817 2561 1883; x_wconf 80' lang='lat' dir='ltr'><strong>dixit,</strong></span> <span class='ocrx_word' id='word_1_357' title='bbox 2611 1816 2725 1871; x_wconf 85' lang='lat' dir='ltr'><strong>Nos</strong></span> <span class='ocrx_word' id='word_1_358' title='bbox 2787 1818 2960 1871; x_wconf 85' lang='lat' dir='ltr'><strong>omnia</strong></span> <span class='ocrx_word' id='word_1_359' title='bbox 3002 1814 3389 1886; x_wconf 74' lang='lat' dir='ltr'><strong>relinquimus?</strong></span> <span class='ocrx_word' id='word_1_360' title='bbox 3424 1812 3667 1871; x_wconf 81' lang='lat' dir='ltr'><strong>ostendit</strong></span> <span class='ocrx_word' id='word_1_361' title='bbox 3724 1815 3848 1885; x_wconf 83' lang='lat' dir='ltr'><strong>quia</strong></span> 
     </span>
    </p>
   </div>
   <div class='ocr_carea' id='block_1_50' title="bbox 2248 1908 3842 1980">
    <p class='ocr_par' dir='ltr' id='par_1_50' title="bbox 2248 1908 3842 1980">
     <span class='ocr_line' id='line_1_50' title="bbox 2248 1908 3842 1980; baseline -0.003 -14"><span class='ocrx_word' id='word_1_362' title='bbox 2248 1910 2477 1966; x_wconf 86' lang='lat' dir='ltr'><strong>multum</strong></span> <span class='ocrx_word' id='word_1_363' title='bbox 2509 1909 2769 1980; x_wconf 89' lang='lat' dir='ltr'><strong>relinquit</strong></span> <span class='ocrx_word' id='word_1_364' title='bbox 2799 1909 2994 1975; x_wconf 90' lang='lat' dir='ltr'><strong>homo,</strong></span> <span class='ocrx_word' id='word_1_365' title='bbox 3018 1910 3109 1979; x_wconf 88' lang='lat' dir='ltr'><strong>qui</strong></span> <span class='ocrx_word' id='word_1_366' title='bbox 3140 1908 3499 1980; x_wconf 85' lang='lat' dir='ltr'><strong>semetipsum</strong></span> <span class='ocrx_word' id='word_1_367' title='bbox 3542 1909 3842 1978; x_wconf 87' lang='lat' dir='ltr'><strong>postponit.</strong></span> 
     </span>
    </p>
   </div>
   <div class='ocr_carea' id='block_1_51' title="bbox 2251 2001 3844 2074">
    <p class='ocr_par' dir='ltr' id='par_1_51' title="bbox 2251 2001 3844 2074">
     <span class='ocr_line' id='line_1_51' title="bbox 2251 2001 3844 2074; baseline -0.001 -13"><span class='ocrx_word' id='word_1_368' title='bbox 2251 2004 2525 2061; x_wconf 75' lang='lat' dir='ltr'><strong>Prwcedat</strong></span> <span class='ocrx_word' id='word_1_369' title='bbox 2554 2021 2658 2072; x_wconf 88' lang='lat' dir='ltr'><strong>eos,</strong></span> <span class='ocrx_word' id='word_1_370' title='bbox 2691 2003 2746 2059; x_wconf 90' lang='lat' dir='ltr'><strong>id</strong></span> <span class='ocrx_word' id='word_1_371' title='bbox 2773 2011 2885 2070; x_wconf 88' lang='lat' dir='ltr'><strong>est,</strong></span> <span class='ocrx_word' id='word_1_372' title='bbox 2916 2001 3189 2074; x_wconf 71' lang='lat' dir='ltr'><strong>praecedat</strong></span> <span class='ocrx_word' id='word_1_373' title='bbox 3219 2016 3349 2057; x_wconf 88' lang='lat' dir='ltr'><strong>oves</strong></span> <span class='ocrx_word' id='word_1_374' title='bbox 3375 2016 3505 2057; x_wconf 89' lang='lat' dir='ltr'><strong>suas</strong></span> <span class='ocrx_word' id='word_1_375' title='bbox 3535 2002 3844 2071; x_wconf 81' lang='lat' dir='ltr'><strong>exemplis:</strong></span> 
     </span>
    </p>
   </div>
   <div class='ocr_carea' id='block_1_52' title="bbox 2250 2093 3842 2169">
    <p class='ocr_par' dir='ltr' id='par_1_52' title="bbox 2250 2093 3842 2169">
     <span class='ocr_line' id='line_1_52' title="bbox 2250 2093 3842 2169; baseline -0.001 -16"><span class='ocrx_word' id='word_1_376' title='bbox 2250 2114 2349 2169; x_wconf 88' lang='lat' dir='ltr'><strong>per</strong></span> <span class='ocrx_word' id='word_1_377' title='bbox 2378 2098 2644 2163; x_wconf 88' lang='lat' dir='ltr'><strong>calicem,</strong></span> <span class='ocrx_word' id='word_1_378' title='bbox 2688 2096 2930 2153; x_wconf 89' lang='lat' dir='ltr'><strong>ostendit</strong></span> <span class='ocrx_word' id='word_1_379' title='bbox 2980 2097 3330 2166; x_wconf 88' lang='lat' dir='ltr'><strong>passionem;</strong></span> <span class='ocrx_word' id='word_1_380' title='bbox 3360 2109 3459 2165; x_wconf 89' lang='lat' dir='ltr'><strong>per</strong></span> <span class='ocrx_word' id='word_1_381' title='bbox 3487 2093 3842 2163; x_wconf 88' lang='lat' dir='ltr'><strong>baptismum,</strong></span> 
     </span>
    </p>
   </div>
   <div class='ocr_carea' id='block_1_53' title="bbox 2251 2186 3848 2255">
    <p class='ocr_par' dir='ltr' id='par_1_53' title="bbox 2251 2186 3848 2255">
     <span class='ocr_line' id='line_1_53' title="bbox 2251 2186 3848 2255; baseline -0.003 -9"><span class='ocrx_word' id='word_1_382' title='bbox 2251 2192 2751 2255; x_wconf 82' lang='lat' dir='ltr'><strong>mortiﬁcationem.</strong></span> <span class='ocrx_word' id='word_1_383' title='bbox 2781 2188 2895 2245; x_wconf 86' lang='lat' dir='ltr'><strong>sive</strong></span> <span class='ocrx_word' id='word_1_384' title='bbox 2924 2188 3370 2245; x_wconf 89' lang='lat' dir='ltr'><strong>dorutitationem</strong></span> <span class='ocrx_word' id='word_1_385' title='bbox 3392 2186 3673 2243; x_wconf 66' lang='lat' dir='ltr'><strong>Ecclesiae.</strong></span> <span class='ocrx_word' id='word_1_386' title='bbox 3697 2186 3848 2243; x_wconf 85' lang='lat' dir='ltr'><strong>Sicut</strong></span> 
     </span>
    </p>
   </div>
   <div class='ocr_carea' id='block_1_54' title="bbox 2251 2280 3849 2355">
    <p class='ocr_par' dir='ltr' id='par_1_54' title="bbox 2251 2280 3849 2355">
     <span class='ocr_line' id='line_1_54' title="bbox 2251 2280 3849 2355; baseline -0.005 -14"><span class='ocrx_word' id='word_1_387' title='bbox 2251 2283 2423 2341; x_wconf 77' lang='lat' dir='ltr'><strong>Adam</strong></span> <span class='ocrx_word' id='word_1_388' title='bbox 2454 2298 2553 2355; x_wconf 89' lang='lat' dir='ltr'><strong>per</strong></span> <span class='ocrx_word' id='word_1_389' title='bbox 2585 2283 2685 2338; x_wconf 84' lang='lat' dir='ltr'><strong>tria</strong></span> <span class='ocrx_word' id='word_1_390' title='bbox 2717 2284 2983 2353; x_wconf 84' lang='lat' dir='ltr'><strong>peccavit,</strong></span> <span class='ocrx_word' id='word_1_391' title='bbox 3014 2281 3069 2337; x_wconf 89' lang='lat' dir='ltr'><strong>id</strong></span> <span class='ocrx_word' id='word_1_392' title='bbox 3093 2292 3197 2346; x_wconf 88' lang='lat' dir='ltr'><strong>est,</strong></span> <span class='ocrx_word' id='word_1_393' title='bbox 3223 2281 3554 2352; x_wconf 86' lang='lat' dir='ltr'><strong>concupivit,</strong></span> <span class='ocrx_word' id='word_1_394' title='bbox 3588 2280 3849 2351; x_wconf 66' lang='lat' dir='ltr'><strong>praevari-</strong></span> 
     </span>
    </p>
   </div>
   <div class='ocr_carea' id='block_1_55' title="bbox 2249 2374 3846 2448">
    <p class='ocr_par' dir='ltr' id='par_1_55' title="bbox 2249 2374 3846 2448">
     <span class='ocr_line' id='line_1_55' title="bbox 2249 2374 3846 2448; baseline -0.003 -15"><span class='ocrx_word' id='word_1_395' title='bbox 2249 2380 2412 2446; x_wconf 85' lang='lat' dir='ltr'><strong>cavit,</strong></span> <span class='ocrx_word' id='word_1_396' title='bbox 2445 2377 2681 2448; x_wconf 87' lang='lat' dir='ltr'><strong>superbe</strong></span> <span class='ocrx_word' id='word_1_397' title='bbox 2709 2378 2821 2447; x_wconf 84' lang='lat' dir='ltr'><strong>egit</strong></span> <span class='ocrx_word' id='word_1_398' title='bbox 2853 2394 2869 2433; x_wconf 90' lang='lat'><strong>:</strong></span> <span class='ocrx_word' id='word_1_399' title='bbox 2900 2377 2979 2431; x_wconf 90' lang='lat' dir='ltr'><strong>ita</strong></span> <span class='ocrx_word' id='word_1_400' title='bbox 3007 2386 3061 2430; x_wconf 90' lang='lat' dir='ltr'><strong>et</strong></span> <span class='ocrx_word' id='word_1_401' title='bbox 3094 2375 3346 2431; x_wconf 78' lang='lat' dir='ltr'><strong>Christus</strong></span> <span class='ocrx_word' id='word_1_402' title='bbox 3384 2385 3493 2430; x_wconf 90' lang='lat' dir='ltr'><strong>tres</strong></span> <span class='ocrx_word' id='word_1_403' title='bbox 3520 2374 3635 2429; x_wconf 90' lang='lat' dir='ltr'><strong>dies</strong></span> <span class='ocrx_word' id='word_1_404' title='bbox 3656 2374 3759 2429; x_wconf 77' lang='lat' dir='ltr'><strong>fuit</strong></span> <span class='ocrx_word' id='word_1_405' title='bbox 3787 2375 3846 2429; x_wconf 84' lang='lat' dir='ltr'><strong>in</strong></span> 
     </span>
    </p>
   </div>
   <div class='ocr_carea' id='block_1_56' title="bbox 2250 2468 3845 2544">
    <p class='ocr_par' dir='ltr' id='par_1_56' title="bbox 2250 2468 3845 2544">
     <span class='ocr_line' id='line_1_56' title="bbox 2250 2468 3845 2544; baseline -0.006 -14"><span class='ocrx_word' id='word_1_406' title='bbox 2250 2473 2505 2544; x_wconf 87' lang='lat' dir='ltr'><strong>sepulcro</strong></span> <span class='ocrx_word' id='word_1_407' title='bbox 2538 2491 2552 2527; x_wconf 92' lang='lat'><strong>:</strong></span> <span class='ocrx_word' id='word_1_408' title='bbox 2599 2472 2857 2535; x_wconf 84' lang='lat' dir='ltr'><strong>similiter</strong></span> <span class='ocrx_word' id='word_1_409' title='bbox 2898 2481 2955 2529; x_wconf 90' lang='lat' dir='ltr'><strong>et</strong></span> <span class='ocrx_word' id='word_1_410' title='bbox 2999 2469 3233 2541; x_wconf 89' lang='lat' dir='ltr'><strong>proinde</strong></span> <span class='ocrx_word' id='word_1_411' title='bbox 3276 2482 3357 2525; x_wconf 89' lang='lat' dir='ltr'><strong>ter</strong></span> <span class='ocrx_word' id='word_1_412' title='bbox 3386 2468 3642 2539; x_wconf 84' lang='lat' dir='ltr'><strong>mergitur</strong></span> <span class='ocrx_word' id='word_1_413' title='bbox 3672 2469 3845 2525; x_wconf 85' lang='lat' dir='ltr'><strong>homo</strong></span> 
     </span>
    </p>
   </div>
   <div class='ocr_carea' id='block_1_57' title="bbox 2250 2552 3849 2636">
    <p class='ocr_par' dir='ltr' id='par_1_57' title="bbox 2250 2552 3849 2636">
     <span class='ocr_line' id='line_1_57' title="bbox 2250 2552 3849 2636; baseline -0.001 -16"><span class='ocrx_word' id='word_1_414' title='bbox 2250 2568 2352 2622; x_wconf 91' lang='lat' dir='ltr'><strong>sub</strong></span> <span class='ocrx_word' id='word_1_415' title='bbox 2381 2566 2525 2621; x_wconf 84' lang='lat' dir='ltr'><strong>unda</strong></span> <span class='ocrx_word' id='word_1_416' title='bbox 2549 2566 2805 2636; x_wconf 88' lang='lat' dir='ltr'><strong>baptismi</strong></span> <span class='ocrx_word' id='word_1_417' title='bbox 2841 2583 2853 2619; x_wconf 89' lang='lat'><strong>:</strong></span> <span class='ocrx_word' id='word_1_418' title='bbox 2889 2564 3033 2619; x_wconf 88' lang='lat' dir='ltr'><strong>unde</strong></span> <span class='ocrx_word' id='word_1_419' title='bbox 3064 2564 3138 2618; x_wconf 89' lang='lat' dir='ltr'><strong>ait</strong></span> <span class='ocrx_word' id='word_1_420' title='bbox 3169 2564 3463 2631; x_wconf 79' lang='lat' dir='ltr'><strong>Apostolus</strong></span> <span class='ocrx_word' id='word_1_421' title='bbox 3492 2582 3504 2619; x_wconf 87' lang='lat'><strong>:</strong></span> <span class='ocrx_word' id='word_1_422' title='bbox 3538 2552 3849 2634; x_wconf 69' lang='lat' dir='ltr'><strong>Lbnsepulti</strong></span> 
     </span>
    </p>
   </div>
   <div class='ocr_carea' id='block_1_58' title="bbox 2249 2655 3849 2727">
    <p class='ocr_par' dir='ltr' id='par_1_58' title="bbox 2249 2655 3849 2727">
     <span class='ocr_line' id='line_1_58' title="bbox 2249 2655 3849 2727; baseline -0.002 -14"><span class='ocrx_word' id='word_1_423' title='bbox 2249 2660 2385 2713; x_wconf 88' lang='lat' dir='ltr'><strong>enim</strong></span> <span class='ocrx_word' id='word_1_424' title='bbox 2426 2674 2606 2713; x_wconf 84' lang='lat' dir='ltr'><strong>sumus</strong></span> <span class='ocrx_word' id='word_1_425' title='bbox 2648 2674 2765 2711; x_wconf 86' lang='lat' dir='ltr'><strong>cum</strong></span> <span class='ocrx_word' id='word_1_426' title='bbox 2793 2655 3001 2712; x_wconf 82' lang='lat' dir='ltr'><strong>Christo</strong></span> <span class='ocrx_word' id='word_1_427' title='bbox 3050 2672 3144 2727; x_wconf 83' lang='lat' dir='ltr'><strong>per</strong></span> <span class='ocrx_word' id='word_1_428' title='bbox 3191 2656 3540 2723; x_wconf 77' lang='lat' dir='ltr'><strong>baptismum;</strong></span> <span class='ocrx_word' id='word_1_429' title='bbox 3580 2655 3637 2709; x_wconf 87' lang='lat' dir='ltr'><strong>in</strong></span> <span class='ocrx_word' id='word_1_430' title='bbox 3683 2666 3849 2711; x_wconf 77' lang='lat' dir='ltr'><strong>morte</strong></span> 
     </span>
    </p>
   </div>
   <div class='ocr_carea' id='block_1_59' title="bbox 2247 2748 3845 2819">
    <p class='ocr_par' dir='ltr' id='par_1_59' title="bbox 2247 2748 3845 2819">
     <span class='ocr_line' id='line_1_59' title="bbox 2247 2748 3845 2819; baseline -0.001 -16"><span class='ocrx_word' id='word_1_431' title='bbox 2247 2750 2384 2804; x_wconf 85' lang='lat' dir='ltr'><strong>enim</strong></span> <span class='ocrx_word' id='word_1_432' title='bbox 2410 2750 2575 2819; x_wconf 83' lang='lat' dir='ltr'><strong>ipsius</strong></span> <span class='ocrx_word' id='word_1_433' title='bbox 2600 2750 2847 2817; x_wconf 69' lang='lat' dir='ltr'><strong>baptismi</strong></span> <span class='ocrx_word' id='word_1_434' title='bbox 2871 2766 3068 2804; x_wconf 84' lang='lat' dir='ltr'><strong>sumus.</strong></span> <span class='ocrx_word' id='word_1_435' title='bbox 3096 2750 3203 2819; x_wconf 85' lang='lat' dir='ltr'><strong>Qui</strong></span> <span class='ocrx_word' id='word_1_436' title='bbox 3228 2748 3444 2811; x_wconf 84' lang='lat' dir='ltr'><strong>voluerit</strong></span> <span class='ocrx_word' id='word_1_437' title='bbox 3480 2748 3536 2802; x_wconf 85' lang='lat' dir='ltr'><strong>in</strong></span> <span class='ocrx_word' id='word_1_438' title='bbox 3561 2749 3706 2804; x_wconf 80' lang='lat' dir='ltr'><strong>vobis</strong></span> <span class='ocrx_word' id='word_1_439' title='bbox 3732 2751 3845 2819; x_wconf 89' lang='lat' dir='ltr'><strong>pri-</strong></span> 
     </span>
    </p>
   </div>
   <div class='ocr_carea' id='block_1_60' title="bbox 2246 2842 3847 2910">
    <p class='ocr_par' dir='ltr' id='par_1_60' title="bbox 2246 2842 3847 2910">
     <span class='ocr_line' id='line_1_60' title="bbox 2246 2842 3847 2910; baseline 0.001 -11"><span class='ocrx_word' id='word_1_440' title='bbox 2246 2862 2362 2902; x_wconf 85' lang='lat' dir='ltr'><strong>mus</strong></span> <span class='ocrx_word' id='word_1_441' title='bbox 2391 2861 2519 2910; x_wconf 83' lang='lat' dir='ltr'><strong>esse,</strong></span> <span class='ocrx_word' id='word_1_442' title='bbox 2549 2846 2646 2900; x_wconf 85' lang='lat' dir='ltr'><strong>erit</strong></span> <span class='ocrx_word' id='word_1_443' title='bbox 2676 2845 2907 2899; x_wconf 86' lang='lat' dir='ltr'><strong>omnium</strong></span> <span class='ocrx_word' id='word_1_444' title='bbox 2934 2861 3107 2899; x_wconf 79' lang='lat' dir='ltr'><strong>servus</strong></span> <span class='ocrx_word' id='word_1_445' title='bbox 3138 2860 3159 2898; x_wconf 90' lang='lat'><strong>:</strong></span> <span class='ocrx_word' id='word_1_446' title='bbox 3190 2843 3279 2898; x_wconf 91' lang='lat' dir='ltr'><strong>hic</strong></span> <span class='ocrx_word' id='word_1_447' title='bbox 3316 2842 3559 2899; x_wconf 86' lang='lat' dir='ltr'><strong>ostendit</strong></span> <span class='ocrx_word' id='word_1_448' title='bbox 3590 2844 3847 2901; x_wconf 85' lang='lat' dir='ltr'><strong>doctores</strong></span> 
     </span>
    </p>
   </div>
   <div class='ocr_carea' id='block_1_61' title="bbox 2250 2936 3847 3007">
    <p class='ocr_par' dir='ltr' id='par_1_61' title="bbox 2250 2936 3847 3007">
     <span class='ocr_line' id='line_1_61' title="bbox 2250 2936 3847 3007; baseline 0.003 -16"><span class='ocrx_word' id='word_1_449' title='bbox 2250 2936 2512 2992; x_wconf 78' lang='lat' dir='ltr'><strong>Ecclesiae</strong></span> <span class='ocrx_word' id='word_1_450' title='bbox 2553 2954 2565 2991; x_wconf 90' lang='lat'><strong>:</strong></span> <span class='ocrx_word' id='word_1_451' title='bbox 2612 2951 2793 2993; x_wconf 67' lang='lat' dir='ltr'><strong>caecus</strong></span> <span class='ocrx_word' id='word_1_452' title='bbox 2840 2947 2987 2992; x_wconf 90' lang='lat' dir='ltr'><strong>tenet</strong></span> <span class='ocrx_word' id='word_1_453' title='bbox 3028 2937 3258 3007; x_wconf 83' lang='lat' dir='ltr'><strong>tiguram</strong></span> <span class='ocrx_word' id='word_1_454' title='bbox 3301 2937 3564 3007; x_wconf 83' lang='lat' dir='ltr'><strong>gentium.</strong></span> <span class='ocrx_word' id='word_1_455' title='bbox 3620 2938 3847 2995; x_wconf 80' lang='lat' dir='ltr'><strong>Sedebat</strong></span> 
     </span>
    </p>
   </div>
   <div class='ocr_carea' id='block_1_62' title="bbox 2239 3028 3191 3101">
    <p class='ocr_par' dir='ltr' id='par_1_62' title="bbox 2239 3028 3191 3101">
     <span class='ocr_line' id='line_1_62' title="bbox 2239 3028 3191 3101; baseline -0.003 -17"><span class='ocrx_word' id='word_1_456' title='bbox 2239 3030 2399 3101; x_wconf 71' lang='lat' dir='ltr'><strong>juxta</strong></span> <span class='ocrx_word' id='word_1_457' title='bbox 2427 3029 2584 3098; x_wconf 80' lang='lat' dir='ltr'><strong>viam,</strong></span> <span class='ocrx_word' id='word_1_458' title='bbox 2613 3029 2668 3084; x_wconf 91' lang='lat' dir='ltr'><strong>id</strong></span> <span class='ocrx_word' id='word_1_459' title='bbox 2700 3038 2805 3094; x_wconf 87' lang='lat' dir='ltr'><strong>est,</strong></span> <span class='ocrx_word' id='word_1_460' title='bbox 2828 3028 2982 3099; x_wconf 78' lang='lat' dir='ltr'><strong>juxta</strong></span> <span class='ocrx_word' id='word_1_461' title='bbox 3008 3029 3191 3095; x_wconf 73' lang='lat' dir='ltr'><strong>(idem.</strong></span> 
     </span>
    </p>
   </div>
   <div class='ocr_carea' id='block_1_63' title="bbox 553 3104 3845 3195">
    <p class='ocr_par' dir='ltr' id='par_1_63' title="bbox 553 3104 3845 3195">
     <span class='ocr_line' id='line_1_63' title="bbox 553 3104 3845 3195; baseline 0.001 -18"><span class='ocrx_word' id='word_1_462' title='bbox 553 3121 669 3193; x_wconf 87' lang='lat' dir='ltr'><strong>puli</strong></span> <span class='ocrx_word' id='word_1_463' title='bbox 700 3121 931 3192; x_wconf 83' lang='lat' dir='ltr'><strong>ﬁguram</strong></span> <span class='ocrx_word' id='word_1_464' title='bbox 965 3132 1152 3177; x_wconf 89' lang='lat' dir='ltr'><strong>tenent</strong></span> <span class='ocrx_word' id='word_1_465' title='bbox 1184 3121 1637 3190; x_wconf 85' lang='lat' dir='ltr'><strong>patriarcharum,</strong></span> <span class='ocrx_word' id='word_1_466' title='bbox 1668 3123 1794 3193; x_wconf 87' lang='lat' dir='ltr'><strong>quia</strong></span> <span class='ocrx_word' id='word_1_467' title='bbox 1819 3138 1991 3194; x_wconf 88' lang='lat' dir='ltr'><strong>neque</strong></span> <span class='ocrx_word' id='word_1_468' title='bbox 2020 3136 2146 3195; x_wconf 85' lang='lat' dir='ltr'><strong>pro-</strong></span> <span class='ocrx_word' id='word_1_469' title='bbox 2172 3104 2215 3166; x_wconf 67' lang='grc' dir='ltr'>Ο</span> <span class='ocrx_word' id='word_1_470' title='bbox 2319 3122 2588 3178; x_wconf 85' lang='lat' dir='ltr'><strong>Clamabat</strong></span> <span class='ocrx_word' id='word_1_471' title='bbox 2610 3124 2678 3178; x_wconf 85' lang='lat' dir='ltr'><strong>ad</strong></span> <span class='ocrx_word' id='word_1_472' title='bbox 2705 3121 2906 3188; x_wconf 82' lang='lat' dir='ltr'><strong>Jesum,</strong></span> <span class='ocrx_word' id='word_1_473' title='bbox 2939 3123 3185 3179; x_wconf 75' lang='lat' dir='ltr'><strong>Miserere</strong></span> <span class='ocrx_word' id='word_1_474' title='bbox 3222 3124 3341 3178; x_wconf 85' lang='lat' dir='ltr'><strong>mei.</strong></span> <span class='ocrx_word' id='word_1_475' title='bbox 3375 3123 3597 3179; x_wconf 82' lang='lat' dir='ltr'><strong>Moralis</strong></span> <span class='ocrx_word' id='word_1_476' title='bbox 3618 3139 3845 3187; x_wconf 86' lang='lat' dir='ltr'><strong>sensus:</strong></span> 
     </span>
    </p>
   </div>
   <div class='ocr_carea' id='block_1_64' title="bbox 552 3213 2141 3286">
    <p class='ocr_par' dir='ltr' id='par_1_64' title="bbox 552 3213 2141 3286">
     <span class='ocr_line' id='line_1_64' title="bbox 552 3213 2141 3286; baseline 0.004 -19"><span class='ocrx_word' id='word_1_477' title='bbox 552 3214 732 3286; x_wconf 84' lang='lat' dir='ltr'><strong>phetac</strong></span> <span class='ocrx_word' id='word_1_478' title='bbox 749 3229 929 3283; x_wconf 89' lang='lat' dir='ltr'><strong>neque</strong></span> <span class='ocrx_word' id='word_1_479' title='bbox 958 3213 1281 3285; x_wconf 70' lang='lat' dir='ltr'><strong>patriarcha-</strong></span> <span class='ocrx_word' id='word_1_480' title='bbox 1304 3222 1599 3284; x_wconf 89' lang='lat' dir='ltr'><strong>potncruut</strong></span> <span class='ocrx_word' id='word_1_481' title='bbox 1624 3227 1818 3271; x_wconf 82' lang='lat' dir='ltr'><strong>Curare</strong></span> <span class='ocrx_word' id='word_1_482' title='bbox 1846 3213 2141 3273; x_wconf 86' lang='lat' dir='ltr'><strong>humanum</strong></span> 
     </span>
    </p>
   </div>
   <div class='ocr_carea' id='block_1_65' title="bbox 556 3306 2145 3379">
    <p class='ocr_par' dir='ltr' id='par_1_65' title="bbox 556 3306 2145 3379">
     <span class='ocr_line' id='line_1_65' title="bbox 556 3306 2145 3379; baseline 0.001 -15"><span class='ocrx_word' id='word_1_483' title='bbox 556 3324 757 3379; x_wconf 87' lang='lat' dir='ltr'><strong>genus,</strong></span> <span class='ocrx_word' id='word_1_484' title='bbox 792 3308 894 3362; x_wconf 89' lang='lat' dir='ltr'><strong>nisi</strong></span> <span class='ocrx_word' id='word_1_485' title='bbox 926 3309 1153 3364; x_wconf 87' lang='lat' dir='ltr'><strong>veniens</strong></span> <span class='ocrx_word' id='word_1_486' title='bbox 1184 3308 1436 3362; x_wconf 89' lang='lat' dir='ltr'><strong>Christus</strong></span> <span class='ocrx_word' id='word_1_487' title='bbox 1468 3321 1567 3362; x_wconf 92' lang='lat' dir='ltr'><strong>suo</strong></span> <span class='ocrx_word' id='word_1_488' title='bbox 1601 3306 1865 3377; x_wconf 87' lang='lat' dir='ltr'><strong>sanguine</strong></span> <span class='ocrx_word' id='word_1_489' title='bbox 1917 3306 2145 3375; x_wconf 76' lang='lat' dir='ltr'><strong>redemit</strong></span> 
     </span>
    </p>
   </div>
   <div class='ocr_carea' id='block_1_66' title="bbox 557 3398 2141 3471">
    <p class='ocr_par' dir='ltr' id='par_1_66' title="bbox 557 3398 2141 3471">
     <span class='ocr_line' id='line_1_66' title="bbox 557 3398 2141 3471; baseline -0.001 -16"><span class='ocrx_word' id='word_1_490' title='bbox 557 3401 738 3470; x_wconf 89' lang='lat' dir='ltr'><strong>illum,</strong></span> <span class='ocrx_word' id='word_1_491' title='bbox 766 3410 824 3455; x_wconf 89' lang='lat' dir='ltr'><strong>ut</strong></span> <span class='ocrx_word' id='word_1_492' title='bbox 852 3401 930 3455; x_wconf 88' lang='lat' dir='ltr'><strong>ait</strong></span> <span class='ocrx_word' id='word_1_493' title='bbox 959 3402 1248 3470; x_wconf 80' lang='lat' dir='ltr'><strong>prapheta,</strong></span> <span class='ocrx_word' id='word_1_494' title='bbox 1271 3401 1433 3471; x_wconf 82' lang='lat' dir='ltr'><strong>frater</strong></span> <span class='ocrx_word' id='word_1_495' title='bbox 1472 3416 1573 3454; x_wconf 85' lang='lat' dir='ltr'><strong>non</strong></span> <span class='ocrx_word' id='word_1_496' title='bbox 1603 3398 1859 3467; x_wconf 86' lang='lat' dir='ltr'><strong>redemit,</strong></span> <span class='ocrx_word' id='word_1_497' title='bbox 1914 3398 1969 3453; x_wconf 89' lang='lat' dir='ltr'><strong>id</strong></span> <span class='ocrx_word' id='word_1_498' title='bbox 2015 3409 2097 3453; x_wconf 89' lang='lat' dir='ltr'><strong>est</strong></span> <span class='ocrx_word' id='word_1_499' title='bbox 2126 3442 2141 3469; x_wconf 94' lang='lat'><strong>,</strong></span> 
     </span>
    </p>
   </div>
   <div class='ocr_carea' id='block_1_67' title="bbox 554 3489 2141 3565">
    <p class='ocr_par' dir='ltr' id='par_1_67' title="bbox 554 3489 2141 3565">
     <span class='ocr_line' id='line_1_67' title="bbox 554 3489 2141 3565; baseline -0.003 -15"><span class='ocrx_word' id='word_1_500' title='bbox 554 3494 770 3565; x_wconf 82' lang='lat' dir='ltr'><strong>Moyses</strong></span> <span class='ocrx_word' id='word_1_501' title='bbox 799 3509 894 3561; x_wconf 87' lang='lat' dir='ltr'><strong>per</strong></span> <span class='ocrx_word' id='word_1_502' title='bbox 921 3493 1141 3563; x_wconf 86' lang='lat' dir='ltr'><strong>Legem,</strong></span> <span class='ocrx_word' id='word_1_503' title='bbox 1174 3502 1199 3529; x_wconf 77' lang='grc' dir='ltr'>ἰ</span> <span class='ocrx_word' id='word_1_504' title='bbox 1228 3490 1435 3546; x_wconf 83' lang='lat' dir='ltr'><strong>redimit</strong></span> <span class='ocrx_word' id='word_1_505' title='bbox 1456 3491 1633 3559; x_wconf 83' lang='lat' dir='ltr'><strong>homo,</strong></span> <span class='ocrx_word' id='word_1_506' title='bbox 1659 3490 1711 3546; x_wconf 84' lang='lat' dir='ltr'><strong>id</strong></span> <span class='ocrx_word' id='word_1_507' title='bbox 1736 3502 1837 3557; x_wconf 87' lang='lat' dir='ltr'><strong>est,</strong></span> <span class='ocrx_word' id='word_1_508' title='bbox 1869 3489 2141 3546; x_wconf 88' lang='lat' dir='ltr'><strong>Christus.</strong></span> 
     </span>
    </p>
   </div>
   <div class='ocr_carea' id='block_1_68' title="bbox 551 3583 2141 3655">
    <p class='ocr_par' dir='ltr' id='par_1_68' title="bbox 551 3583 2141 3655">
     <span class='ocr_line' id='line_1_68' title="bbox 551 3583 2141 3655; baseline -0.003 -13"><span class='ocrx_word' id='word_1_509' title='bbox 551 3586 636 3642; x_wconf 82' lang='lat' dir='ltr'><strong>Ab</strong></span> <span class='ocrx_word' id='word_1_510' title='bbox 663 3585 910 3652; x_wconf 80' lang='lat' dir='ltr'><strong>infantia,</strong></span> <span class='ocrx_word' id='word_1_511' title='bbox 944 3585 996 3639; x_wconf 90' lang='lat' dir='ltr'><strong>id</strong></span> <span class='ocrx_word' id='word_1_512' title='bbox 1024 3596 1136 3649; x_wconf 90' lang='lat' dir='ltr'><strong>est,</strong></span> <span class='ocrx_word' id='word_1_513' title='bbox 1192 3584 1369 3655; x_wconf 83' lang='lat' dir='ltr'><strong>prima</strong></span> <span class='ocrx_word' id='word_1_514' title='bbox 1416 3592 1575 3639; x_wconf 64' lang='lat' dir='ltr'><strong>aetate</strong></span> <span class='ocrx_word' id='word_1_515' title='bbox 1620 3584 1842 3654; x_wconf 85' lang='lat' dir='ltr'><strong>generis</strong></span> <span class='ocrx_word' id='word_1_516' title='bbox 1874 3583 2093 3639; x_wconf 89' lang='lat' dir='ltr'><strong>humani</strong></span> <span class='ocrx_word' id='word_1_517' title='bbox 2127 3600 2141 3637; x_wconf 94' lang='lat'><strong>:</strong></span> 
     </span>
    </p>
   </div>
   <div class='ocr_carea' id='block_1_69' title="bbox 556 3675 2146 3749">
    <p class='ocr_par' dir='ltr' id='par_1_69' title="bbox 556 3675 2146 3749">
     <span class='ocr_line' id='line_1_69' title="bbox 556 3675 2146 3749; baseline 0.001 -18"><span class='ocrx_word' id='word_1_518' title='bbox 556 3678 712 3741; x_wconf 76' lang='lat' dir='ltr'><strong>dixit,</strong></span> <span class='ocrx_word' id='word_1_519' title='bbox 759 3686 913 3749; x_wconf 88' lang='lat' dir='ltr'><strong>pater</strong></span> <span class='ocrx_word' id='word_1_520' title='bbox 962 3677 1192 3738; x_wconf 81' lang='lat' dir='ltr'><strong>infanti,</strong></span> <span class='ocrx_word' id='word_1_521' title='bbox 1242 3675 1445 3743; x_wconf 86' lang='lat' dir='ltr'><strong>Credo,</strong></span> <span class='ocrx_word' id='word_1_522' title='bbox 1494 3679 1687 3745; x_wconf 84' lang='lat' dir='ltr'><strong>adjuva</strong></span> <span class='ocrx_word' id='word_1_523' title='bbox 1734 3676 2146 3732; x_wconf 84' lang='lat' dir='ltr'><strong>incredulitatem</strong></span> 
     </span>
    </p>
   </div>
   <div class='ocr_carea' id='block_1_70' title="bbox 556 3769 2147 3841">
    <p class='ocr_par' dir='ltr' id='par_1_70' title="bbox 556 3769 2147 3841">
     <span class='ocr_line' id='line_1_70' title="bbox 556 3769 2147 3841; baseline -0.002 -14"><span class='ocrx_word' id='word_1_524' title='bbox 556 3787 746 3836; x_wconf 85' lang='lat' dir='ltr'><strong>meam,</strong></span> <span class='ocrx_word' id='word_1_525' title='bbox 776 3770 1013 3824; x_wconf 91' lang='lat' dir='ltr'><strong>ostendit</strong></span> <span class='ocrx_word' id='word_1_526' title='bbox 1041 3770 1268 3836; x_wconf 71' lang='lat' dir='ltr'><strong>dixisse,</strong></span> <span class='ocrx_word' id='word_1_527' title='bbox 1292 3772 1336 3825; x_wconf 86' lang='lat' dir='ltr'><strong>si</strong></span> <span class='ocrx_word' id='word_1_528' title='bbox 1366 3771 1515 3827; x_wconf 81' lang='lat' dir='ltr'><strong>deest</strong></span> <span class='ocrx_word' id='word_1_529' title='bbox 1541 3769 1695 3837; x_wconf 85' lang='lat' dir='ltr'><strong>ﬁdes,</strong></span> <span class='ocrx_word' id='word_1_530' title='bbox 1727 3771 1956 3841; x_wconf 91' lang='lat' dir='ltr'><strong>adauge.</strong></span> <span class='ocrx_word' id='word_1_531' title='bbox 2005 3771 2147 3826; x_wconf 80' lang='lat' dir='ltr'><strong>Mul-</strong></span> 
     </span>
    </p>
   </div>
   <div class='ocr_carea' id='block_1_71' title="bbox 556 3864 2146 3937">
    <p class='ocr_par' dir='ltr' id='par_1_71' title="bbox 556 3864 2146 3937">
     <span class='ocr_line' id='line_1_71' title="bbox 556 3864 2146 3937; baseline 0.002 -19"><span class='ocrx_word' id='word_1_532' title='bbox 556 3874 664 3918; x_wconf 88' lang='lat' dir='ltr'><strong>tum</strong></span> <span class='ocrx_word' id='word_1_533' title='bbox 688 3864 981 3931; x_wconf 81' lang='lat' dir='ltr'><strong>discerpens</strong></span> <span class='ocrx_word' id='word_1_534' title='bbox 1002 3881 1117 3923; x_wconf 85' lang='lat' dir='ltr'><strong>eum</strong></span> <span class='ocrx_word' id='word_1_535' title='bbox 1141 3881 1160 3918; x_wconf 89' lang='lat'><strong>:</strong></span> <span class='ocrx_word' id='word_1_536' title='bbox 1191 3864 1449 3926; x_wconf 88' lang='lat' dir='ltr'><strong>ostendit,</strong></span> <span class='ocrx_word' id='word_1_537' title='bbox 1474 3865 1599 3937; x_wconf 88' lang='lat' dir='ltr'><strong>quia</strong></span> <span class='ocrx_word' id='word_1_538' title='bbox 1621 3866 1835 3937; x_wconf 91' lang='lat' dir='ltr'><strong>quando</strong></span> <span class='ocrx_word' id='word_1_539' title='bbox 1864 3868 1996 3921; x_wconf 82' lang='lat' dir='ltr'><strong>vidit</strong></span> <span class='ocrx_word' id='word_1_540' title='bbox 2031 3866 2146 3921; x_wconf 85' lang='lat' dir='ltr'><strong>dia-</strong></span> 
     </span>
    </p>
   </div>
   <div class='ocr_carea' id='block_1_72' title="bbox 557 3956 2147 4025">
    <p class='ocr_par' dir='ltr' id='par_1_72' title="bbox 557 3956 2147 4025">
     <span class='ocr_line' id='line_1_72' title="bbox 557 3956 2147 4025; baseline 0.003 -14"><span class='ocrx_word' id='word_1_541' title='bbox 557 3956 739 4015; x_wconf 87' lang='lat' dir='ltr'><strong>bolum</strong></span> <span class='ocrx_word' id='word_1_542' title='bbox 765 3971 1051 4025; x_wconf 85' lang='lat' dir='ltr'><strong>evasurum</strong></span> <span class='ocrx_word' id='word_1_543' title='bbox 1082 3958 1151 4014; x_wconf 87' lang='lat' dir='ltr'><strong>de</strong></span> <span class='ocrx_word' id='word_1_544' title='bbox 1182 3968 1326 4014; x_wconf 86' lang='lat' dir='ltr'><strong>terra</strong></span> <span class='ocrx_word' id='word_1_545' title='bbox 1352 3958 1405 4012; x_wconf 91' lang='lat' dir='ltr'><strong>in</strong></span> <span class='ocrx_word' id='word_1_546' title='bbox 1429 3958 1533 4012; x_wconf 85' lang='lat' dir='ltr'><strong>line</strong></span> <span class='ocrx_word' id='word_1_547' title='bbox 1568 3959 1753 4014; x_wconf 89' lang='lat' dir='ltr'><strong>mundi</strong></span> <span class='ocrx_word' id='word_1_548' title='bbox 1784 3976 1797 4013; x_wconf 90' lang='lat'><strong>:</strong></span> <span class='ocrx_word' id='word_1_549' title='bbox 1832 3970 1959 4016; x_wconf 91' lang='lat' dir='ltr'><strong>tunc</strong></span> <span class='ocrx_word' id='word_1_550' title='bbox 1986 3960 2147 4016; x_wconf 90' lang='lat' dir='ltr'><strong>datur</strong></span> 
     </span>
    </p>
   </div>
   <div class='ocr_carea' id='block_1_73' title="bbox 553 4048 2147 4125">
    <p class='ocr_par' dir='ltr' id='par_1_73' title="bbox 553 4048 2147 4125">
     <span class='ocr_line' id='line_1_73' title="bbox 553 4048 2147 4125; baseline 0.003 -22"><span class='ocrx_word' id='word_1_551' title='bbox 553 4048 631 4103; x_wconf 88' lang='lat' dir='ltr'><strong>illi</strong></span> <span class='ocrx_word' id='word_1_552' title='bbox 661 4056 922 4119; x_wconf 83' lang='lat' dir='ltr'><strong>potestas.</strong></span> <span class='ocrx_word' id='word_1_553' title='bbox 949 4058 1008 4103; x_wconf 92' lang='lat' dir='ltr'><strong>ut</strong></span> <span class='ocrx_word' id='word_1_554' title='bbox 1037 4048 1199 4123; x_wconf 80' lang='lat' dir='ltr'><strong>faciat</strong></span> <span class='ocrx_word' id='word_1_555' title='bbox 1226 4060 1486 4123; x_wconf 78' lang='lat' dir='ltr'><strong>quantum</strong></span> <span class='ocrx_word' id='word_1_556' title='bbox 1516 4051 1631 4105; x_wconf 87' lang='lat' dir='ltr'><strong>vult</strong></span> <span class='ocrx_word' id='word_1_557' title='bbox 1676 4062 1896 4125; x_wconf 85' lang='lat' dir='ltr'><strong>propter</strong></span> <span class='ocrx_word' id='word_1_558' title='bbox 1940 4051 2147 4123; x_wconf 71' lang='lat' dir='ltr'><strong>electos</strong></span> 
     </span>
    </p>
   </div>
   <div class='ocr_carea' id='block_1_74' title="bbox 555 4143 2145 4217">
    <p class='ocr_par' dir='ltr' id='par_1_74' title="bbox 555 4143 2145 4217">
     <span class='ocr_line' id='line_1_74' title="bbox 555 4143 2145 4217; baseline 0.003 -19"><span class='ocrx_word' id='word_1_559' title='bbox 555 4143 653 4199; x_wconf 90' lang='lat' dir='ltr'><strong>Dei</strong></span> <span class='ocrx_word' id='word_1_560' title='bbox 688 4161 702 4199; x_wconf 88' lang='lat'><strong>:</strong></span> <span class='ocrx_word' id='word_1_561' title='bbox 728 4160 847 4199; x_wconf 91' lang='lat' dir='ltr'><strong>cum</strong></span> <span class='ocrx_word' id='word_1_562' title='bbox 877 4143 1008 4198; x_wconf 88' lang='lat' dir='ltr'><strong>vidit</strong></span> <span class='ocrx_word' id='word_1_563' title='bbox 1033 4158 1095 4201; x_wconf 87' lang='lat' dir='ltr'><strong>se</strong></span> <span class='ocrx_word' id='word_1_564' title='bbox 1119 4144 1188 4200; x_wconf 89' lang='lat' dir='ltr'><strong>de</strong></span> <span class='ocrx_word' id='word_1_565' title='bbox 1212 4160 1539 4217; x_wconf 78' lang='lat' dir='ltr'><strong>unoquoque</strong></span> <span class='ocrx_word' id='word_1_566' title='bbox 1567 4145 1787 4202; x_wconf 86' lang='lat' dir='ltr'><strong>homine</strong></span> <span class='ocrx_word' id='word_1_567' title='bbox 1810 4162 1907 4215; x_wconf 90' lang='lat' dir='ltr'><strong>per</strong></span> <span class='ocrx_word' id='word_1_568' title='bbox 1927 4149 2145 4203; x_wconf 82' lang='lat' dir='ltr'><strong>confes-</strong></span> 
     </span>
    </p>
   </div>
   <div class='ocr_carea' id='block_1_75' title="bbox 554 4226 2146 4313">
    <p class='ocr_par' dir='ltr' id='par_1_75' title="bbox 554 4226 2146 4313">
     <span class='ocr_line' id='line_1_75' title="bbox 554 4226 2146 4313; baseline 0.002 -17"><span class='ocrx_word' id='word_1_569' title='bbox 554 4241 763 4297; x_wconf 87' lang='lat' dir='ltr'><strong>sionem</strong></span> <span class='ocrx_word' id='word_1_570' title='bbox 786 4282 800 4304; x_wconf 98' lang='lat'><strong>,</strong></span> <span class='ocrx_word' id='word_1_571' title='bbox 825 4249 881 4295; x_wconf 89' lang='lat' dir='ltr'><strong>et</strong></span> <span class='ocrx_word' id='word_1_572' title='bbox 904 4226 1284 4313; x_wconf 72' lang='lat' dir='ltr'><strong>pmnitentiam</strong></span> <span class='ocrx_word' id='word_1_573' title='bbox 1309 4242 1506 4309; x_wconf 82' lang='lat' dir='ltr'><strong>expelli</strong></span> <span class='ocrx_word' id='word_1_574' title='bbox 1540 4286 1553 4309; x_wconf 88' lang='lat'><strong>,</strong></span> <span class='ocrx_word' id='word_1_575' title='bbox 1611 4252 1735 4297; x_wconf 91' lang='lat' dir='ltr'><strong>tunc</strong></span> <span class='ocrx_word' id='word_1_576' title='bbox 1783 4250 1973 4297; x_wconf 88' lang='lat' dir='ltr'><strong>contra</strong></span> <span class='ocrx_word' id='word_1_577' title='bbox 2020 4242 2146 4298; x_wconf 88' lang='lat' dir='ltr'><strong>illos</strong></span> 
     </span>
    </p>
   </div>
   <div class='ocr_carea' id='block_1_76' title="bbox 556 4334 2142 4407">
    <p class='ocr_par' dir='ltr' id='par_1_76' title="bbox 556 4334 2142 4407">
     <span class='ocr_line' id='line_1_76' title="bbox 556 4334 2142 4407; baseline 0 -18"><span class='ocrx_word' id='word_1_578' title='bbox 556 4336 679 4407; x_wconf 88' lang='lat' dir='ltr'><strong>plus</strong></span> <span class='ocrx_word' id='word_1_579' title='bbox 694 4336 989 4401; x_wconf 77' lang='lat' dir='ltr'><strong>suscitavit</strong></span> <span class='ocrx_word' id='word_1_580' title='bbox 1004 4335 1154 4401; x_wconf 86' lang='lat' dir='ltr'><strong>vitia,</strong></span> <span class='ocrx_word' id='word_1_581' title='bbox 1180 4344 1239 4392; x_wconf 89' lang='lat' dir='ltr'><strong>et</strong></span> <span class='ocrx_word' id='word_1_582' title='bbox 1255 4334 1670 4395; x_wconf 87' lang='lat' dir='ltr'><strong>crudelissimas</strong></span> <span class='ocrx_word' id='word_1_583' title='bbox 1688 4334 2142 4406; x_wconf 82' lang='lat' dir='ltr'><strong>impugnationes.</strong></span> 
     </span>
    </p>
   </div>
   <div class='ocr_carea' id='block_1_77' title="bbox 554 4427 2137 4498">
    <p class='ocr_par' dir='ltr' id='par_1_77' title="bbox 554 4427 2137 4498">
     <span class='ocr_line' id='line_1_77' title="bbox 554 4427 2137 4498; baseline -0.002 -14"><span class='ocrx_word' id='word_1_584' title='bbox 554 4427 755 4485; x_wconf 81' lang='lat' dir='ltr'><strong>Factus</strong></span> <span class='ocrx_word' id='word_1_585' title='bbox 783 4440 856 4483; x_wconf 82' lang='lat' dir='ltr'><strong>est</strong></span> <span class='ocrx_word' id='word_1_586' title='bbox 886 4430 1023 4483; x_wconf 85' lang='lat' dir='ltr'><strong>velut</strong></span> <span class='ocrx_word' id='word_1_587' title='bbox 1060 4439 1325 4494; x_wconf 85' lang='lat' dir='ltr'><strong>mortuus,</strong></span> <span class='ocrx_word' id='word_1_588' title='bbox 1374 4428 1464 4484; x_wconf 88' lang='lat' dir='ltr'><strong>hic</strong></span> <span class='ocrx_word' id='word_1_589' title='bbox 1498 4428 1805 4498; x_wconf 80' lang='lat' dir='ltr'><strong>exemplum</strong></span> <span class='ocrx_word' id='word_1_590' title='bbox 1854 4428 2137 4484; x_wconf 86' lang='lat' dir='ltr'><strong>ostendit:</strong></span> 
     </span>
    </p>
   </div>
   <div class='ocr_carea' id='block_1_78' title="bbox 554 4521 2144 4593">
    <p class='ocr_par' dir='ltr' id='par_1_78' title="bbox 554 4521 2144 4593">
     <span class='ocr_line' id='line_1_78' title="bbox 554 4521 2144 4593; baseline 0.001 -17"><span class='ocrx_word' id='word_1_591' title='bbox 554 4531 844 4592; x_wconf 89' lang='lat' dir='ltr'><strong>purgatum</strong></span> <span class='ocrx_word' id='word_1_592' title='bbox 872 4521 1169 4585; x_wconf 88' lang='lat' dir='ltr'><strong>hominem,</strong></span> <span class='ocrx_word' id='word_1_593' title='bbox 1194 4522 1248 4577; x_wconf 91' lang='lat' dir='ltr'><strong>id</strong></span> <span class='ocrx_word' id='word_1_594' title='bbox 1271 4532 1377 4587; x_wconf 91' lang='lat' dir='ltr'><strong>est,</strong></span> <span class='ocrx_word' id='word_1_595' title='bbox 1399 4524 1491 4593; x_wconf 88' lang='lat' dir='ltr'><strong>qui</strong></span> <span class='ocrx_word' id='word_1_596' title='bbox 1524 4536 1622 4591; x_wconf 87' lang='lat' dir='ltr'><strong>per</strong></span> <span class='ocrx_word' id='word_1_597' title='bbox 1660 4521 2056 4577; x_wconf 77' lang='lat' dir='ltr'><strong>confessionem</strong></span> <span class='ocrx_word' id='word_1_598' title='bbox 2089 4530 2144 4579; x_wconf 90' lang='lat' dir='ltr'><strong>et</strong></span> 
     </span>
    </p>
   </div>
   <div class='ocr_carea' id='block_1_79' title="bbox 556 4612 2141 4683">
    <p class='ocr_par' dir='ltr' id='par_1_79' title="bbox 556 4612 2141 4683">
     <span class='ocr_line' id='line_1_79' title="bbox 556 4612 2141 4683; baseline 0.004 -18"><span class='ocrx_word' id='word_1_599' title='bbox 556 4614 952 4680; x_wconf 79' lang='lat' dir='ltr'><strong>pmnitcntiam,</strong></span> <span class='ocrx_word' id='word_1_600' title='bbox 976 4614 1269 4671; x_wconf 82' lang='lat' dir='ltr'><strong>mortilieat</strong></span> <span class='ocrx_word' id='word_1_601' title='bbox 1287 4614 1658 4683; x_wconf 88' lang='lat' dir='ltr'><strong>semetipsum.</strong></span> <span class='ocrx_word' id='word_1_602' title='bbox 1679 4612 1779 4668; x_wconf 83' lang='lat' dir='ltr'><strong>Hic</strong></span> <span class='ocrx_word' id='word_1_603' title='bbox 1801 4612 2016 4669; x_wconf 88' lang='lat' dir='ltr'><strong>videtur</strong></span> <span class='ocrx_word' id='word_1_604' title='bbox 2034 4615 2141 4671; x_wconf 91' lang='lat' dir='ltr'><strong>duo</strong></span> 
     </span>
    </p>
   </div>
   <div class='ocr_carea' id='block_1_80' title="bbox 554 4707 2141 4783">
    <p class='ocr_par' dir='ltr' id='par_1_80' title="bbox 554 4707 2141 4783">
     <span class='ocr_line' id='line_1_80' title="bbox 554 4707 2141 4783; baseline 0.001 -19"><span class='ocrx_word' id='word_1_605' title='bbox 554 4708 819 4765; x_wconf 81' lang='lat' dir='ltr'><strong>miracula</strong></span> <span class='ocrx_word' id='word_1_606' title='bbox 861 4710 1051 4764; x_wconf 82' lang='lat' dir='ltr'><strong>iecisse</strong></span> <span class='ocrx_word' id='word_1_607' title='bbox 1096 4708 1275 4783; x_wconf 83' lang='lat' dir='ltr'><strong>Jesus,</strong></span> <span class='ocrx_word' id='word_1_608' title='bbox 1308 4725 1337 4762; x_wconf 87' lang='lat' dir='ltr'><strong>a</strong></span> <span class='ocrx_word' id='word_1_609' title='bbox 1360 4708 1633 4764; x_wconf 61' lang='lat' dir='ltr'><strong>diemonio</strong></span> <span class='ocrx_word' id='word_1_610' title='bbox 1663 4707 1892 4773; x_wconf 83' lang='lat' dir='ltr'><strong>curavit,</strong></span> <span class='ocrx_word' id='word_1_611' title='bbox 1922 4717 1978 4764; x_wconf 90' lang='lat' dir='ltr'><strong>et</strong></span> <span class='ocrx_word' id='word_1_612' title='bbox 2006 4725 2141 4778; x_wconf 86' lang='lat' dir='ltr'><strong>qua-</strong></span> 
     </span>
    </p>
   </div>
   <div class='ocr_carea' id='block_1_81' title="bbox 550 4800 2137 4881">
    <p class='ocr_par' dir='ltr' id='par_1_81' title="bbox 550 4800 2137 4881">
     <span class='ocr_line' id='line_1_81' title="bbox 550 4800 2137 4881; baseline -0.001 -27"><span class='ocrx_word' id='word_1_613' title='bbox 550 4801 594 4855; x_wconf 90' lang='lat' dir='ltr'><strong>si</strong></span> <span class='ocrx_word' id='word_1_614' title='bbox 619 4811 893 4858; x_wconf 87' lang='lat' dir='ltr'><strong>mortuum</strong></span> <span class='ocrx_word' id='word_1_615' title='bbox 941 4802 1266 4858; x_wconf 89' lang='lat' dir='ltr'><strong>suscitavit:</strong></span> <span class='ocrx_word' id='word_1_616' title='bbox 1311 4802 1389 4881; x_wconf 89' lang='lat' dir='ltr'><strong>sic</strong></span> <span class='ocrx_word' id='word_1_617' title='bbox 1411 4800 1688 4857; x_wconf 90' lang='lat' dir='ltr'><strong>suscitavit</strong></span> <span class='ocrx_word' id='word_1_618' title='bbox 1732 4814 1901 4871; x_wconf 80' lang='lat' dir='ltr'><strong>genus</strong></span> <span class='ocrx_word' id='word_1_619' title='bbox 1948 4800 2137 4859; x_wconf 84' lang='lat' dir='ltr'><strong>huma-</strong></span> 
     </span>
    </p>
   </div>
   <div class='ocr_carea' id='block_1_82' title="bbox 549 4894 2138 4968">
    <p class='ocr_par' dir='ltr' id='par_1_82' title="bbox 549 4894 2138 4968">
     <span class='ocr_line' id='line_1_82' title="bbox 549 4894 2138 4968; baseline 0.003 -21"><span class='ocrx_word' id='word_1_620' title='bbox 549 4910 675 4947; x_wconf 89' lang='lat' dir='ltr'><strong>num</strong></span> <span class='ocrx_word' id='word_1_621' title='bbox 708 4912 735 4945; x_wconf 76' lang='grc' dir='ltr'><strong>ει</strong></span> <span class='ocrx_word' id='word_1_622' title='bbox 774 4906 947 4950; x_wconf 88' lang='lat' dir='ltr'><strong>morte</strong></span> <span class='ocrx_word' id='word_1_623' title='bbox 992 4907 1367 4968; x_wconf 88' lang='lat' dir='ltr'><strong>peccatorum,</strong></span> <span class='ocrx_word' id='word_1_624' title='bbox 1419 4904 1473 4950; x_wconf 89' lang='lat' dir='ltr'><strong>et</strong></span> <span class='ocrx_word' id='word_1_625' title='bbox 1504 4894 1756 4949; x_wconf 80' lang='lat' dir='ltr'><strong>liberavit</strong></span> <span class='ocrx_word' id='word_1_626' title='bbox 1792 4910 1821 4949; x_wconf 92' lang='lat' dir='ltr'><strong>a</strong></span> <span class='ocrx_word' id='word_1_627' title='bbox 1869 4895 2138 4952; x_wconf 65' lang='lat' dir='ltr'><strong>daemonio</strong></span> 
     </span>
    </p>
   </div>
   <div class='ocr_carea' id='block_1_83' title="bbox 548 4984 2133 5056">
    <p class='ocr_par' dir='ltr' id='par_1_83' title="bbox 548 4984 2133 5056">
     <span class='ocr_line' id='line_1_83' title="bbox 548 4984 2133 5056; baseline 0.005 -19"><span class='ocrx_word' id='word_1_628' title='bbox 548 4984 857 5049; x_wconf 87' lang='lat' dir='ltr'><strong>servitutis;</strong></span> <span class='ocrx_word' id='word_1_629' title='bbox 906 5004 1002 5056; x_wconf 89' lang='lat' dir='ltr'><strong>per</strong></span> <span class='ocrx_word' id='word_1_630' title='bbox 1030 4988 1251 5051; x_wconf 88' lang='lat' dir='ltr'><strong>molam,</strong></span> <span class='ocrx_word' id='word_1_631' title='bbox 1284 4988 1544 5043; x_wconf 90' lang='lat' dir='ltr'><strong>circuitus</strong></span> <span class='ocrx_word' id='word_1_632' title='bbox 1570 4988 1754 5044; x_wconf 64' lang='lat' dir='ltr'><strong>saeculi</strong></span> <span class='ocrx_word' id='word_1_633' title='bbox 1784 4989 2087 5045; x_wconf 89' lang='lat' dir='ltr'><strong>ostenditur</strong></span> <span class='ocrx_word' id='word_1_634' title='bbox 2120 5008 2133 5044; x_wconf 92' lang='lat'><strong>:</strong></span> 
     </span>
    </p>
   </div>
   <div class='ocr_carea' id='block_1_84' title="bbox 545 5080 1668 5153">
    <p class='ocr_par' dir='ltr' id='par_1_84' title="bbox 545 5080 1668 5153">
     <span class='ocr_line' id='line_1_84' title="bbox 545 5080 1668 5153; baseline 0 -18"><span class='ocrx_word' id='word_1_635' title='bbox 545 5096 644 5150; x_wconf 87' lang='lat' dir='ltr'><strong>per</strong></span> <span class='ocrx_word' id='word_1_636' title='bbox 690 5080 901 5134; x_wconf 81' lang='lat' dir='ltr'><strong>asinum</strong></span> <span class='ocrx_word' id='word_1_637' title='bbox 934 5082 1274 5137; x_wconf 82' lang='lat' dir='ltr'><strong>ittttttunditia</strong></span> <span class='ocrx_word' id='word_1_638' title='bbox 1301 5094 1668 5153; x_wconf 77' lang='lat' dir='ltr'><strong>peccatorttttt.</strong></span> 
     </span>
    </p>
   </div>
   <div class='ocr_carea' id='block_1_85' title="bbox 616 5172 2128 5243">
    <p class='ocr_par' dir='ltr' id='par_1_85' title="bbox 616 5172 2128 5243">
     <span class='ocr_line' id='line_1_85' title="bbox 616 5172 2128 5243; baseline 0.004 -16"><span class='ocrx_word' id='word_1_639' title='bbox 616 5172 854 5243; x_wconf 74' lang='lat' dir='ltr'><strong>Mergere</strong></span> <span class='ocrx_word' id='word_1_640' title='bbox 880 5176 931 5227; x_wconf 86' lang='lat' dir='ltr'><strong>in</strong></span> <span class='ocrx_word' id='word_1_641' title='bbox 955 5191 1129 5240; x_wconf 83' lang='lat' dir='ltr'><strong>mare,</strong></span> <span class='ocrx_word' id='word_1_642' title='bbox 1164 5175 1215 5229; x_wconf 91' lang='lat' dir='ltr'><strong>id</strong></span> <span class='ocrx_word' id='word_1_643' title='bbox 1246 5186 1352 5240; x_wconf 90' lang='lat' dir='ltr'><strong>est,</strong></span> <span class='ocrx_word' id='word_1_644' title='bbox 1386 5176 1676 5231; x_wconf 84' lang='lat' dir='ltr'><strong>humiliare</strong></span> <span class='ocrx_word' id='word_1_645' title='bbox 1712 5191 1771 5232; x_wconf 92' lang='lat' dir='ltr'><strong>se</strong></span> <span class='ocrx_word' id='word_1_646' title='bbox 1819 5177 1871 5231; x_wconf 91' lang='lat' dir='ltr'><strong>in</strong></span> <span class='ocrx_word' id='word_1_647' title='bbox 1910 5179 2128 5234; x_wconf 87' lang='lat' dir='ltr'><strong>sacculo</strong></span> 
     </span>
    </p>
   </div>
   <div class='ocr_carea' id='block_1_86' title="bbox 539 5268 2123 5340">
    <p class='ocr_par' dir='ltr' id='par_1_86' title="bbox 539 5268 2123 5340">
     <span class='ocr_line' id='line_1_86' title="bbox 539 5268 2123 5340; baseline 0.002 -17"><span class='ocrx_word' id='word_1_648' title='bbox 539 5283 643 5338; x_wconf 82' lang='lat' dir='ltr'><strong>per</strong></span> <span class='ocrx_word' id='word_1_649' title='bbox 694 5268 1093 5337; x_wconf 77' lang='lat' dir='ltr'><strong>pmnitentiam,</strong></span> <span class='ocrx_word' id='word_1_650' title='bbox 1135 5270 1216 5323; x_wconf 82' lang='lat' dir='ltr'><strong>vel</strong></span> <span class='ocrx_word' id='word_1_651' title='bbox 1266 5271 1446 5338; x_wconf 85' lang='lat' dir='ltr'><strong>perire</strong></span> <span class='ocrx_word' id='word_1_652' title='bbox 1489 5270 1541 5324; x_wconf 91' lang='lat' dir='ltr'><strong>in</strong></span> <span class='ocrx_word' id='word_1_653' title='bbox 1590 5271 1811 5339; x_wconf 85' lang='lat' dir='ltr'><strong>proprio</strong></span> <span class='ocrx_word' id='word_1_654' title='bbox 1853 5282 2075 5340; x_wconf 84' lang='lat' dir='ltr'><strong>peccato</strong></span> <span class='ocrx_word' id='word_1_655' title='bbox 2111 5291 2123 5327; x_wconf 92' lang='lat'><strong>:</strong></span> 
     </span>
    </p>
   </div>
   <div class='ocr_carea' id='block_1_87' title="bbox 538 5362 2122 5435">
    <p class='ocr_par' dir='ltr' id='par_1_87' title="bbox 538 5362 2122 5435">
     <span class='ocr_line' id='line_1_87' title="bbox 538 5362 2122 5435; baseline 0.002 -17"><span class='ocrx_word' id='word_1_656' title='bbox 538 5365 664 5433; x_wconf 88' lang='lat' dir='ltr'><strong>quia</strong></span> <span class='ocrx_word' id='word_1_657' title='bbox 698 5362 873 5418; x_wconf 86' lang='lat' dir='ltr'><strong>levius</strong></span> <span class='ocrx_word' id='word_1_658' title='bbox 904 5374 989 5418; x_wconf 85' lang='lat' dir='ltr'><strong>est</strong></span> <span class='ocrx_word' id='word_1_659' title='bbox 1021 5377 1117 5431; x_wconf 90' lang='lat' dir='ltr'><strong>pro</strong></span> <span class='ocrx_word' id='word_1_660' title='bbox 1146 5378 1206 5418; x_wconf 90' lang='lat' dir='ltr'><strong>se</strong></span> <span class='ocrx_word' id='word_1_661' title='bbox 1232 5365 1349 5418; x_wconf 84' lang='lat' dir='ltr'><strong>solo</strong></span> <span class='ocrx_word' id='word_1_662' title='bbox 1381 5378 1599 5434; x_wconf 66' lang='lat' dir='ltr'><strong>pennam</strong></span> <span class='ocrx_word' id='word_1_663' title='bbox 1629 5366 1929 5433; x_wconf 86' lang='lat' dir='ltr'><strong>sustinere,</strong></span> <span class='ocrx_word' id='word_1_664' title='bbox 1961 5381 2122 5435; x_wconf 81' lang='lat' dir='ltr'><strong>quam</strong></span> 
     </span>
    </p>
   </div>
   <div class='ocr_carea' id='block_1_88' title="bbox 602 5522 2103 5597">
    <p class='ocr_par' dir='ltr' id='par_1_88' title="bbox 602 5522 2103 5597">
     <span class='ocr_line' id='line_1_88' title="bbox 602 5522 2103 5597; baseline 0.003 -20"><span class='ocrx_word' id='word_1_665' title='bbox 602 5532 626 5558; x_wconf 71' lang='grc' dir='ltr'><strong><em>λ</em></strong></span> <span class='ocrx_word' id='word_1_666' title='bbox 651 5522 942 5597; x_wconf 78' lang='lat' dir='ltr'><strong>Contrario</strong></span> <span class='ocrx_word' id='word_1_667' title='bbox 972 5535 1137 5597; x_wconf 75' lang='lat' dir='ltr'><strong>sensu</strong></span> <span class='ocrx_word' id='word_1_668' title='bbox 1168 5534 1305 5597; x_wconf 84' lang='lat' dir='ltr'><strong>erat,</strong></span> <span class='ocrx_word' id='word_1_669' title='bbox 1336 5523 1542 5597; x_wconf 77' lang='lat' dir='ltr'><strong>Moyses</strong></span> <span class='ocrx_word' id='word_1_670' title='bbox 1565 5542 1651 5594; x_wconf 85' lang='lat' dir='ltr'><strong>per</strong></span> <span class='ocrx_word' id='word_1_671' title='bbox 1687 5526 1845 5597; x_wconf 86' lang='lat' dir='ltr'><strong>legem</strong></span> <span class='ocrx_word' id='word_1_672' title='bbox 1873 5526 2103 5581; x_wconf 80' lang='lat' dir='ltr'><strong>redemit.</strong></span> 
     </span>
    </p>
   </div>
   <div class='ocr_carea' id='block_1_89' title="bbox 526 5591 2103 5665">
    <p class='ocr_par' dir='ltr' id='par_1_89' title="bbox 526 5591 2103 5665">
     <span class='ocr_line' id='line_1_89' title="bbox 526 5591 2103 5665; baseline 0.004 -19"><span class='ocrx_word' id='word_1_673' title='bbox 526 5592 659 5646; x_wconf 79' lang='lat' dir='ltr'><strong>Turn</strong></span> <span class='ocrx_word' id='word_1_674' title='bbox 685 5591 1068 5665; x_wconf 75' lang='lat' dir='ltr'><strong>inchoataalia</strong></span> <span class='ocrx_word' id='word_1_675' title='bbox 1098 5595 1355 5665; x_wconf 83' lang='lat' dir='ltr'><strong>sectione,</strong></span> <span class='ocrx_word' id='word_1_676' title='bbox 1393 5591 1594 5657; x_wconf 81' lang='lat' dir='ltr'><strong>Homo,</strong></span> <span class='ocrx_word' id='word_1_677' title='bbox 1624 5598 1679 5650; x_wconf 85' lang='lat' dir='ltr'><strong>id</strong></span> <span class='ocrx_word' id='word_1_678' title='bbox 1707 5591 1806 5665; x_wconf 65' lang='lat' dir='ltr'><strong>cit,</strong></span> <span class='ocrx_word' id='word_1_679' title='bbox 1842 5597 2103 5652; x_wconf 78' lang='lat' dir='ltr'><strong>Christus.</strong></span> 
     </span>
    </p>
   </div>
   <div class='ocr_carea' id='block_1_90' title="bbox 522 5662 2098 5735">
    <p class='ocr_par' dir='ltr' id='par_1_90' title="bbox 522 5662 2098 5735">
     <span class='ocr_line' id='line_1_90' title="bbox 522 5662 2098 5735; baseline 0.006 -20"><span class='ocrx_word' id='word_1_680' title='bbox 522 5665 802 5735; x_wconf 71' lang='lat' dir='ltr'><strong>Clamabat</strong></span> <span class='ocrx_word' id='word_1_681' title='bbox 823 5675 911 5735; x_wconf 76' lang='lat' dir='ltr'><strong>res</strong></span> <span class='ocrx_word' id='word_1_682' title='bbox 942 5662 1060 5723; x_wconf 83' lang='lat' dir='ltr'><strong>ipsa</strong></span> <span class='ocrx_word' id='word_1_683' title='bbox 1082 5663 1295 5717; x_wconf 88' lang='lat' dir='ltr'><strong>restitui</strong></span> <span class='ocrx_word' id='word_1_684' title='bbox 1327 5666 1503 5719; x_wconf 87' lang='lat' dir='ltr'><strong>locum</strong></span> <span class='ocrx_word' id='word_1_685' title='bbox 1535 5662 1801 5723; x_wconf 79' lang='lat' dir='ltr'><strong>continua</strong></span> <span class='ocrx_word' id='word_1_686' title='bbox 1819 5670 2063 5724; x_wconf 85' lang='lat' dir='ltr'><strong>oratione</strong></span> <span class='ocrx_word' id='word_1_687' title='bbox 2084 5713 2098 5735; x_wconf 94' lang='lat'><strong>,</strong></span> 
     </span>
    </p>
   </div>
   <div class='ocr_carea' id='block_1_91' title="bbox 523 5732 2092 5811">
    <p class='ocr_par' dir='ltr' id='par_1_91' title="bbox 523 5732 2092 5811">
     <span class='ocr_line' id='line_1_91' title="bbox 523 5732 2092 5811; baseline 0.008 -26"><span class='ocrx_word' id='word_1_688' title='bbox 523 5741 579 5785; x_wconf 90' lang='lat' dir='ltr'><strong>ut</strong></span> <span class='ocrx_word' id='word_1_689' title='bbox 600 5732 846 5794; x_wconf 79' lang='lat' dir='ltr'><strong>fecimus,</strong></span> <span class='ocrx_word' id='word_1_690' title='bbox 880 5732 1065 5799; x_wconf 71' lang='lat' dir='ltr'><strong>frater,</strong></span> <span class='ocrx_word' id='word_1_691' title='bbox 1088 5747 1185 5784; x_wconf 84' lang='lat' dir='ltr'><strong>non</strong></span> <span class='ocrx_word' id='word_1_692' title='bbox 1206 5735 1428 5804; x_wconf 84' lang='lat' dir='ltr'><strong>redimit,</strong></span> <span class='ocrx_word' id='word_1_693' title='bbox 1452 5735 1505 5791; x_wconf 92' lang='lat' dir='ltr'><strong>id</strong></span> <span class='ocrx_word' id='word_1_694' title='bbox 1529 5747 1630 5807; x_wconf 89' lang='lat' dir='ltr'><strong>est,</strong></span> <span class='ocrx_word' id='word_1_695' title='bbox 1663 5740 1873 5811; x_wconf 84' lang='lat' dir='ltr'><strong>Moyses</strong></span> <span class='ocrx_word' id='word_1_696' title='bbox 1900 5753 1995 5809; x_wconf 76' lang='lat' dir='ltr'><strong>per</strong></span> <span class='ocrx_word' id='word_1_697' title='bbox 2016 5732 2092 5797; x_wconf 60' lang='lat' dir='ltr'><strong>le4</strong></span> 
     </span>
    </p>
   </div>
   <div class='ocr_carea' id='block_1_92' title="bbox 2249 3215 3846 3286">
    <p class='ocr_par' dir='ltr' id='par_1_92' title="bbox 2249 3215 3846 3286">
     <span class='ocr_line' id='line_1_92' title="bbox 2249 3215 3846 3286; baseline 0.001 -15"><span class='ocrx_word' id='word_1_698' title='bbox 2249 3230 2371 3271; x_wconf 90' lang='lat' dir='ltr'><strong>cum</strong></span> <span class='ocrx_word' id='word_1_699' title='bbox 2403 3215 2770 3272; x_wconf 87' lang='lat' dir='ltr'><strong>incumbimus</strong></span> <span class='ocrx_word' id='word_1_700' title='bbox 2800 3218 2854 3273; x_wconf 89' lang='lat' dir='ltr'><strong>in</strong></span> <span class='ocrx_word' id='word_1_701' title='bbox 2883 3216 3157 3284; x_wconf 87' lang='lat' dir='ltr'><strong>oratione,</strong></span> <span class='ocrx_word' id='word_1_702' title='bbox 3182 3226 3311 3272; x_wconf 90' lang='lat' dir='ltr'><strong>tunc</strong></span> <span class='ocrx_word' id='word_1_703' title='bbox 3332 3217 3521 3285; x_wconf 87' lang='lat' dir='ltr'><strong>turba,</strong></span> <span class='ocrx_word' id='word_1_704' title='bbox 3550 3216 3846 3286; x_wconf 75' lang='lat' dir='ltr'><strong>iantasma,</strong></span> 
     </span>
    </p>
   </div>
   <div class='ocr_carea' id='block_1_93' title="bbox 2248 3306 3848 3379">
    <p class='ocr_par' dir='ltr' id='par_1_93' title="bbox 2248 3306 3848 3379">
     <span class='ocr_line' id='line_1_93' title="bbox 2248 3306 3848 3379; baseline 0.003 -16"><span class='ocrx_word' id='word_1_705' title='bbox 2248 3318 2463 3369; x_wconf 87' lang='lat' dir='ltr'><strong>mentes</strong></span> <span class='ocrx_word' id='word_1_706' title='bbox 2491 3306 2731 3363; x_wconf 79' lang='lat' dir='ltr'><strong>fidelium</strong></span> <span class='ocrx_word' id='word_1_707' title='bbox 2763 3308 3080 3379; x_wconf 86' lang='lat' dir='ltr'><strong>increpant,</strong></span> <span class='ocrx_word' id='word_1_708' title='bbox 3125 3317 3184 3364; x_wconf 92' lang='lat' dir='ltr'><strong>ut</strong></span> <span class='ocrx_word' id='word_1_709' title='bbox 3210 3319 3424 3366; x_wconf 80' lang='lat' dir='ltr'><strong>taceant</strong></span> <span class='ocrx_word' id='word_1_710' title='bbox 3444 3350 3460 3376; x_wconf 94' lang='lat'><strong>,</strong></span> <span class='ocrx_word' id='word_1_711' title='bbox 3494 3310 3625 3371; x_wconf 88' lang='lat' dir='ltr'><strong>dum</strong></span> <span class='ocrx_word' id='word_1_712' title='bbox 3656 3312 3848 3371; x_wconf 91' lang='lat' dir='ltr'><strong>volunt</strong></span> 
     </span>
    </p>
   </div>
   <div class='ocr_carea' id='block_1_94' title="bbox 2248 3399 3845 3471">
    <p class='ocr_par' dir='ltr' id='par_1_94' title="bbox 2248 3399 3845 3471">
     <span class='ocr_line' id='line_1_94' title="bbox 2248 3399 3845 3471; baseline 0.003 -17"><span class='ocrx_word' id='word_1_713' title='bbox 2248 3414 2348 3454; x_wconf 90' lang='lat' dir='ltr'><strong>nos</strong></span> <span class='ocrx_word' id='word_1_714' title='bbox 2390 3399 2683 3456; x_wconf 83' lang='lat' dir='ltr'><strong>excludere</strong></span> <span class='ocrx_word' id='word_1_715' title='bbox 2727 3403 2797 3457; x_wconf 81' lang='lat' dir='ltr'><strong>ab</strong></span> <span class='ocrx_word' id='word_1_716' title='bbox 2842 3402 3093 3458; x_wconf 86' lang='lat' dir='ltr'><strong>oratione</strong></span> <span class='ocrx_word' id='word_1_717' title='bbox 3149 3404 3620 3471; x_wconf 86' lang='lat' dir='ltr'><strong>perseverantibus</strong></span> <span class='ocrx_word' id='word_1_718' title='bbox 3661 3405 3845 3460; x_wconf 86' lang='lat' dir='ltr'><strong>nobis.</strong></span> 
     </span>
    </p>
   </div>
   <div class='ocr_carea' id='block_1_95' title="bbox 2248 3490 3849 3561">
    <p class='ocr_par' dir='ltr' id='par_1_95' title="bbox 2248 3490 3849 3561">
     <span class='ocr_line' id='line_1_95' title="bbox 2248 3490 3849 3561; baseline 0.004 -13"><span class='ocrx_word' id='word_1_719' title='bbox 2248 3491 2395 3548; x_wconf 86' lang='lat' dir='ltr'><strong>Tunc</strong></span> <span class='ocrx_word' id='word_1_720' title='bbox 2419 3490 2573 3547; x_wconf 72' lang='lat' dir='ltr'><strong>Iesus</strong></span> <span class='ocrx_word' id='word_1_721' title='bbox 2613 3504 2778 3561; x_wconf 84' lang='lat' dir='ltr'><strong>stans,</strong></span> <span class='ocrx_word' id='word_1_722' title='bbox 2822 3510 2981 3549; x_wconf 83' lang='lat' dir='ltr'><strong>secus</strong></span> <span class='ocrx_word' id='word_1_723' title='bbox 3013 3511 3113 3551; x_wconf 89' lang='lat' dir='ltr'><strong>nos</strong></span> <span class='ocrx_word' id='word_1_724' title='bbox 3138 3512 3152 3550; x_wconf 90' lang='lat'><strong>:</strong></span> <span class='ocrx_word' id='word_1_725' title='bbox 3181 3504 3331 3551; x_wconf 85' lang='lat' dir='ltr'><strong>stare</strong></span> <span class='ocrx_word' id='word_1_726' title='bbox 3357 3496 3506 3551; x_wconf 88' lang='lat' dir='ltr'><strong>enim</strong></span> <span class='ocrx_word' id='word_1_727' title='bbox 3543 3496 3849 3555; x_wconf 77' lang='lat' dir='ltr'><strong>divinitatis</strong></span> 
     </span>
    </p>
   </div>
   <div class='ocr_carea' id='block_1_96' title="bbox 2246 3586 3849 3659">
    <p class='ocr_par' dir='ltr' id='par_1_96' title="bbox 2246 3586 3849 3659">
     <span class='ocr_line' id='line_1_96' title="bbox 2246 3586 3849 3659; baseline 0.002 -18"><span class='ocrx_word' id='word_1_728' title='bbox 2246 3596 2353 3651; x_wconf 82' lang='lat' dir='ltr'><strong>est,</strong></span> <span class='ocrx_word' id='word_1_729' title='bbox 2387 3586 2625 3642; x_wconf 84' lang='lat' dir='ltr'><strong>transire</strong></span> <span class='ocrx_word' id='word_1_730' title='bbox 2654 3600 2783 3641; x_wconf 87' lang='lat' dir='ltr'><strong>vero</strong></span> <span class='ocrx_word' id='word_1_731' title='bbox 2813 3586 3166 3653; x_wconf 85' lang='lat' dir='ltr'><strong>humanitatis</strong></span> <span class='ocrx_word' id='word_1_732' title='bbox 3187 3597 3274 3643; x_wconf 85' lang='lat' dir='ltr'><strong>est</strong></span> <span class='ocrx_word' id='word_1_733' title='bbox 3302 3607 3315 3643; x_wconf 90' lang='lat'><strong>:</strong></span> <span class='ocrx_word' id='word_1_734' title='bbox 3340 3591 3582 3659; x_wconf 82' lang='lat' dir='ltr'><strong>prtecepit</strong></span> <span class='ocrx_word' id='word_1_735' title='bbox 3604 3589 3722 3645; x_wconf 86' lang='lat' dir='ltr'><strong>illos</strong></span> <span class='ocrx_word' id='word_1_736' title='bbox 3752 3608 3849 3646; x_wconf 85' lang='lat' dir='ltr'><strong>to-</strong></span> 
     </span>
    </p>
   </div>
   <div class='ocr_carea' id='block_1_97' title="bbox 2245 3676 3842 3751">
    <p class='ocr_par' dir='ltr' id='par_1_97' title="bbox 2245 3676 3842 3751">
     <span class='ocr_line' id='line_1_97' title="bbox 2245 3676 3842 3751; baseline 0.004 -19"><span class='ocrx_word' id='word_1_737' title='bbox 2245 3692 2385 3746; x_wconf 83' lang='lat' dir='ltr'><strong>care,</strong></span> <span class='ocrx_word' id='word_1_738' title='bbox 2420 3676 2476 3731; x_wconf 88' lang='lat' dir='ltr'><strong>id</strong></span> <span class='ocrx_word' id='word_1_739' title='bbox 2505 3687 2608 3745; x_wconf 90' lang='lat' dir='ltr'><strong>est,</strong></span> <span class='ocrx_word' id='word_1_740' title='bbox 2640 3692 2737 3748; x_wconf 86' lang='lat' dir='ltr'><strong>per</strong></span> <span class='ocrx_word' id='word_1_741' title='bbox 2765 3679 3211 3749; x_wconf 68' lang='lat' dir='ltr'><strong>prtedicationem</strong></span> <span class='ocrx_word' id='word_1_742' title='bbox 3239 3682 3647 3751; x_wconf 83' lang='lat' dir='ltr'><strong>apostolorum:</strong></span> <span class='ocrx_word' id='word_1_743' title='bbox 3677 3693 3842 3738; x_wconf 63' lang='lat' dir='ltr'><strong>vociit</strong></span> 
     </span>
    </p>
   </div>
   <div class='ocr_carea' id='block_1_98' title="bbox 2246 3773 3846 3848">
    <p class='ocr_par' dir='ltr' id='par_1_98' title="bbox 2246 3773 3846 3848">
     <span class='ocr_line' id='line_1_98' title="bbox 2246 3773 3846 3848; baseline 0.002 -20"><span class='ocrx_word' id='word_1_744' title='bbox 2246 3783 2441 3844; x_wconf 85' lang='lat' dir='ltr'><strong>gentes</strong></span> <span class='ocrx_word' id='word_1_745' title='bbox 2471 3773 2539 3828; x_wconf 87' lang='lat' dir='ltr'><strong>ad</strong></span> <span class='ocrx_word' id='word_1_746' title='bbox 2561 3773 2741 3829; x_wconf 80' lang='lat' dir='ltr'><strong>iidem.</strong></span> <span class='ocrx_word' id='word_1_747' title='bbox 2788 3773 3019 3845; x_wconf 82' lang='lat' dir='ltr'><strong>Projecit</strong></span> <span class='ocrx_word' id='word_1_748' title='bbox 3043 3776 3342 3831; x_wconf 81' lang='lat' dir='ltr'><strong>vestimenta</strong></span> <span class='ocrx_word' id='word_1_749' title='bbox 3368 3793 3489 3842; x_wconf 87' lang='lat' dir='ltr'><strong>sua,</strong></span> <span class='ocrx_word' id='word_1_750' title='bbox 3517 3776 3567 3832; x_wconf 91' lang='lat' dir='ltr'><strong>id</strong></span> <span class='ocrx_word' id='word_1_751' title='bbox 3592 3786 3695 3842; x_wconf 86' lang='lat' dir='ltr'><strong>est,</strong></span> <span class='ocrx_word' id='word_1_752' title='bbox 3724 3781 3846 3848; x_wconf 86' lang='lat' dir='ltr'><strong>pri-</strong></span> 
     </span>
    </p>
   </div>
   <div class='ocr_carea' id='block_1_99' title="bbox 2247 3866 3847 3933">
    <p class='ocr_par' dir='ltr' id='par_1_99' title="bbox 2247 3866 3847 3933">
     <span class='ocr_line' id='line_1_99' title="bbox 2247 3866 3847 3933; baseline 0.003 -12"><span class='ocrx_word' id='word_1_753' title='bbox 2247 3866 2445 3922; x_wconf 89' lang='lat' dir='ltr'><strong>stinam</strong></span> <span class='ocrx_word' id='word_1_754' title='bbox 2482 3866 2955 3923; x_wconf 75' lang='lat' dir='ltr'><strong>conversmiouent</strong></span> <span class='ocrx_word' id='word_1_755' title='bbox 2997 3882 3148 3921; x_wconf 88' lang='lat' dir='ltr'><strong>suam</strong></span> <span class='ocrx_word' id='word_1_756' title='bbox 3173 3885 3185 3919; x_wconf 89' lang='lat'><strong>:</strong></span> <span class='ocrx_word' id='word_1_757' title='bbox 3212 3868 3492 3933; x_wconf 74' lang='lat' dir='ltr'><strong>exsiliens,</strong></span> <span class='ocrx_word' id='word_1_758' title='bbox 3542 3868 3596 3924; x_wconf 91' lang='lat' dir='ltr'><strong>id</strong></span> <span class='ocrx_word' id='word_1_759' title='bbox 3627 3881 3729 3932; x_wconf 88' lang='lat' dir='ltr'><strong>est,</strong></span> <span class='ocrx_word' id='word_1_760' title='bbox 3772 3871 3847 3926; x_wconf 90' lang='lat' dir='ltr'><strong>de</strong></span> 
     </span>
    </p>
   </div>
   <div class='ocr_carea' id='block_1_100' title="bbox 2249 3961 3840 4032">
    <p class='ocr_par' dir='ltr' id='par_1_100' title="bbox 2249 3961 3840 4032">
     <span class='ocr_line' id='line_1_100' title="bbox 2249 3961 3840 4032; baseline 0.003 -16"><span class='ocrx_word' id='word_1_761' title='bbox 2249 3961 2549 4032; x_wconf 80' lang='lat' dir='ltr'><strong>ignorantia</strong></span> <span class='ocrx_word' id='word_1_762' title='bbox 2595 3963 2663 4016; x_wconf 86' lang='lat' dir='ltr'><strong>ad</strong></span> <span class='ocrx_word' id='word_1_763' title='bbox 2709 3962 3013 4029; x_wconf 81' lang='lat' dir='ltr'><strong>scientiam,</strong></span> <span class='ocrx_word' id='word_1_764' title='bbox 3068 3962 3136 4021; x_wconf 86' lang='lat' dir='ltr'><strong>de</strong></span> <span class='ocrx_word' id='word_1_765' title='bbox 3184 3962 3506 4029; x_wconf 83' lang='lat' dir='ltr'><strong>inﬁdelitate</strong></span> <span class='ocrx_word' id='word_1_766' title='bbox 3534 3963 3600 4018; x_wconf 88' lang='lat' dir='ltr'><strong>ad</strong></span> <span class='ocrx_word' id='word_1_767' title='bbox 3649 3963 3840 4020; x_wconf 80' lang='lat' dir='ltr'><strong>ﬁdem.</strong></span> 
     </span>
    </p>
   </div>
   <div class='ocr_carea' id='block_1_101' title="bbox 2248 4062 3840 4134">
    <p class='ocr_par' dir='ltr' id='par_1_101' title="bbox 2248 4062 3840 4134">
     <span class='ocr_line' id='line_1_101' title="bbox 2248 4062 3840 4134; baseline 0.002 -19"><span class='ocrx_word' id='word_1_768' title='bbox 2248 4062 2524 4118; x_wconf 77' lang='lat' dir='ltr'><strong>Invenietis</strong></span> <span class='ocrx_word' id='word_1_769' title='bbox 2552 4062 2753 4132; x_wconf 86' lang='lat' dir='ltr'><strong>pullum</strong></span> <span class='ocrx_word' id='word_1_770' title='bbox 2775 4062 3071 4134; x_wconf 84' lang='lat' dir='ltr'><strong>alligatum,</strong></span> <span class='ocrx_word' id='word_1_771' title='bbox 3096 4064 3331 4117; x_wconf 88' lang='lat' dir='ltr'><strong>ostendit</strong></span> <span class='ocrx_word' id='word_1_772' title='bbox 3355 4074 3545 4133; x_wconf 84' lang='lat' dir='ltr'><strong>gentes</strong></span> <span class='ocrx_word' id='word_1_773' title='bbox 3569 4064 3840 4133; x_wconf 81' lang='lat' dir='ltr'><strong>alligatas,</strong></span> 
     </span>
    </p>
   </div>
   <div class='ocr_carea' id='block_1_102' title="bbox 2246 4165 3843 4235">
    <p class='ocr_par' dir='ltr' id='par_1_102' title="bbox 2246 4165 3843 4235">
     <span class='ocr_line' id='line_1_102' title="bbox 2246 4165 3843 4235; baseline -0.001 -14"><span class='ocrx_word' id='word_1_774' title='bbox 2246 4181 2369 4221; x_wconf 90' lang='lat' dir='ltr'><strong>cum</strong></span> <span class='ocrx_word' id='word_1_775' title='bbox 2395 4167 2555 4235; x_wconf 87' lang='lat' dir='ltr'><strong>culpa</strong></span> <span class='ocrx_word' id='word_1_776' title='bbox 2586 4175 2930 4235; x_wconf 83' lang='lat' dir='ltr'><strong>peccatorum</strong></span> <span class='ocrx_word' id='word_1_777' title='bbox 2964 4182 2979 4217; x_wconf 88' lang='lat'><strong>:</strong></span> <span class='ocrx_word' id='word_1_778' title='bbox 3025 4180 3181 4231; x_wconf 81' lang='lat' dir='ltr'><strong>super</strong></span> <span class='ocrx_word' id='word_1_779' title='bbox 3204 4179 3353 4232; x_wconf 83' lang='lat' dir='ltr'><strong>quem</strong></span> <span class='ocrx_word' id='word_1_780' title='bbox 3395 4180 3548 4218; x_wconf 85' lang='lat' dir='ltr'><strong>nemo</strong></span> <span class='ocrx_word' id='word_1_781' title='bbox 3584 4166 3753 4228; x_wconf 82' lang='lat' dir='ltr'><strong>sedit,</strong></span> <span class='ocrx_word' id='word_1_782' title='bbox 3788 4165 3843 4219; x_wconf 89' lang='lat' dir='ltr'><strong>id</strong></span> 
     </span>
    </p>
   </div>
   <div class='ocr_carea' id='block_1_103' title="bbox 2244 4259 3843 4330">
    <p class='ocr_par' dir='ltr' id='par_1_103' title="bbox 2244 4259 3843 4330">
     <span class='ocr_line' id='line_1_103' title="bbox 2244 4259 3843 4330; baseline -0.003 -12"><span class='ocrx_word' id='word_1_783' title='bbox 2244 4273 2348 4330; x_wconf 85' lang='lat' dir='ltr'><strong>est,</strong></span> <span class='ocrx_word' id='word_1_784' title='bbox 2378 4264 2465 4318; x_wconf 90' lang='lat' dir='ltr'><strong>ubi</strong></span> <span class='ocrx_word' id='word_1_785' title='bbox 2506 4262 2686 4316; x_wconf 81' lang='lat' dir='ltr'><strong>nullus</strong></span> <span class='ocrx_word' id='word_1_786' title='bbox 2715 4263 2906 4316; x_wconf 88' lang='lat' dir='ltr'><strong>doctor</strong></span> <span class='ocrx_word' id='word_1_787' title='bbox 2937 4259 3288 4329; x_wconf 64' lang='lat' dir='ltr'><strong>praedicavit:</strong></span> <span class='ocrx_word' id='word_1_788' title='bbox 3318 4259 3537 4327; x_wconf 79' lang='lat' dir='ltr'><strong>Solvite,</strong></span> <span class='ocrx_word' id='word_1_789' title='bbox 3582 4270 3630 4312; x_wconf 86' lang='lat' dir='ltr'><strong>et</strong></span> <span class='ocrx_word' id='word_1_790' title='bbox 3667 4261 3843 4313; x_wconf 82' lang='lat' dir='ltr'><strong>addu-</strong></span> 
     </span>
    </p>
   </div>
   <div class='ocr_carea' id='block_1_104' title="bbox 2244 4364 3841 4437">
    <p class='ocr_par' dir='ltr' id='par_1_104' title="bbox 2244 4364 3841 4437">
     <span class='ocr_line' id='line_1_104' title="bbox 2244 4364 3841 4437; baseline -0.002 -14"><span class='ocrx_word' id='word_1_791' title='bbox 2244 4370 2340 4423; x_wconf 85' lang='lat' dir='ltr'><strong>cite</strong></span> <span class='ocrx_word' id='word_1_792' title='bbox 2368 4368 2434 4422; x_wconf 85' lang='lat' dir='ltr'><strong>ad</strong></span> <span class='ocrx_word' id='word_1_793' title='bbox 2460 4384 2564 4435; x_wconf 87' lang='lat' dir='ltr'><strong>me,</strong></span> <span class='ocrx_word' id='word_1_794' title='bbox 2606 4367 2658 4421; x_wconf 91' lang='lat' dir='ltr'><strong>id</strong></span> <span class='ocrx_word' id='word_1_795' title='bbox 2702 4375 2807 4434; x_wconf 91' lang='lat' dir='ltr'><strong>est,</strong></span> <span class='ocrx_word' id='word_1_796' title='bbox 2866 4382 2963 4437; x_wconf 86' lang='lat' dir='ltr'><strong>per</strong></span> <span class='ocrx_word' id='word_1_797' title='bbox 2996 4366 3433 4436; x_wconf 72' lang='lat' dir='ltr'><strong>prmdicationem</strong></span> <span class='ocrx_word' id='word_1_798' title='bbox 3484 4364 3738 4420; x_wconf 86' lang='lat' dir='ltr'><strong>adducite</strong></span> <span class='ocrx_word' id='word_1_799' title='bbox 3770 4364 3841 4420; x_wconf 85' lang='lat' dir='ltr'><strong>ad</strong></span> 
     </span>
    </p>
   </div>
   <div class='ocr_carea' id='block_1_105' title="bbox 2173 4463 2429 4554">
    <p class='ocr_par' dir='ltr' id='par_1_105' title="bbox 2173 4463 2429 4554">
     <span class='ocr_line' id='line_1_105' title="bbox 2173 4463 2429 4554; baseline -0.012 -36"><span class='ocrx_word' id='word_1_800' title='bbox 2173 4494 2220 4554; x_wconf 70' lang='grc' dir='ltr'><strong>Ι)</strong></span> <span class='ocrx_word' id='word_1_801' title='bbox 2248 4463 2429 4517; x_wconf 84' lang='lat' dir='ltr'><strong>ﬁdem.</strong></span> 
     </span>
    </p>
   </div>
   <div class='ocr_carea' id='block_1_106' title="bbox 2327 4574 3840 4648">
    <p class='ocr_par' dir='ltr' id='par_1_106' title="bbox 2327 4574 3840 4648">
     <span class='ocr_line' id='line_1_106' title="bbox 2327 4574 3840 4648; baseline -0.001 -18"><span class='ocrx_word' id='word_1_802' title='bbox 2327 4576 2470 4630; x_wconf 85' lang='lat' dir='ltr'><strong>Vidit</strong></span> <span class='ocrx_word' id='word_1_803' title='bbox 2506 4575 2742 4630; x_wconf 80' lang='lat' dir='ltr'><strong>arborem</strong></span> <span class='ocrx_word' id='word_1_804' title='bbox 2770 4576 2876 4647; x_wconf 82' lang='lat' dir='ltr'><strong>ﬁci.</strong></span> <span class='ocrx_word' id='word_1_805' title='bbox 2912 4575 3151 4631; x_wconf 91' lang='lat' dir='ltr'><strong>ostendit</strong></span> <span class='ocrx_word' id='word_1_806' title='bbox 3185 4574 3308 4648; x_wconf 91' lang='lat' dir='ltr'><strong>quia</strong></span> <span class='ocrx_word' id='word_1_807' title='bbox 3351 4575 3511 4644; x_wconf 83' lang='lat' dir='ltr'><strong>longe</strong></span> <span class='ocrx_word' id='word_1_808' title='bbox 3553 4582 3671 4629; x_wconf 85' lang='lat' dir='ltr'><strong>erat</strong></span> <span class='ocrx_word' id='word_1_809' title='bbox 3700 4574 3840 4630; x_wconf 73' lang='lat' dir='ltr'><strong>fides</strong></span> 
     </span>
    </p>
   </div>
   <div class='ocr_carea' id='block_1_107' title="bbox 2247 4676 3835 4750">
    <p class='ocr_par' dir='ltr' id='par_1_107' title="bbox 2247 4676 3835 4750">
     <span class='ocr_line' id='line_1_107' title="bbox 2247 4676 3835 4750; baseline -0.003 -14"><span class='ocrx_word' id='word_1_810' title='bbox 2247 4678 2556 4736; x_wconf 77' lang='lat' dir='ltr'><strong>Judteorum</strong></span> <span class='ocrx_word' id='word_1_811' title='bbox 2610 4694 2639 4733; x_wconf 85' lang='lat' dir='ltr'><strong>a</strong></span> <span class='ocrx_word' id='word_1_812' title='bbox 2686 4676 2923 4733; x_wconf 89' lang='lat' dir='ltr'><strong>Christo.</strong></span> <span class='ocrx_word' id='word_1_813' title='bbox 2969 4676 3093 4732; x_wconf 84' lang='lat' dir='ltr'><strong>Non</strong></span> <span class='ocrx_word' id='word_1_814' title='bbox 3134 4686 3241 4730; x_wconf 82' lang='lat' dir='ltr'><strong>erat</strong></span> <span class='ocrx_word' id='word_1_815' title='bbox 3272 4686 3469 4750; x_wconf 87' lang='lat' dir='ltr'><strong>tempus</strong></span> <span class='ocrx_word' id='word_1_816' title='bbox 3496 4678 3715 4747; x_wconf 79' lang='lat' dir='ltr'><strong>ﬁcorum</strong></span> <span class='ocrx_word' id='word_1_817' title='bbox 3743 4723 3754 4746; x_wconf 86' lang='lat'><strong>,</strong></span> <span class='ocrx_word' id='word_1_818' title='bbox 3783 4677 3835 4731; x_wconf 89' lang='lat' dir='ltr'><strong>id</strong></span> 
     </span>
    </p>
   </div>
   <div class='ocr_carea' id='block_1_108' title="bbox 2247 4778 3834 4854">
    <p class='ocr_par' dir='ltr' id='par_1_108' title="bbox 2247 4778 3834 4854">
     <span class='ocr_line' id='line_1_108' title="bbox 2247 4778 3834 4854; baseline -0.003 -14"><span class='ocrx_word' id='word_1_819' title='bbox 2247 4795 2347 4852; x_wconf 88' lang='lat' dir='ltr'><strong>est,</strong></span> <span class='ocrx_word' id='word_1_820' title='bbox 2383 4799 2486 4839; x_wconf 90' lang='lat' dir='ltr'><strong>non</strong></span> <span class='ocrx_word' id='word_1_821' title='bbox 2517 4794 2632 4839; x_wconf 87' lang='lat' dir='ltr'><strong>erat</strong></span> <span class='ocrx_word' id='word_1_822' title='bbox 2662 4792 2871 4853; x_wconf 90' lang='lat' dir='ltr'><strong>tempus</strong></span> <span class='ocrx_word' id='word_1_823' title='bbox 2898 4781 3229 4847; x_wconf 71' lang='lat' dir='ltr'><strong>indecorum,</strong></span> <span class='ocrx_word' id='word_1_824' title='bbox 3262 4794 3319 4837; x_wconf 92' lang='lat' dir='ltr'><strong>ut</strong></span> <span class='ocrx_word' id='word_1_825' title='bbox 3346 4781 3659 4847; x_wconf 87' lang='lat' dir='ltr'><strong>crederent,</strong></span> <span class='ocrx_word' id='word_1_826' title='bbox 3689 4778 3834 4854; x_wconf 79' lang='lat' dir='ltr'><strong>quod</strong></span> 
     </span>
    </p>
   </div>
   <div class='ocr_carea' id='block_1_109' title="bbox 2244 4882 3833 4957">
    <p class='ocr_par' dir='ltr' id='par_1_109' title="bbox 2244 4882 3833 4957">
     <span class='ocr_line' id='line_1_109' title="bbox 2244 4882 3833 4957; baseline -0.001 -16"><span class='ocrx_word' id='word_1_827' title='bbox 2244 4900 2303 4942; x_wconf 89' lang='lat' dir='ltr'><strong>se</strong></span> <span class='ocrx_word' id='word_1_828' title='bbox 2347 4884 2560 4957; x_wconf 82' lang='lat' dir='ltr'><strong>indigne</strong></span> <span class='ocrx_word' id='word_1_829' title='bbox 2587 4883 2968 4957; x_wconf 71' lang='lat' dir='ltr'><strong>iudicaverunt</strong></span> <span class='ocrx_word' id='word_1_830' title='bbox 2998 4899 3245 4956; x_wconf 85' lang='lat' dir='ltr'><strong>regnum.</strong></span> <span class='ocrx_word' id='word_1_831' title='bbox 3287 4882 3410 4938; x_wconf 86' lang='lat' dir='ltr'><strong>Non</strong></span> <span class='ocrx_word' id='word_1_832' title='bbox 3455 4883 3703 4939; x_wconf 57' lang='lat' dir='ltr'><strong>sinebat”</strong></span> <span class='ocrx_word' id='word_1_833' title='bbox 3748 4901 3833 4939; x_wconf 74' lang='lat' dir='ltr'><strong>ras</strong></span> 
     </span>
    </p>
   </div>
   <div class='ocr_carea' id='block_1_110' title="bbox 2241 4984 3830 5059">
    <p class='ocr_par' dir='ltr' id='par_1_110' title="bbox 2241 4984 3830 5059">
     <span class='ocr_line' id='line_1_110' title="bbox 2241 4984 3830 5059; baseline 0.001 -18"><span class='ocrx_word' id='word_1_834' title='bbox 2241 4991 2525 5059; x_wconf 78' lang='lat' dir='ltr'><strong>transferre</strong></span> <span class='ocrx_word' id='word_1_835' title='bbox 2550 5004 2640 5057; x_wconf 76' lang='lat' dir='ltr'><strong>per</strong></span> <span class='ocrx_word' id='word_1_836' title='bbox 2669 4986 2949 5059; x_wconf 85' lang='lat' dir='ltr'><strong>templum,</strong></span> <span class='ocrx_word' id='word_1_837' title='bbox 2990 4985 3043 5040; x_wconf 90' lang='lat' dir='ltr'><strong>id</strong></span> <span class='ocrx_word' id='word_1_838' title='bbox 3070 4994 3188 5050; x_wconf 84' lang='lat' dir='ltr'><strong>est,</strong></span> <span class='ocrx_word' id='word_1_839' title='bbox 3222 4985 3387 5055; x_wconf 82' lang='lat' dir='ltr'><strong>corda</strong></span> <span class='ocrx_word' id='word_1_840' title='bbox 3416 4984 3674 5041; x_wconf 82' lang='lat' dir='ltr'><strong>ﬁdelium.</strong></span> <span class='ocrx_word' id='word_1_841' title='bbox 3709 4985 3830 5047; x_wconf 82' lang='lat' dir='ltr'><strong>Non</strong></span> 
     </span>
    </p>
   </div>
   <div class='ocr_carea' id='block_1_111' title="bbox 2238 5086 3829 5156">
    <p class='ocr_par' dir='ltr' id='par_1_111' title="bbox 2238 5086 3829 5156">
     <span class='ocr_line' id='line_1_111' title="bbox 2238 5086 3829 5156; baseline -0.005 -13"><span class='ocrx_word' id='word_1_842' title='bbox 2238 5090 2351 5145; x_wconf 87' lang='lat' dir='ltr'><strong>vult</strong></span> <span class='ocrx_word' id='word_1_843' title='bbox 2372 5087 2627 5147; x_wconf 83' lang='lat' dir='ltr'><strong>Christus</strong></span> <span class='ocrx_word' id='word_1_844' title='bbox 2649 5087 2790 5142; x_wconf 89' lang='lat' dir='ltr'><strong>aliud</strong></span> <span class='ocrx_word' id='word_1_845' title='bbox 2824 5086 2941 5141; x_wconf 83' lang='lat' dir='ltr'><strong>ﬁeri</strong></span> <span class='ocrx_word' id='word_1_846' title='bbox 2970 5100 3104 5156; x_wconf 83' lang='lat' dir='ltr'><strong>opus</strong></span> <span class='ocrx_word' id='word_1_847' title='bbox 3127 5132 3140 5154; x_wconf 89' lang='lat'><strong>,</strong></span> <span class='ocrx_word' id='word_1_848' title='bbox 3175 5086 3260 5149; x_wconf 74' lang='lat' dir='ltr'><strong>vel</strong></span> <span class='ocrx_word' id='word_1_849' title='bbox 3292 5087 3522 5143; x_wconf 87' lang='lat' dir='ltr'><strong>transire</strong></span> <span class='ocrx_word' id='word_1_850' title='bbox 3555 5086 3655 5145; x_wconf 88' lang='lat' dir='ltr'><strong>nisi</strong></span> <span class='ocrx_word' id='word_1_851' title='bbox 3680 5088 3829 5153; x_wconf 75' lang='lat' dir='ltr'><strong>quoq</strong></span> 
     </span>
    </p>
   </div>
   <div class='ocr_carea' id='block_1_112' title="bbox 2235 5178 3827 5247">
    <p class='ocr_par' dir='ltr' id='par_1_112' title="bbox 2235 5178 3827 5247">
     <span class='ocr_line' id='line_1_112' title="bbox 2235 5178 3827 5247; baseline 0 -11"><span class='ocrx_word' id='word_1_852' title='bbox 2235 5191 2483 5237; x_wconf 82' lang='lat' dir='ltr'><strong>sanctum</strong></span> <span class='ocrx_word' id='word_1_853' title='bbox 2515 5190 2631 5247; x_wconf 78' lang='lat' dir='ltr'><strong>est:</strong></span> <span class='ocrx_word' id='word_1_854' title='bbox 2663 5180 2800 5232; x_wconf 87' lang='lat' dir='ltr'><strong>tradi</strong></span> <span class='ocrx_word' id='word_1_855' title='bbox 2830 5195 2942 5234; x_wconf 81' lang='lat' dir='ltr'><strong>eam</strong></span> <span class='ocrx_word' id='word_1_856' title='bbox 2967 5180 3185 5246; x_wconf 84' lang='lat' dir='ltr'><strong>colonis,</strong></span> <span class='ocrx_word' id='word_1_857' title='bbox 3212 5180 3260 5234; x_wconf 90' lang='lat' dir='ltr'><strong>id</strong></span> <span class='ocrx_word' id='word_1_858' title='bbox 3285 5188 3387 5245; x_wconf 86' lang='lat' dir='ltr'><strong>est,</strong></span> <span class='ocrx_word' id='word_1_859' title='bbox 3421 5178 3697 5235; x_wconf 87' lang='lat' dir='ltr'><strong>custodire</strong></span> <span class='ocrx_word' id='word_1_860' title='bbox 3718 5178 3827 5237; x_wconf 82' lang='lat' dir='ltr'><strong>Le-</strong></span> 
     </span>
    </p>
   </div>
   <div class='ocr_carea' id='block_1_113' title="bbox 2238 5270 3827 5345">
    <p class='ocr_par' dir='ltr' id='par_1_113' title="bbox 2238 5270 3827 5345">
     <span class='ocr_line' id='line_1_113' title="bbox 2238 5270 3827 5345; baseline 0.004 -22"><span class='ocrx_word' id='word_1_861' title='bbox 2238 5292 2355 5345; x_wconf 64' lang='lat' dir='ltr'><strong>gelu</strong></span> <span class='ocrx_word' id='word_1_862' title='bbox 2389 5289 2400 5327; x_wconf 71' lang='grc' dir='ltr'><strong><em>τ</em></strong></span> <span class='ocrx_word' id='word_1_863' title='bbox 2433 5270 2680 5337; x_wconf 75' lang='lat' dir='ltr'><strong>torcular,</strong></span> <span class='ocrx_word' id='word_1_864' title='bbox 2717 5270 2822 5325; x_wconf 66' lang='lat' dir='ltr'><strong>hac</strong></span> <span class='ocrx_word' id='word_1_865' title='bbox 2864 5282 2948 5325; x_wconf 87' lang='lat' dir='ltr'><strong>est</strong></span> <span class='ocrx_word' id='word_1_866' title='bbox 2977 5273 3233 5341; x_wconf 84' lang='lat' dir='ltr'><strong>templum</strong></span> <span class='ocrx_word' id='word_1_867' title='bbox 3274 5272 3613 5336; x_wconf 84' lang='lat' dir='ltr'><strong>Salomonis;</strong></span> <span class='ocrx_word' id='word_1_868' title='bbox 3660 5272 3827 5329; x_wconf 86' lang='lat' dir='ltr'><strong>aliter</strong></span> 
     </span>
    </p>
   </div>
   <div class='ocr_carea' id='block_1_114' title="bbox 2244 5362 3832 5437">
    <p class='ocr_par' dir='ltr' id='par_1_114' title="bbox 2244 5362 3832 5437">
     <span class='ocr_line' id='line_1_114' title="bbox 2244 5362 3832 5437; baseline -0.002 -14"><span class='ocrx_word' id='word_1_869' title='bbox 2244 5365 2483 5423; x_wconf 89' lang='lat' dir='ltr'><strong>ostendit</strong></span> <span class='ocrx_word' id='word_1_870' title='bbox 2513 5362 2855 5431; x_wconf 81' lang='lat' dir='ltr'><strong>martyrium.</strong></span> <span class='ocrx_word' id='word_1_871' title='bbox 2892 5362 3042 5417; x_wconf 80' lang='lat' dir='ltr'><strong>l&#39;euit</strong></span> <span class='ocrx_word' id='word_1_872' title='bbox 3080 5365 3149 5425; x_wconf 80' lang='lat' dir='ltr'><strong>ad</strong></span> <span class='ocrx_word' id='word_1_873' title='bbox 3188 5382 3525 5436; x_wconf 76' lang='lat' dir='ltr'><strong>synagqgam,</strong></span> <span class='ocrx_word' id='word_1_874' title='bbox 3555 5380 3832 5437; x_wconf 77' lang='lat' dir='ltr'><strong>synagoga</strong></span> 
     </span>
    </p>
   </div>
   <div class='ocr_carea' id='block_1_115' title="bbox 2222 5518 3832 5600">
    <p class='ocr_par' dir='ltr' id='par_1_115' title="bbox 2222 5518 3832 5600">
     <span class='ocr_line' id='line_1_115' title="bbox 2222 5518 3832 5600; baseline 0.004 -23"><span class='ocrx_word' id='word_1_875' title='bbox 2222 5540 2388 5600; x_wconf 69' lang='lat' dir='ltr'><strong>gem:</strong></span> <span class='ocrx_word' id='word_1_876' title='bbox 2422 5520 2634 5600; x_wconf 76' lang='lat' dir='ltr'><strong>redimet</strong></span> <span class='ocrx_word' id='word_1_877' title='bbox 2658 5518 2837 5586; x_wconf 88' lang='lat' dir='ltr'><strong>homo,</strong></span> <span class='ocrx_word' id='word_1_878' title='bbox 2872 5519 2922 5574; x_wconf 92' lang='lat' dir='ltr'><strong>id</strong></span> <span class='ocrx_word' id='word_1_879' title='bbox 2952 5530 3067 5589; x_wconf 92' lang='lat' dir='ltr'><strong>est,</strong></span> <span class='ocrx_word' id='word_1_880' title='bbox 3102 5524 3374 5580; x_wconf 86' lang='lat' dir='ltr'><strong>Christus.</strong></span> <span class='ocrx_word' id='word_1_881' title='bbox 3406 5523 3698 5584; x_wconf 86' lang='lat' dir='ltr'><strong>lnnumcra</strong></span> <span class='ocrx_word' id='word_1_882' title='bbox 3725 5530 3832 5584; x_wconf 73' lang='lat' dir='ltr'><strong>alia</strong></span> 
     </span>
    </p>
   </div>
   <div class='ocr_carea' id='block_1_116' title="bbox 2220 5595 2745 5659">
    <p class='ocr_par' dir='ltr' id='par_1_116' title="bbox 2220 5595 2745 5659">
     <span class='ocr_line' id='line_1_116' title="bbox 2220 5595 2745 5659; baseline -0.023 -6"><span class='ocrx_word' id='word_1_883' title='bbox 2220 5595 2368 5652; x_wconf 79' lang='lat' dir='ltr'><strong>taciti</strong></span> <span class='ocrx_word' id='word_1_884' title='bbox 2402 5595 2745 5659; x_wconf 89' lang='lat' dir='ltr'><strong>castigamus.</strong></span> 
     </span>
    </p>
   </div>
   <div class='ocr_carea' id='block_1_117' title="bbox 2286 5659 3821 5737">
    <p class='ocr_par' dir='ltr' id='par_1_117' title="bbox 2286 5659 3821 5737">
     <span class='ocr_line' id='line_1_117' title="bbox 2286 5659 3821 5737; baseline 0.008 -18"><span class='ocrx_word' id='word_1_885' title='bbox 2286 5668 2312 5706; x_wconf 74' lang='grc' dir='ltr'><strong>ιι</strong></span> <span class='ocrx_word' id='word_1_886' title='bbox 2342 5666 2574 5720; x_wconf 80' lang='lat' dir='ltr'><strong>Meretur</strong></span> <span class='ocrx_word' id='word_1_887' title='bbox 2603 5659 2820 5722; x_wconf 79' lang='lat' dir='ltr'><strong>referri,</strong></span> <span class='ocrx_word' id='word_1_888' title='bbox 2848 5668 2904 5715; x_wconf 90' lang='lat' dir='ltr'><strong>ut</strong></span> <span class='ocrx_word' id='word_1_889' title='bbox 2931 5671 3048 5737; x_wconf 80' lang='lat' dir='ltr'><strong>erat</strong></span> <span class='ocrx_word' id='word_1_890' title='bbox 3071 5661 3224 5721; x_wconf 83' lang='lat' dir='ltr'><strong>locus</strong></span> <span class='ocrx_word' id='word_1_891' title='bbox 3249 5668 3351 5724; x_wconf 87' lang='lat' dir='ltr'><strong>iste</strong></span> <span class='ocrx_word' id='word_1_892' title='bbox 3377 5710 3391 5732; x_wconf 86' lang='lat'><strong>.</strong></span> <span class='ocrx_word' id='word_1_893' title='bbox 3421 5671 3559 5736; x_wconf 77' lang='lat' dir='ltr'><strong>quod</strong></span> <span class='ocrx_word' id='word_1_894' title='bbox 3585 5686 3643 5729; x_wconf 71' lang='lat' dir='ltr'><strong>se</strong></span> <span class='ocrx_word' id='word_1_895' title='bbox 3662 5672 3821 5737; x_wconf 77' lang='lat' dir='ltr'><strong>judi-</strong></span> 
     </span>
    </p>
   </div>
   <div class='ocr_carea' id='block_1_118' title="bbox 2212 5732 3824 5813">
    <p class='ocr_par' dir='ltr' id='par_1_118' title="bbox 2212 5732 3824 5813">
     <span class='ocr_line' id='line_1_118' title="bbox 2212 5732 3824 5813; baseline 0.006 -23"><span class='ocrx_word' id='word_1_896' title='bbox 2212 5745 2488 5802; x_wconf 81' lang='lat' dir='ltr'><strong>caverunt,</strong></span> <span class='ocrx_word' id='word_1_897' title='bbox 2522 5747 2757 5804; x_wconf 84' lang='lat' dir='ltr'><strong>regnum,</strong></span> <span class='ocrx_word' id='word_1_898' title='bbox 2786 5747 2889 5786; x_wconf 87' lang='lat' dir='ltr'><strong>non</strong></span> <span class='ocrx_word' id='word_1_899' title='bbox 2916 5732 3109 5789; x_wconf 77' lang='lat' dir='ltr'><strong>sciebat</strong></span> <span class='ocrx_word' id='word_1_900' title='bbox 3140 5754 3227 5793; x_wconf 80' lang='lat' dir='ltr'><strong>vas</strong></span> <span class='ocrx_word' id='word_1_901' title='bbox 3260 5732 3557 5809; x_wconf 78' lang='lat' dir='ltr'><strong>transferre,</strong></span> <span class='ocrx_word' id='word_1_902' title='bbox 3590 5732 3684 5813; x_wconf 77' lang='lat' dir='ltr'><strong>qui</strong></span> <span class='ocrx_word' id='word_1_903' title='bbox 3706 5759 3824 5805; x_wconf 82' lang='lat' dir='ltr'><strong>cor-</strong></span> 
     </span>
    </p>
   </div>
  </div>
