4050 6198
887 176 1252 248 exrosrrto
1289 175 1622 252 QUATUOR
1657 175 2230 256 EVANGELIORUM.
2271 177 2568 250 iuncus.

3271 179 3380 268 sse

213 319 218 347 :
251 295 511 354 custodia
533 296 850 367 angelorum
871 314 882 349 :
901 308 1118 364 turrem,
1149 299 1252 354 hoc
1279 306 1365 355 est
1392 295 1549 369 Lex}:
1573 300 1677 368 eje-
1699 299 1752 378 Α
1779 297 2173 370 amplectitudo
2205 295 2476 360 Ecclesiae
2503 293 2828 356 ostenditur.
2865 297 3081 367 lignum
3120 296 3372 353 immola~

213 403 258 446 tt
292 408 411 446 eum
438 399 588 446 extra
617 391 838 459 vineam,
881 389 936 448 id
965 398 1079 460 est,
1117 391 1184 447 de
1218 390 1422 462 ludatis
1450 391 1515 446 ad
1545 406 1674 460 gen-

213 484 399 541 Aliter
437 483 509 540 de
544 483 767 550 civitate
793 481 1134 556 Jerosolytna
1179 484 1236 542 in
1282 492 1523 540 montem
1551 479 1675 540 Cal-

213 591 266 630 ι).

218 668 332 721 dua
357 667 500 722 misit
526 668 658 722 duos
685 683 940 733 nummos,
966 666 1110 742 quod
1135 677 1241 737 est,
1266 667 1560 740 quadrans,
1581 681 1676 740 per

235 761 500 834 intelligit
527 761 803 818 hominem
830 761 1211 844 quadrantem,
1236 762 1325 833 qui
1354 776 1414 816 se
1444 761 1557 815 Deo
1579 759 1676 814 ob-

244 856 598 925 Quaecumque
618 858 886 925 petieritis,
911 859 1176 911 credentes
1199 858 1248 910 in
1277 857 1528 921 oratione,
1553 855 1675 924 ﬁent

238 966 262 1028 ς
289 948 571 1022 quomodo
591 950 670 1020 sie
701 960 924 1018 sanctus
957 949 1157 1014 Paulus
1185 947 1319 1004 dicit
1349 967 1364 1003 :
1399 947 1496 1002 Ter
1518 964 1675 1018 roga-

213 1045 436 1099 tminum
457 1059 553 1114 pro
582 1041 817 1111 stimulo,
848 1053 895 1111 et
920 1059 1026 1096 non
1052 1041 1260 1097 recessit
1283 1058 1315 1093 a
1343 1057 1445 1095 me.
1475 1040 1674 1098 Diabo-

222 1138 368 1203 etiit,
403 1145 474 1200 .ut
517 1143 758 1204 tentaret
788 1135 891 1200 .loh
913 1175 929 1202 ,
963 1146 1020 1191 et
1065 1135 1320 1205 permisit
1347 1148 1469 1186 eum
1505 1131 1668 1200 Deus.

214 1248 267 1286 ts
306 1247 418 1288 non
450 1241 530 1286 est
569 1229 898 1296 exauditus,
938 1239 997 1282 ut
1035 1242 1132 1297 per
1172 1228 1348 1295 ipsum
1388 1225 1671 1293 stimulum

214 1335 428 1379 iaretnr
452 1340 467 1378 :
490 1322 744 1377 diabolus
764 1321 1055 1376 exauditus
1077 1328 1184 1384 est,
1211 1327 1269 1373 ut
1290 1333 1391 1389 per
1411 1319 1530 1388 ejus
1551 1325 1672 1373 ten-

213 1431 302 1472 tes
319 1416 427 1474 Job
439 1425 814 1488 coronaretur.
838 1412 1072 1472 Proinde
1094 1411 1386 1484 Apostolus
1407 1413 1505 1483 ait,
1531 1410 1664 1481 Nes-

213 1532 218 1562 :
270 1513 401 1586 quid
444 1521 702 1585 petamus,
742 1511 848 1568 nisi
896 1509 1177 1582 Christus,
1222 1510 1315 1581 qui
1349 1508 1670 1580 interpellat

213 1608 378 1663 nobis.
411 1606 549 1662 Gens
579 1605 822 1661 adversus
847 1613 1070 1676 gentem,
1105 1602 1161 1660 id
1197 1612 1302 1674 est,
1327 1615 1663 1676 paganorum

1778 403 1893 448 tum
1920 393 1972 448 in
1997 393 2234 468 Egypto
2261 410 2272 447 ;
2304 391 2547 448 ostendit
2577 391 2912 470 immolatum
2937 393 2988 472 in
3018 408 3158 447 novo
3185 392 3374 452 Testa-

1776 497 1961 544 mento
1990 487 2312 562 mysterium
2331 486 2583 558 corporis
2613 494 2667 539 et
2697 483 3006 554 sanguinis;
3039 485 3182 564 quod
3213 497 3368 541 vetus

1774 577 2105 635 sacriﬁcium
2131 578 2446 650 indecorum
2463 575 2711 646 recessit,
2738 573 2792 631 id
2819 582 2922 642 est,
2952 577 3171 644 sanguis
3195 577 3371 631 hirco-

1775 687 1896 726 rum
1918 681 1973 727 et
1996 681 2279 727 taurorum
2315 688 2328 723 :
2364 684 2487 724 nam
2537 679 2782 724 nostrum
2813 665 3150 721 sacriﬁcium
3183 713 3195 732 ,
3230 667 3372 738 quod

1777 763 1960 825 vinum
1990 763 2187 822 dicitur
2218 759 2640 834 Melchisedech,
2668 759 2913 824 oblatum
2939 767 3042 826 est,
3068 767 3375 834 revertente

1776 854 2052 909 Abraham
2098 853 2166 910 de
2219 829 2390 908 caede.
2437 852 2542 908 Pro
2568 829 2694 922 quid
2749 848 3025 920 sigillatim
3068 829 3372 920 interroga-

1774 949 1928 1013 bant,
1960 946 2200 1008 ostendit
2222 957 2279 1000 ut
2302 945 2487 1000 nullus
2511 941 2752 999 conﬁdat
2791 942 2861 995 de
2889 941 3222 996 conscientia
3255 955 3372 996 sna.

1777 1037 1982 1094 Relicto
2013 1027 2270 1108 syntl'one,
2303 1037 2457 1107 fugiit
2485 1036 2656 1090 nudus
2689 1033 2750 1087 ab
2779 1021 2852 1086 eis
2878 1074 2893 1100 ,
2927 1032 3164 1087 ostendit
3191 1032 3377 1087 relicta

1773 1131 1975 1186 malitia
2007 1131 2322 1206 Judazorum
2345 1145 2362 1188 ;
2387 1130 2557 1182 nudus
2589 1125 2767 1197 fugiit,
2798 1125 3038 1181 ostendit
3061 1126 3203 1196 quod
3229 1129 3374 1196 Apo-

1771 1223 1896 1280 stoli
1922 1221 2053 1277 nudi
2083 1238 2113 1277 a
2160 1220 2641 1292 superstitionibus
2667 1219 2982 1276 Iudaeorum
3030 1219 3282 1276 abierunt
3305 1220 3372 1274 ad

1771 1321 1983 1385 gentes.
2011 1311 2362 1392 Calefacieeat
2388 1329 2441 1366 se
2478 1311 2670 1367 Petrus
2693 1311 2762 1392 ad
2782 1311 2978 1382 ignem,
2999 1311 3270 1383 signiﬁcat
3302 1317 3373 1365 te-

1774 1393 2056 1481 piditatem
2086 1390 2483 1480 apostolorum,
2513 1413 2570 1461 et
2599 1390 2753 1458 suam
2787 1401 3132 1474 negationem
3155 1417 3208 1461 et
3247 1404 3370 1458 inti-

1772 1501 2050 1555 delitatem
2075 1485 2411 1555 Iudaeorum.

1847 1591 2107 1647 Videbunt
2137 1591 2311 1661 ﬁlium
2339 1589 2562 1645 hominis
2587 1587 2851 1644 sedentem
2875 1603 2908 1641 a
2929 1586 3126 1642 dextris
3146 1585 3371 1653 virtutis,

213 1717 338 1756 rsus
383 1699 820 1757 chriStianorum.
847 1671 1165 1754 'Moraliter
1207 1671 1351 1752 caro
1385 1671 1667 1752 adversus
1696 1700 1744 1778 Β
1769 1684 2014 1741 ostendit
2037 1684 2162 1756 quia
2193 1681 2326 1739 vidit
2357 1671 2512 1738 illum
2535 1679 2880 1751 Stephanus:
2914 1677 3051 1734 vidit
3073 1685 3129 1733 et
3152 1676 3371 1741 Saulus,
3448 1675 3456 1686 ‘

213 1809 307 1849 am
328 1811 341 1848 :
361 1808 592 1866 regnum
622 1790 825 1850 diaboli
848 1801 1035 1850 contra
1064 1805 1290 1860 regnum
1318 1787 1522 1864 Christi
1550 1805 1564 1843 :
1589 1786 1668 1844 vi-

213 1887 356 1941 trnis
378 1885 644 1944 adversus
670 1885 922 1956 Spiritum
953 1883 1112 1939 bonae
1139 1880 1498 1954 operationis.
1532 1879 1666 1953 Ter-

219 1990 387 2044 otus,
440 1980 496 2038 id
535 1990 640 2049 est,
688 1979 758 2044 de
799 1978 1120 2036 inﬁdelitate
1149 1977 1218 2033 ad
1257 1975 1443 2042 ﬁdem,
1471 1975 1527 2044 id
1555 1984 1664 2048 est,

213 2091 264 2130 ts
291 2075 410 2136 sive
438 2075 622 2132 anima
663 2073 923 2130 audiendi
966 2072 1192 2128 verbum
1234 2070 1346 2150 Dei.
1400 2068 1667 2143 Stantibus

213 2185 273 2223 er
319 2185 399 2224 me
428 2169 483 2223 in
514 2168 806 2225 testimonia
840 2168 968 2232 illis,
1017 2166 1070 2222 id
1101 2176 1207 2234 est,
1254 2165 1301 2224 si
1336 2163 1669 2236 crediderint

213 2260 439 2330 noninm
473 2271 754 2316 vestrum:
783 2259 891 2316 erit
918 2259 1026 2316 illis
1056 2258 1124 2315 ad
1145 2259 1313 2316 vitam
1351 2274 1365 2312 :
1395 2266 1450 2316 et
1480 2256 1528 2313 si
1556 2273 1665 2330 non

213 2351 420 2420 derint,
457 2352 562 2410 erit
586 2351 698 2408 illis
727 2352 795 2407 ad
827 2367 1066 2424 pinnam.

248 2443 334 2496 die
363 2453 410 2497 et
438 2441 570 2497 liora
608 2458 757 2497 nemo
785 2443 902 2509 scit,
938 2443 1038 2496 nisi
1087 2439 1270 2506 Pater,
1295 2439 1538 2518 ostendit
1566 2453 1667 2512 pre

264 2534 550 2606 corporis,
601 2534 725 2605 quia
771 2547 970 2604 corpus
1012 2533 1214 2590 Christi
1264 2532 1513 2602 Ecclesia
1557 2540 1664 2588 est.

214 2671 216 2677 .
273 2624 405 2680 dicit
435 2625 656 2682 nescitis
697 2633 946 2696 tempus,
992 2623 1044 2684 id
1076 2631 1193 2689 est,
1244 2623 1446 2688 exitum
1476 2623 1669 2682 unius-

214 2734 356 2788 que,
389 2720 504 2774 sive
527 2719 1051 2774 consummationem
1074 2716 1284 2772 saeculi.

213 2826 313 2863 mto
358 2826 569 2882 peregre
608 2811 869 2884 profectus
921 2818 1014 2875 est,
1060 2809 1112 2884 id
1156 2818 1274 2878 est,
1303 2807 1558 2864 Christus
1597 2807 1666 2882 de

214 2902 271 2957 lo
299 2919 422 2957 cum
446 2919 611 2960 carne
638 2904 706 2960 ad
735 2905 934 2962 ctelum
965 2924 980 2960 :
1017 2904 1221 2975 reliquit
1250 2902 1463 2958 domum
1491 2920 1660 2978 suam,

213 3006 249 3062 ι,
284 2997 586 3053 Ecclesiam
619 3015 635 3055 :
667 2998 983 3054 doctoribus
1006 2997 1432 3070 uniuscujusque
1457 2997 1661 3074 operis,

1769 1779 1986 1852 quando
2011 1785 2314 1856 prostratus
2347 1774 2526 1831 fuitin
2556 1775 2642 1830 via
2676 1793 2689 1829 :
2719 1773 2998 1841 viderunt,
3033 1780 3087 1828 et
3117 1769 3216 1825 alii
3247 1771 3368 1840 pln-

1769 1888 1882 1928 res.
1907 1871 2114 1926 Pilatus
2145 1871 2537 1940 interpretatur
2561 1884 2616 1922 os
2638 1866 2960 1922 malleatoris
2985 1882 3003 1922 :
3034 1865 3124 1938 qui
3147 1864 3365 1932 format,

1770 1981 1879 2021 non
1906 1964 2174 2020 formatur
2201 1981 2213 2015 :
2246 1962 2320 2017 ita
2352 1969 2407 2017 et
2437 1969 2820 2034 persecutores
2871 1957 3111 2013 formant
3163 1957 3371 2013 animas

1766 2053 2032 2128 iustorum
2058 2037 2124 2109 ad
2152 2063 2382 2126 regnum
2407 2052 2668 2108 caelorum
2695 2067 2709 2117 ;
2736 2050 2840 2123 ipsi
2868 2048 3130 2105 informes
3153 2065 3368 2106 reman-

1769 2159 1962 2207 serunt
1983 2165 2012 2204 a
2039 2149 2212 2220 gratia
2238 2147 2357 2202 Dei.
2383 2145 2640 2217 Splneam
2663 2159 2918 2201 coronam
2944 2141 3206 2199 Dominus
3232 2144 3284 2198 in
3311 2157 3370 2200 se

1770 2246 2032 2314 suscepit,
2067 2251 2123 2298 ut
2145 2243 2332 2312 spinas
2357 2248 2708 2310 peccatorum
2735 2245 3044 2293 nostrorum
3076 2237 3321 2291 ablueret
3352 2251 3368 2290 :

1773 2337 1917 2392 unde
1945 2335 2146 2390 dictum
2169 2342 2253 2388 est
2281 2333 2450 2388 Adae:
2483 2331 2666 2403 Spina:
2704 2340 2752 2385 et
2804 2329 2982 2384 tribuli
3015 2333 3365 2400 germinentur

1772 2429 1907 2485 tibi:
1935 2428 2002 2484 de
2032 2429 2190 2483 tertia
2221 2425 2354 2482 hora
2382 2424 2525 2495 quod
2571 2424 2705 2484 dicit
2755 2423 2939 2486 Jcsum
2999 2423 3314 2493 cruciﬁxum
3346 2464 3362 2488 ,

1769 2521 2009 2578 ostendit
2064 2535 2186 2576 eum
2238 2517 2568 2588 jndicatum,
2607 2528 2667 2571 ut
2721 2516 3173 2587 cruciﬁgeretur:
3209 2526 3362 2572 sexta

1771 2621 1902 2680 hora
1933 2614 2142 2680 levatus
2173 2621 2258 2680 est
2283 2611 2336 2666 in
2366 2624 2553 2667 cruce.
2591 2608 2698 2674 Eli,
2732 2609 2820 2664 Eli
2854 2609 3045 2678 lemma
3071 2610 3361 2674 sabactani,

1768 2709 1907 2780 quod
1928 2717 2022 2774 est,
2042 2705 2202 2770 Deus,
2223 2704 2359 2759 Deus
2372 2719 2536 2770 meus,
2550 2719 2705 2774 quare
2720 2719 2800 2780 me
2823 2701 3365 2780 dereliquisti,osten-

1769 2803 1847 2866 dit
1870 2816 1968 2873 pro
1990 2810 2147 2870 parte
2172 2796 2375 2860 carnis,
2415 2812 2528 2852 non
2556 2793 2856 2852 secundum
2886 2794 3232 2872 divinitatem
3274 2809 3365 2872 re-

1769 2896 1960 2968 linqui,
1993 2894 2118 2964 quia
2153 2893 2330 2948 unitas
2359 2899 2446 2945 est
2490 2889 2796 2961 potestatis.
2851 2887 3094 2966 Reliquit
3144 2903 3365 2946 carnem

1769 2989 1866 3046 ﬁlii
1890 2989 1956 3044 ad
1984 2988 2174 3043 horam
2205 2987 2257 3042 in
2289 2985 2546 3055 passione
2573 3027 2588 3052 ,
2621 2991 2679 3036 nt
2729 2998 2826 3056 per
2872 2983 3148 3058 pmprinm
3196 2981 3362 3037 ﬁlium

214 3097 268 3155 t,
303 3087 734 3162 uniuscujusque
775 3089 966 3162 gratim
1000 3088 1216 3160 virtutis
1258 3107 1271 3141 :
1305 3103 1404 3160 per
1444 3091 1657 3172 genito-
1688 3093 1733 3166 Ω
1766 3083 2048 3153 adoptatus
2071 3081 2215 3138 ﬁlios
2243 3079 2492 3136 haberet.
2525 3077 2678 3133 Sicut
2704 3077 2933 3148 spongia
2965 3076 3125 3152 plena
3165 3091 3358 3130 caver-

237 3183 557 3252 episcopum
581 3183 844 3251 ostendit,
878 3183 993 3238 sive
1021 3183 1322 3256 doctorem.
1349 3192 1376 3219 ιι
1408 3182 1550 3238 Sero
1578 3197 1662 3254 su-

213 3277 488 3332 todomam
521 3275 660 3348 pluit
686 3276 850 3349 ignis,
888 3287 943 3333 et
971 3276 1200 3348 sulphur
1227 3276 1295 3332 de
1317 3277 1456 3333 cado
1488 3294 1502 3331 :
1543 3292 1660 3354 tne-

213 3379 378 3442 nocte
428 3385 684 3442 percussa
745 3380 832 3427 est
873 3369 1145 3444 Egyptus
1189 3371 1244 3426 in
1292 3370 1658 3441 primogenitis

213 3478 220 3512 :
257 3476 420 3516 mane
451 3460 716 3542 subversa
742 3472 823 3518 est
846 3462 1104 3530 Sodoma,
1131 3471 1185 3536 et
1208 3460 1453 3517 ascendit
1479 3461 1658 3520 favilla

239 3568 409 3626 usque
433 3554 500 3610 ad
533 3553 753 3624 caelum.
787 3554 896 3620 {Ne
939 3556 1106 3630 veniat
1145 3563 1349 3634 repente
1373 3596 1388 3618 ,
1434 3556 1659 3609 inveniat

213 3645 508 3716 ormientes,
546 3645 596 3702 id
623 3656 728 3715 est,
762 3645 818 3702 in
857 3645 1186 3720 ignorantia,
1236 3660 1332 3702 seu
1364 3646 1417 3710 in
1445 3645 1658 3720 securi-

219 3737 577 3809 tegligentiac.
883 3719 886 3720 ν
1585 3719 1590 3728 ’

215 3835 321 3906 egit
367 3831 706 3896 alabastrum,
763 3832 1036 3904 signiﬁcat
1072 3846 1273 3904 corpus
1299 3828 1503 3887 Christi
1542 3832 1661 3886 vul-

214 3943 314 3980 nm
367 3927 419 3982 in
462 3941 628 3983 cruce
673 3945 685 3980 :
729 3941 825 4004 per
864 3935 1202 3996 unguentum
1238 3925 1509 3980 confessio
1537 3925 1660 3981 ﬁdei

213 4020 376 4074 ιόῑιιιι·
407 4033 421 4071 :
454 4027 618 4088 caput
644 4018 847 4074 Christi
880 4018 1024 4088 Deus
1055 4017 1216 4074 Pater
1244 4025 1351 4071 est.
1388 4016 1658 4084 Qutzarebat

215 4121 370 4172 tunc,
405 4124 462 4166 ut
495 4110 720 4166 traderet
751 4127 888 4176 eum,
919 4109 1164 4166 ostendit
1191 4110 1314 4180 quia
1354 4120 1658 4179 opportune

215 4220 278 4256 us
312 4189 610 4259 advenerat
649 4204 715 4257 ad
758 4203 1122 4274 perditionctn
1158 4203 1504 4276 Judzeorum,
1543 4203 1658 4258 sive

217 4313 286 4360 ac,
318 4307 370 4351 et
393 4297 776 4368 opportunitas
804 4287 1196 4366 redemptionis
1221 4294 1502 4351 Ecclesiae.
1535 4287 1659 4350 Pri—

215 4389 259 4442 ie
292 4405 612 4459 azymorum,
639 4387 692 4443 id
724 4387 929 4454 est,die
949 4388 1130 4455 Jovis;
1155 4403 1342 4458 azyma
1374 4388 1658 4444 sincerita-

1765 3179 1862 3231 has
1891 3183 2072 3230 aceto:
2100 3174 2168 3228 ita
2200 3179 2257 3227 et
2282 3170 2452 3226 .ludzci
2483 3170 2627 3241 pleni
2659 3177 2818 3224 erant
2847 3167 3355 3244 superstitionibus,

1763 3279 1818 3324 et
1865 3251 2360 3322 acerba'doctrina.
2413 3263 2616 3336 Joseph
2672 3262 2899 3336 ﬁguram
2948 3268 3100 3315 tenet
3130 3258 3364 3330 primiti-

1761 3378 1844 3422 γε
1875 3361 2134 3422 Ecclesiae
2156 3376 2222 3415 ex
2246 3358 2520 3431 gentibus.
2551 3355 2810 3428 Μενδαίῳ
2836 3364 2911 3412 est
2934 3353 3242 3430 syndonem,
3260 3367 3359 3433 per

1763 3454 1996 3524 pretium
2025 3451 2285 3524 syndonis
2312 3448 2550 3506 ostendit
2579 3447 2980 3512 confessionem
3013 3445 3139 3502 ﬁdei
3196 3461 3210 3498 :
3262 3459 3362 3514 per

1760 3549 2060 3621 syndonem
2094 3542 2331 3600 oswndit
2357 3541 2837 3620 mortiﬁcationem
2885 3538 3144 3620 Ecclesia:
3169 3581 3184 3605 ,
3246 3538 3362 3593 sive

1760 3642 1984 3718 gratiam
2010 3637 2408 3708 baptizatorum
2431 3651 2446 3688 :
2472 3633 2764 3690 involutum
2785 3648 2973 3701 corpus
2999 3628 3126 3716 Jcsu
3154 3631 3206 3683 in
3237 3646 3359 3700 syn-

1759 3736 1894 3790 done
1919 3749 2070 3797 novo,
2102 3731 2154 3788 id
2187 3739 2290 3795 est,
2313 3727 2654 3800 circumdato
2675 3726 2877 3802 Christi
2907 3726 3174 3808 Ecclesia,
3206 3733 3260 3782 et
3281 3741 3364 3780 re-

1761 3828 2102 3886 vocationem
2134 3821 2567 3895 regenerationis
2621 3839 2633 3874 :
2688 3836 2786 3894 per
2841 3829 3255 3875 monumentum
3308 3829 3365 3875 et

1761 3919 2084 3991 syndoncm,
2115 3915 2352 3972 ostendit
2377 3917 2551 3972 altare
2578 3916 2629 3970 in
2664 3931 2772 3987 quo
2804 3929 3005 3986 corpus
3027 3913 3229 3980 Christi
3260 3903 3359 3984 po-

1763 4016 1928 4070 nitur.
1961 4013 2136 4068 Aliter
2163 4011 2428 4076 Ecclesia,
2473 4010 2562 4081 qui
2605 4020 2929 4086 receperunt
2956 4007 3234 4064 Christum
3261 4022 3358 4086 per

1762 4111 1920 4168 ﬁdem
1945 4112 1998 4167 in
2031 4109 2285 4166 cordibus
2305 4109 2418 4164 suis
2450 4123 2465 4164 :
2509 4108 2623 4164 sive
2675 4091 3114 4184 manducandum
3154 4085 3353 4174 corpus

1759 4204 1928 4270 illius,
1976 4212 2032 4258 et
2075 4201 2402 4264 sumendum
2439 4200 2754 4271 sanguinem
2809 4199 2947 4270 ejus.
2995 4195 3152 4270 Petra
3199 4194 3356 4252 Chril-

1757 4313 1876 4357 ειυς)
1906 4310 2007 4356 εει.

1833 4391 2230 4449 Monumentum
2280 4392 2496 4448 scissum
2544 4400 2714 4462 petra,
2767 4387 3005 4444 ostendit
3050 4384 3353 4450 Ecclesiam

219 4492 305 4535 cta
338 4490 420 4536 est
446 4471 726 4538 Ecclesia.
747 4481 1031 4540 'l‘ransitus
1060 4491 1291 4553 quatuor
1317 4480 1492 4537 modis
1521 4480 1656 4536 dici-
1683 4485 1733 4560 ι)
1759 4486 2080 4543 aediﬁcatam
2123 4485 2191 4541 de
2244 4485 2417 4541 latere
2467 4481 2692 4540 Christi.
2742 4481 2982 4536 Advolvit
3029 4478 3254 4551 lapidem
3285 4475 3355 4530 ad

213 4573 257 4628 id
290 4582 397 4642 est,
422 4571 489 4629 de
519 4573 722 4632 mundo
752 4572 817 4627 ad
852 4573 1086 4640 Patrem,
1118 4573 1186 4630 de
1211 4572 1414 4630 Judaeis
1434 4572 1501 4628 ad
1522 4589 1653 4646 gen-

213 4675 254 4722 ξι
286 4682 385 4722 nos
417 4665 482 4752 de
515 4666 839 4723 inﬁdelitate
868 4666 936 4722 ad
965 4667 1151 4735 ﬁdem,
1183 4668 1249 4742 de
1275 4679 1452 4724 morte
1481 4669 1549 4724 ad
1581 4668 1658 4722 vi-

214 4871 311 4910 nno
341 4853 652 4930 languenam
683 4871 832 4932 aqua:
879 4853 1119 4932 bajulans
1150 4895 1167 4924 ,
1227 4856 1456 4926 ﬁguram
1510 4865 1660 4915 tenet

213 4950 457 5020 :olorum,
476 4950 592 5024 sive
621 4963 1009 5007 successorum
1031 4958 1086 5006 et
1115 4951 1529 5019 baptizatorum,
1559 4966 1659 5022 per

230 5042 555 5113 baptismum
586 5042 826 5101 efﬁcitur
856 5062 870 5100 :
903 5043 1169 5116 languena
1205 5045 1508 5120 baptismns
1531 5046 1655 5101 Tri-

213 5135 252 5188 is
278 5134 561 5211 signiﬁcat.
619 5133 830 5190 Pascha
875 5135 1188 5189 manducare
1235 5152 1351 5190 cum
1382 5136 1654 5206 discipulis

229 5227 458 5285 ostendit
502 5243 562 5285 se
611 5244 733 5284 cum
765 5227 1047 5299 discipulis
1088 5228 1155 5284 ad
1207 5227 1423 5286 Judzeos
1455 5249 1468 5283 :
1501 5229 1660 5287 aliter

213 5303 435 5398 ducatin
465 5320 725 5400 membris
755 5323 871 5377 suis
898 5323 987 5394 qui
1018 5334 1102 5377 est
1132 5322 1399 5398 Ecclesia.
1421 5323 1522 5378 Per
1543 5339 1660 5380 ca:-

220 5413 325 5467 lum
351 5413 507 5469 altior
529 5416 613 5470 via
644 5407 946 5472 ostenditur
979 5433 992 5470 :
1022 5431 1121 5498 per
1141 5427 1372 5492 stratum
1402 5432 1660 5489 magnum

218 5552 403 5632 delg‘um
434 5570 584 5632 enen
613 5557 742 5632 putt,
766 5566 871 5610 etc.
903 5557 1190 5632 iiandscio
1213 5573 1343 5632 num
1359 5559 1663 5631 plurapau—

213 5612 315 5702 tbui
337 5612 1376 5702 verbis'vitiaeolmpreltendi'poteraut:

223 5699 386 5767 Atque
427 5693 514 5753 hic
559 5693 826 5756 excidisse
857 5699 1072 5758 videtur
1107 5693 1250 5758 'sacri
1289 5713 1465 5760 textus
1503 5701 1665 5778 parti-

1761 4580 1944 4635 ostium
1969 4580 2287 4636 monumenti
2320 4598 2337 4639 .'
2364 4577 2605 4636 ostendit
2630 4577 2957 4631 absconsum
2990 4571 3264 4629 Christum
3293 4571 3352 4630 in

1759 4674 1879 4744 lege
1921 4684 1978 4729 et
2005 4672 2324 4744 prophetia;
2368 4687 2462 4742 per
2487 4673 2784 4726 revolutum
2828 4668 3086 4738 lapidem,
3117 4668 3357 4723 ostendit

1761 4776 2008 4838 apertam
2041 4766 2329 4824 historiam
2361 4765 2520 4835 legis,
2567 4763 2874 4830 Christum,
2920 4763 2972 4817 in
3004 4776 3146 4816 novo
3170 4761 3358 4818 Testa-

1762 4872 1967 4919 mento.
1996 4859 2122 4920 Non
2140 4871 2214 4916 est
2241 4861 2345 4928 hic,
2377 4859 2549 4927 idest,
2577 4874 2686 4916 non
2711 4867 2793 4920 est
2817 4858 2963 4930 apud
2987 4856 3229 4927 indecus,
3259 4861 3356 4918 sed

1763 4953 1907 5026 apud
1931 4963 2150 5022 gentes.
2171 4951 2200 5008 1
2209 4961 2283 5018 te,
2306 4952 2467 5008 dicite
2488 4951 2761 5023 discipulis
2791 4961 2839 5008 et
2866 4950 3028 5014 Petro
3059 4969 3079 5010 :
3107 4954 3358 5020 nominat

1763 5063 1866 5118 pro
1895 5046 2207 5116 negatione,
2237 5056 2294 5102 ut
2321 5060 2431 5108 non
2455 5043 2801 5115 desperaret,
2839 5053 2896 5108 ,et
2922 5061 3019 5118 pre
3049 5048 3363 5120 principatu-

1761 5138 2122 5215 apostolatus.

1833 5229 2007 5297 Maria
2035 5231 2100 5286 de
2124 5246 2228 5301 qua
2253 5232 2469 5302 ejecerat
2499 5239 2692 5303 septem
2713 5231 2985 5287 dmonia.
3011 5233 3114 5290 Per
3139 5241 3349 5303 septem

1763 5324 2028 5382 daemonia
2058 5322 2300 5379 ostendit
2343 5331 2508 5380 totam
2557 5325 2722 5391 vitam
2771 5323 2919 5392 illius
2968 5325 3343 5394 inquinatam,

1764 5400 1888 5490 quia
1916 5432 2014 5490 per
2051 5423 2260 5488 septem
2303 5415 2424 5472 dies
2478 5417 2729 5488 volvitur.
2789 5415 3081 5480 Prtedicate
3108 5414 3343 5488 Evange-

1769 5560 1910 5624 cnla,
1944 5573 2105 5629 quam
2133 5557 2375 5630 exponit,
2409 5558 2740 5630 siveripsnm
2770 5559 2993 5630 verbum
3025 5573 3156 5630 sero.
3199 5557 3358 5630 initio

1767 5626 2154 5704 subsequentis
2175 5626 2457 5692 sectionis,
2503 5626 2597 5683 ubi
2617 5628 2840 5704 llicitur
2871 5675 2885 5697 ,
2935 5626 3116 5704 Fregit
3167 5627 3352 5688 alaba-

1778 5697 1968 5772 strum,
1994 5703 2252 5777 scriptum
2276 5712 2431 5756 antea
2465 5712 2580 5758 erat
2609 5697 2815 5772 Frettts,
2853 5709 2956 5758 etc.
