4050 6198
492 200 601 263 567

1533 188 1596 247 S.
1636 181 2014 244 HIERONYMI
2050 175 2335 238 OPERUM
2373 171 2741 233 MANTISSA.

3710 170 3855 231 568

501 321 635 377 lium
667 321 815 378 omni
840 324 1107 380 creatum,
1134 309 1187 366 id
1209 314 1313 375 est,
1343 303 1493 363 omni
1519 302 1724 357 homini
1751 318 1764 356 :
1790 300 1913 370 quia
1942 298 2101 353 homo
2127 308 2186 369 Δ
2209 305 2294 349 tur
2316 334 2333 361 ,
2382 290 2705 346 adveniente
2729 286 2972 344 Christo.
3000 285 3272 380 Exaudite
3297 291 3375 342 est
3405 281 3581 343 oriitio
3609 294 3728 356 tua,
3772 288 3851 346 id

499 423 719 489 partem
750 417 1058 470 habetcum
1081 403 1184 457 alia
1217 406 1486 463 creatura,
1521 410 1643 450 cum
1670 392 1873 463 angelis
1900 390 2101 446 intelli-

506 488 661 581 gere,
696 509 785 564 vel
818 507 1151 566 discernere,
1185 510 1308 549 cum
1338 490 1602 563 jumentis
1648 488 1836 543 videre
1886 495 1939 542 et
1985 500 2103 540 sen-

506 579 637 668 tire,
672 614 792 655 cum
824 588 1329 650 arboribusvivere
1363 604 1374 638 :
1408 586 1612 655 lignum
1659 581 1791 636 vivit
1818 596 1885 636 ex
1913 579 2103 634 viridi-

508 702 622 749 tate
645 732 659 757 ,
712 690 792 745 sic
818 696 870 742 et
902 685 1065 739 homo
1108 695 1204 750 per
1250 679 1630 748 iuventutem:
1663 688 1784 728 cum
1832 670 2104 740 lapidibus

508 799 673 853 esse,
713 780 840 851 quia
894 776 1041 831 sicut
1091 771 1337 842 lapides,
1393 775 1523 824 sunt
1572 776 1631 822 et
1685 763 1935 821 homines
1985 778 2105 821 cre-

509 880 726 935 dentes.

488 982 493 987 i
582 988 856 1046 Dwmonia
883 984 1091 1058 ejicient
1118 998 1136 1035 :
1166 980 1283 1035 sive
1319 976 1664 1049 spiritaliter,
1696 973 1813 1031 sive
1842 988 2104 1045 corpora-

509 1088 672 1151 liter;
708 1081 902 1155 linguis
930 1058 1073 1133 nobis
1104 1076 1397 1147 loquentur,
1430 1071 1549 1127 sive
1596 1069 1830 1126 diversis
1870 1070 2104 1139 linguis;

509 1196 655 1237 nova
684 1180 868 1249 lingua
903 1170 1217 1245 praedicatio
1238 1164 1523 1237 Evangelii
1546 1174 1631 1220 est
1660 1182 1675 1218 :
1708 1172 1970 1235 serpentes
2002 1161 2105 1215 tol-

510 1276 638 1342 lent,
674 1272 728 1327 id
756 1278 861 1335 est,
896 1279 1166 1322 venenum
1201 1259 1599 1331 serpentinum,
1647 1256 1762 1311 sive
1804 1254 2107 1310 doctrinam

512 1365 933 1426 haereticorum;
968 1360 1011 1413 si
1042 1355 1364 1424 mortiferum
1388 1350 1625 1419 biberint,
1658 1364 1758 1402 non
1790 1348 1863 1401 eis
1890 1346 2105 1413 nocebit,

513 1474 615 1515 nec
655 1454 906 1512 doctrina
944 1450 1359 1510 haereticorum;
1396 1460 1549 1516 super
1592 1456 1758 1513 (egros
1802 1456 2021 1507 manus,
2056 1437 2112 1495 id

515 1562 619 1619 est,
653 1550 769 1605 sive
813 1547 1092 1619 corporis,
1138 1543 1253 1598 sive
1301 1539 1519 1594 animai.
1560 1536 1694 1591 Tres
1723 1534 1956 1605 legimus
1989 1549 2112 1589 cum

515 1658 749 1715 corpore
777 1642 846 1697 de
875 1638 1078 1694 mundo
1120 1641 1434 1704 assumptos
1472 1632 1529 1685 in
1577 1629 1778 1685 etelum
1810 1645 1823 1681 :
1852 1627 2114 1682 Dominus

2203 394 2307 451 est,
2341 383 2511 453 magis
2539 396 2701 454 quam
2726 381 2910 451 petisti
2938 398 2952 435 :
2981 379 3187 451 rogasti
3212 395 3310 450 pro
3340 380 3675 437 liberatione
3697 382 3851 451 ple—

2202 479 2307 542 bis,
2340 487 2398 532 et
2423 478 2656 533 donatus
2686 487 2771 532 est
2802 475 2897 531 tibi
2928 475 3268 530 Praecursor.
3309 475 3379 528 Et
3411 477 3564 530 multi
3587 476 3642 530 in
3670 478 3848 531 nati-

2202 574 2359 627 uitate
2386 574 2498 644 ejus
2529 571 2847 643 gaudebunt,
2896 570 3022 642 quia
3058 580 3182 641 post
3208 571 3572 641 perditionem
3605 572 3847 644 gaude-

2203 667 2338 723 bunt
2363 667 2415 721 in
2442 667 2607 720 vitam
2633 677 2911 721 aeternam.

2280 760 2415 827 Quia
2438 761 2548 829 ipse
2570 759 2723 827 dixit,
2750 776 2862 813 ecce
2882 774 3049 830 agnus
3074 757 3191 827 Dei,
3214 769 3269 815 et
3294 758 3505 830 reliqua
3521 776 3534 813 :
3549 760 3844 832 praecedit

2206 851 2505 919 Christum,
2549 860 2674 907 ante
2698 851 3028 921 baptizatur,
3062 860 3117 906 et
3146 851 3481 921 praedicavit,
3528 864 3657 910 ante
3678 870 3845 909 con-

2205 956 2447 1018 spectas,
2480 957 2608 1000 ante
2650 956 2828 1014 natus,
2859 954 2912 1000 et
2942 951 3188 999 mortuus
3220 961 3235 997 :
3265 959 3361 999 sex
3393 960 3589 1001 causas
3617 993 3635 1017 ,
3680 948 3841 1018 quia

2208 1055 2305 1096 sex
2336 1054 2552 1095 menses
2580 1040 2723 1093 inter
2747 1053 2842 1093 eos
2868 1049 3044 1094 erant.
3076 1037 3193 1110 Ego
3224 1057 3339 1094 sum
3361 1037 3593 1109 Gabriel,
3624 1041 3680 1097 id
3702 1051 3837 1110 est,

2211 1131 2466 1204 fortitudo
2496 1131 2615 1184 Dei.
2665 1130 2909 1202 Concepit
2938 1129 3246 1199 Elisabeth,
3280 1148 3387 1188 non
3427 1133 3564 1189 dixit
3612 1134 3685 1190 de
3709 1135 3841 1189 Za-

2212 1222 2398 1278 charia
2430 1239 2442 1275 :
2471 1224 2706 1293 cognovit
2744 1239 2958 1277 uxorem
3004 1240 3153 1277 suam
3180 1240 3200 1279 :
3231 1226 3354 1295 quia
3398 1225 3597 1282 deiecit
3627 1228 3696 1283 ab
3730 1228 3841 1283 eis

2212 1317 2467 1373 voluntas
2494 1317 2758 1373 desiderii
2792 1337 2804 1370 :
2837 1329 2885 1372 et
2912 1319 3204 1373 occultabat
3230 1338 3303 1390 se,
3344 1335 3565 1393 pr0pter
3592 1324 3840 1394 pudici—

2216 1412 2343 1468 tiam
2375 1431 2390 1467 :
2422 1423 2479 1468 ut
2524 1412 2777 1485 probaret
2808 1415 2952 1483 quod
2984 1425 3329 1485 conceperat,
3362 1418 3407 1472 si
3451 1434 3634 1473 verum
3669 1420 3842 1475 fuis-

2215 1519 2301 1565 set
2330 1525 2346 1568 :
2378 1509 2636 1563 mensibus
2675 1510 2926 1580 quinque,
2967 1510 3024 1565 id
3054 1520 3158 1577 est,
3198 1526 3230 1566 v
3259 1511 3421 1568 millia
3447 1513 3655 1580 saeculi,
3684 1514 3839 1571 sive

2218 1604 2457 1674 quinque
2487 1603 2609 1658 libri
2640 1604 2865 1676 Moysis.

517 1698 764 1796 eleiatus
808 1745 895 1791 est
924 1750 955 1789 a
986 1747 1085 1788 sua
1112 1732 1333 1793 virtute,
1358 1726 1482 1796 quia
1514 1738 1613 1777 nec
1637 1736 1736 1792 per
1761 1721 2108 1776 concubitum

2284 1699 2505 1770 Auferre
2529 1698 2865 1770 opprobrium
2907 1715 3097 1768 meum,
3130 1699 3183 1754 id
3212 1709 3295 1755 est
3320 1742 3334 1767 ,
3383 1702 3691 1759 sterilitatis
3713 1718 3837 1775 0p-

518 1832 759 1906 genitus,
802 1843 906 1883 nec
952 1842 1051 1896 per
1080 1820 1429 1878 concubitum
1456 1827 1749 1885 generans,
1782 1812 1879 1867 sed
1899 1827 1969 1867 ex
1997 1812 2112 1866 vir-

520 1926 651 1996 gine
677 1930 836 1979 natus
876 1931 958 1973 esr
990 1934 1003 1971 ε
1037 1914 1225 1969 Enoch
1252 1910 1463 1965 ablatus
1492 1915 1597 1971 est,
1626 1906 1753 1975 quia
1789 1918 1884 1974 per
1913 1918 2115 1959 concu-

517 1994 692 2071 bitum
725 2021 997 2082 generans
1032 2022 1046 2057 :
1076 2004 1222 2058 Elias
1270 2015 1393 2055 cum
1424 2012 1591 2053 curru
1633 2005 1822 2066 raptus
1856 2003 1960 2064 est,
1989 1994 2117 2066 quia

517 2123 619 2180 per
639 2102 987 2161 concubitum
1015 2096 1230 2169 genitus
1254 2102 1360 2161 est,
1390 2108 1498 2147 non
1534 2105 1629 2162 per
1649 2088 2001 2145 concubitum
2024 2104 2117 2160 ge-

518 2211 743 2263 nerans,
776 2192 901 2265 quia
940 2190 1093 2261 virgo
1123 2185 1443 2259 permansit.

516 2435 619 2497 ,gir,
686 2420 758 2478 IN
797 2414 1254 2476 EVANGELIUM
1290 2410 1667 2472 SECUNDUM
1704 2408 1962 2468 LUCAM.

594 2622 795 2689 Lucas,
826 2622 938 2690 ipse
966 2631 1299 2686 consurgens,
1336 2613 1506 2686 Syrus
1535 2612 1760 2667 natione
1789 2611 2121 2667 Antiochen-

523 2715 625 2781 sis,
656 2723 776 2767 arte
814 2711 1056 2766 medicus
1082 2752 1098 2777 ,
1144 2706 1450 2775 discipulus
1478 2704 1873 2776 apostolorum,
1906 2715 2120 2760 secutus

527 2813 616 2863 est
654 2803 916 2868 Paulum,
966 2798 1213 2855 serviens
1249 2798 1363 2853 Deo
1391 2796 1508 2852 sine
1538 2798 1789 2865 crimine,
1825 2812 2121 2867 numquam

526 2897 743 2954 habens
767 2909 1018 2960 uxorem,
1052 2908 1258 2948 Lxxxtn
1301 2907 1567 2946 annorum
1598 2892 1733 2947 obiit
1760 2892 1813 2946 in
1845 2891 2120 2962 Bithynia,

526 2992 727 3064 plenus
754 2988 961 3060 Spiritu
1000 2995 1190 3041 Sancto
1210 3027 1226 3052 ,
1272 2985 1516 3054 sepultus
1544 2985 1598 3039 in
1630 2983 2119 3054 ConstantinOpoli.

2218 1791 2520 1863 probrium,
2551 1798 2608 1846 et
2632 1792 3007 1861 coneeptionis
3038 1794 3091 1846 in
3123 1803 3405 1849 senectute
3432 1812 3446 1847 :
3479 1796 3615 1849 inter
3648 1797 3838 1850 nanti-

2219 1899 2331 1951 nes,
2362 1884 2487 1955 quia
2536 1897 2643 1938 non
2674 1883 2775 1938 fuit
2798 1885 3151 1955 opprobrium
3180 1885 3323 1955 apud
3356 1886 3549 1941 Deum.
3578 1887 3731 1943 Sicut
3769 1889 3831 1944 in

2220 1988 2376 2034 sexto
2405 1993 2593 2035 mense
2619 1980 2819 2033 missus
2847 1989 2932 2034 est
2962 1978 3183 2035 Gabriel
3214 1995 3245 2034 a
3278 1980 3510 2036 Domino
3534 1981 3591 2037 in
3621 1984 3833 2039 civita-t

2219 2080 2370 2127 tem:
2401 2071 2472 2127 ita
2522 2074 2573 2127 in
2621 2082 2776 2128 sexto
2809 2072 3064 2128 milliario
3096 2075 3285 2129 mundi
3315 2076 3514 2131 missus
3544 2087 3630 2132 est
3656 2077 3833 2134 Chri-

2221 2174 2359 2220 stus.
2401 2165 2625 2236 Joseph,
2675 2167 2922 2227 salvator.
2975 2166 3401 2236 interpretatur,
3456 2168 3548 2239 qui
3593 2170 3836 2228 salvavit

2220 2257 2517 2329 Egyptum
2544 2259 2611 2313 de
2643 2259 2781 2312 tame
2815 2276 2829 2313 :
2862 2259 2975 2313 sive
3006 2258 3034 2296 ὶι
3065 2260 3234 2315 Maria
3256 2262 3540 2327 benedicta,
3564 2262 3618 2318 id
3649 2273 3757 2331 est,
3796 2281 3835 2320 ξι

2222 2368 2387 2408 carne
2410 2351 2613 2409 Christi
2640 2370 2655 2409 :
2681 2354 2891 2409 turbata
2912 2362 3095 2409 autem
3121 2355 3247 2425 quia
3274 2356 3570 2421 nesciebat,
3601 2357 3645 2411 si
3674 2372 3833 2427 pra:-

2221 2445 2409 2511 terito,
2433 2459 2500 2499 an
2531 2444 2714 2499 futuro
2732 2445 2875 2515 quod
2900 2447 3120 2516 angelus
3148 2446 3284 2501 dixit
3312 2464 3324 2500 :
3354 2446 3581 2518 Spiritus
3607 2459 3829 2503 sanctus

2222 2538 2356 2590 venit
2376 2538 2430 2591 in
2453 2549 2498 2592 te
2521 2554 2539 2591 :
2571 2537 2809 2607 Spiritus
2838 2554 3035 2594 nomen
3060 2550 3142 2594 est
3162 2541 3341 2595 omnis
3363 2543 3575 2612 gratiae,
3595 2545 3831 2612 quando

2224 2630 2541 2701 inspiratur,
2572 2633 2848 2702 quomodo
2878 2634 3096 2704 agnovit
3139 2634 3305 2689 Maria
3327 2676 3341 2701 ,
3373 2635 3517 2705 quod
3548 2635 3686 2691 dixit
3729 2654 3835 2693 an-

2224 2723 2395 2794 gelus,
2428 2724 2514 2777 vel
2542 2723 2669 2777 dum
2707 2726 2863 2793 plena
2896 2734 3014 2780 erat
3043 2727 3263 2795 Spiritu,
3310 2727 3517 2782 sciebat
3548 2728 3693 2799 quod
3731 2746 3837 2784 an-

2224 2816 2376 2884 gelus
2403 2814 2613 2871 locutus
2636 2825 2721 2871 est
2750 2818 2821 2871 ei.
2866 2817 3041 2870 Virtus
3069 2817 3323 2872 Altissimi
3352 2819 3675 2874 obumbrabit
3696 2822 3822 2889 tibi,

2226 2907 2281 2963 id
2309 2916 2414 2975 est,
2455 2908 2743 2963 abscondit
2783 2920 2835 2964 te
2888 2910 2943 2963 in
2987 2909 3223 2980 Egyplo
3270 2909 3546 2981 fugiendo.
3578 2912 3831 2983 Cognata

2228 3012 2338 3071 tua,
2368 3003 2491 3059 ideo
2520 3003 2737 3069 dicitur,
2770 3003 2897 3074 quia
2925 3003 3204 3058 Elisabeth
3234 3004 3301 3059 de
3329 3006 3473 3060 tribu
3521 3004 3654 3061 Levi
3697 3006 3828 3072 fuit,

526 3085 588 3141 In
609 3081 839 3149 Achaia,
867 3080 1055 3137 Graeca
1085 3078 1269 3149 lingua
1302 3077 1652 3147 Evangelium
1693 3077 1910 3146 scripsit
1943 3092 1956 3129 :
1988 3077 2117 3131 Mat-

2228 3096 2282 3151 id
2311 3107 2428 3163 est,
2476 3097 2543 3151 de
2573 3097 2718 3151 tribu
2758 3096 2855 3151 Dei
2888 3114 2904 3152 :
2936 3112 3051 3150 ecce
3080 3097 3279 3151 ancilla
3306 3096 3542 3168 Domini,
3577 3108 3637 3153 ut
3664 3098 3834 3166 dicit,

529 3178 705 3235 thaaus
734 3174 956 3245 scripsit
985 3172 1188 3229 Judwis
1218 3171 1467 3228 ﬁdelibus
1500 3190 1514 3227 ;
1562 3172 1775 3225 Marcus
1803 3168 2121 3240 paenitenti-

526 3273 633 3332 bus
668 3290 681 3325 :
713 3270 955 3327 Joannes
982 3266 1240 3339 perfectis
1273 3283 1286 3319 :
1318 3265 1496 3321 Lucas
1526 3263 1732 3325 Graecis
1754 3263 2022 3317 ﬁdelibus.

602 3363 733 3419 Fuit
775 3366 830 3418 in
875 3362 1053 3417 diebus
1083 3358 1335 3428 Herodis,
1370 3368 1425 3414 et
1454 3356 1686 3427 reliqua.
1735 3354 1835 3409 Hic
1876 3353 2126 3424 implevit

531 3460 804 3529 ordinem,
849 3458 986 3514 dixit
1014 3470 1199 3527 regem
1231 3464 1286 3510 et
1312 3453 1590 3524 regionem
1636 3452 1689 3505 in
1736 3463 1841 3520 qua
1871 3447 1995 3516 fuit,
2031 3464 2122 3504 sa-

531 3554 836 3620 cerdotem,
868 3561 925 3607 et
952 3560 1173 3621 gentem
1198 3548 1337 3619 ejus,
1370 3554 1426 3602 et
1447 3559 1671 3601 uxorem
1701 3543 1869 3612 ipsius
1892 3541 2121 3596 indicat:

533 3648 727 3703 device
750 3646 907 3709 Abiu,
946 3645 1000 3698 id
1025 3652 1133 3709 est,
1170 3642 1226 3696 in
1264 3641 1457 3696 diebus
1502 3638 1735 3694 Domini.
1785 3635 2083 3691 Zacharias
2109 3676 2124 3703 ,

532 3755 730 3795 menter
771 3737 981 3790 Domini
1030 3734 1421 3803 interpretatur
1454 3749 1466 3785 :
1499 3734 1586 3787 cui
1622 3730 1869 3801 apparuit
1912 3729 2127 3799 angelus

533 3832 753 3892 Domini
796 3848 828 3885 a
855 3830 1051 3883 dextris
1080 3826 1286 3891 altaris,
1330 3824 1568 3881 ostendit
1588 3824 1733 3895 quod
1760 3824 1810 3880 ei
1855 3824 1979 3894 quia
2008 3840 2125 3879 me-

534 3942 659 3984 mor
681 3923 898 3979 Domini
924 3932 1029 3988 est,
1060 3920 1463 3975 demonstratur
1483 3919 1797 3990 mysterium
1823 3918 1942 3973 Dei.
1966 3917 2122 3985 Abia,

535 4028 687 4092 pater
708 4016 945 4082 Domini,
978 4015 1407 4083 interpretatur:
1438 4020 1622 4082 aptum
1648 4011 1771 4080 fuit,
1803 4021 1863 4065 ut
1891 4012 1944 4065 in
1983 4021 2126 4066 tem-

532 4125 673 4182 pore
723 4107 893 4164 ol'ﬁcii
925 4150 940 4175 ,
994 4106 1171 4175 patris
1218 4102 1434 4159 Domini
1460 4114 1667 4174 coeptus
1697 4112 1848 4159 esset
1876 4104 1999 4169 iste,
2032 4102 2127 4173 qui

532 4204 756 4261 Patrem
791 4198 1081 4254 Dominum
1115 4196 1489 4268 praedicasset.
1540 4195 1850 4261 Elisabeth,
1900 4193 1999 4247 Dei
2028 4194 2126 4247 mei

535 4298 801 4362 saturitas,
837 4295 1230 4364 interpretatur
1259 4311 1272 4350 :
1296 4293 1523 4362 ﬁguram
1569 4292 1751 4345 Maria:
1777 4299 1976 4359 portat,
2005 4302 2127 4360 qua:

534 4394 698 4464 plena
732 4390 846 4445 Deo
877 4386 1014 4453 fuit;
1045 4396 1092 4441 et
1141 4386 1291 4440 ambo
1320 4387 1446 4453 iusti
1492 4402 1669 4439 coram
1716 4386 1964 4453 Domino,
2016 4401 2127 4440 non

2227 3189 2375 3245 ﬁlius
2405 3190 2617 3247 ancillae
2648 3200 2774 3246 tum.

2300 3285 2437 3339 Abiit
2458 3287 2512 3339 in
2537 3296 2759 3340 montem
2779 3301 2895 3340 cum
2917 3285 3249 3357 festinatione
3275 3301 3294 3339 :
3320 3285 3447 3355 quia
3470 3286 3649 3341 omnis
3678 3297 3701 3325 ο
3730 3302 3837 3343 vo-

2227 3378 2491 3433 luntatem
2521 3377 2615 3433 Dei
2670 3377 2918 3447 implere,
2973 3378 3230 3432 festinare
3281 3376 3465 3433 debet.
3520 3375 3865 3433 Exsultavit'

2226 3474 2403 3543 infans
2428 3474 2481 3526 in
2512 3483 2655 3527 utero
2696 3473 2878 3526 matris
2909 3475 3041 3545 ejus,
3076 3472 3129 3525 id
3170 3481 3284 3541 est,
3334 3470 3623 3527 honoravit
3678 3473 3835 3529 ﬁlius

2228 3566 2423 3635 ﬁlium,
2453 3568 2594 3621 sicut
2614 3566 2904 3622 honoravit
2931 3565 3128 3621 mulier
3156 3565 3463 3621 mulierem.
3494 3564 3830 3621 Exclamavit

2227 3678 2346 3716 voce
2396 3677 2606 3733 magna.
2657 3666 2857 3731 Aptum
2912 3659 3030 3729 fuit,
3086 3662 3210 3731 quia
3253 3660 3319 3716 de
3366 3661 3578 3716 Joanne
3617 3661 3831 3717 dictum

2228 3763 2332 3823 est,
2359 3771 2457 3809 vox
2478 3754 2753 3809 clamantis
2772 3756 2827 3809 in
2852 3754 3077 3809 deserto.
3097 3754 3333 3810 Joannes
3362 3766 3435 3809 est
3464 3772 3647 3810 nomen
3674 3761 3834 3829 ejus;

2229 3866 2326 3904 cur
2347 3866 2454 3905 non
2481 3849 2618 3904 dixit
2638 3849 2907 3905 Joannes:
2934 3849 3073 3905 erit?
3096 3850 3221 3920 quia
3240 3850 3301 3904 ab
3315 3852 3498 3923 angelo
3524 3860 3732 3905 vocatus
3748 3860 3831 3905 est

2230 3951 2505 4013 antequam
2534 3943 2908 4015 conciperetur.
2942 3942 3009 3997 Et
3042 3944 3217 3997 mirati
3236 3952 3373 4007 sunt,
3408 3943 3461 3997 id
3490 3956 3596 4009 est,
3620 3958 3829 3997 convc-

2230 4038 2435 4092 nientia
2468 4038 2608 4093 inter
2628 4049 2836 4107 patrem
2862 4047 2919 4094 et
2943 4046 3196 4093 matrem.
3221 4036 3529 4093 Benedictus
3569 4038 3830 4093 Dominus

2228 4140 2400 4185 noster
2427 4131 2723 4187 bonitatem
2759 4133 2850 4187 Dei
2880 4132 3007 4187 dum
3036 4131 3243 4202 rogavit
3282 4131 3577 4187 Zacharias
3608 4148 3707 4203 pro
3754 4133 3827 4187 li-

2228 4224 2510 4280 beratione
2540 4224 2737 4295 plebis,
2781 4225 2857 4279 illi
2891 4226 3209 4280 Praecursor
3247 4225 3480 4281 donatus
3507 4236 3607 4280 est.
3634 4225 3820 4280 Erexit

2231 4336 2391 4373 cornu
2434 4319 2640 4385 salutis,
2690 4318 2745 4372 id
2775 4326 2881 4384 est,
2912 4316 3163 4373 Christus
3195 4318 3319 4389 quia
3352 4334 3519 4374 cornu
3551 4332 3648 4373 nec
3687 4334 3825 4373 caro

2229 4422 2313 4469 est
2354 4429 2455 4467 nec
2480 4426 2636 4466 ossus
2662 4428 2677 4468 :
2710 4410 2787 4466 sic
2814 4421 2869 4466 et
2897 4410 3167 4477 Christus,
3202 4427 3303 4466 nec
3334 4428 3521 4479 ossus,
3551 4426 3648 4466 nec
3689 4428 3826 4468 caro

534 4500 723 4585 coram
753 4482 1089 4585 hominibus,
1138 4482 1277 4581 quia.
1290 4478 1418 4534 olim
1462 4476 1661 4585 sterilis
1701 4476 1778 4585 in.
1810 4478 1929 4577 lege
1948 4478 2125 4585 male:-
2152 4522 2207 4585 Ι)
2230 4512 2314 4557 est
2339 4522 2352 4558 :
2383 4512 2585 4557 tantum
2614 4502 2890 4557 divinitas.
2918 4502 3060 4557 Puer
3074 4502 3421 4568 crescebat,id
3438 4512 3542 4567 est,
3566 4517 3823 4572 corpore.

532 4577 738 4632 dictum
770 4573 908 4628 fuit:
942 4573 1233 4627 incedentes
1260 4572 1315 4625 in
1344 4570 1577 4624 omnibus
1624 4568 1903 4635 mandatis,
1946 4570 1999 4623 id
2020 4576 2124 4637 est,

531 4682 704 4728 tOtam
737 4670 913 4740 legem
940 4667 1252 4723 servabant.

608 4764 736 4818 Non
786 4773 896 4816 erat
941 4760 1048 4815 illis
1093 4760 1262 4829 ﬁlius,
1310 4758 1439 4827 quia
1481 4755 1757 4813 Elisabeth
1808 4754 2047 4811 sterilis;
2077 4764 2126 4810 et

533 4857 686 4909 ambo
706 4853 1091 4926 perseverabant
1114 4854 1169 4906 in
1192 4852 1371 4905 diebus
1397 4854 1526 4906 suis.
1554 4851 1679 4907 Ideo
1701 4850 1787 4905 ha:
1806 4850 1927 4905 duae
1946 4864 2125 4905 causae

533 4958 564 4994 οι
596 4957 967 5004 memorantur
1000 4964 1015 5001 :
1048 4946 1422 5002 testimonium
1473 4946 1647 5015 majus
1698 4945 1891 5000 fuisset
1930 4944 2121 4999 virtus.

528 5044 806 5117 Ingressus
851 5042 1135 5096 Zacharias
1176 5043 1230 5094 in
1253 5042 1528 5111 templum,
1564 5040 1618 5095 id
1642 5052 1747 5109 est,
1775 5040 2026 5095 Christus
2066 5038 2123 5092 in

530 5140 757 5198 Mariam
786 5155 798 5190 :
833 5138 1061 5206 populus
1093 5147 1232 5207 orat,
1266 5136 1406 5190 idem
1454 5135 1685 5205 primum
1706 5141 1872 5206 .rogat
1920 5131 2123 5187 Zacha-

530 5239 670 5293 riam
701 5231 965 5303 populus,
997 5230 1049 5284 id
1073 5240 1174 5297 est,
1208 5230 1515 5284 libertatem
1544 5229 1613 5284 de
1633 5230 1951 5299 captivitate
1975 5246 1991 5285 :
2020 5256 2120 5314 ap-

527 5332 706 5407 paruit
735 5328 782 5383 ei
812 5323 1052 5393 angelus,
1081 5338 1192 5378 non
1215 5323 1371 5393 dixit,
1405 5325 1583 5393 venit,
1601 5327 1723 5397 quia
1752 5330 1825 5385 ibi
1849 5342 1973 5390 ante
2000 5336 2117 5394 fuit.

526 5424 816 5485 Zacharias
844 5417 1077 5473 turbatus
1103 5424 1176 5469 est
1202 5459 1216 5485 ,
1266 5416 1321 5471 id
1343 5428 1447 5486 est,
1470 5417 1596 5489 quia
1623 5420 1797 5476 Judaei
1826 5427 2121 5487 turbabun-

598 5592 633 5641 α,
647 5581 929 5647 Scriptum
949 5583 1087 5641 erat,
1116 5576 1235 5631 dure
1262 5594 1453 5647 causae,
1483 5591 1736 5636 memorat
1762 5582 2103 5637 testimonium

526 5654 692 5720 major
722 5651 909 5720 fuisse!
925 5685 942 5709 ,
972 5654 1079 5699 etc.

592 5714 621 5760 ti
645 5714 803 5784 Erat,
818 5714 1118 5785 ngyptnm
1129 5718 1191 5773 de
1211 5721 1347 5787 fame
1359 5723 1463 5778 sive
1486 5720 1680 5789 Maria,
1700 5725 1976 5793 benedixit,
1992 5736 2097 5783 etc.

2232 4594 2361 4650 Hinc
2383 4595 2660 4663 descriptio
2684 4597 2851 4664 prima
2876 4596 3015 4666 facta
3040 4605 3135 4663 est,
3163 4595 3214 4650 id
3243 4603 3349 4663 est,
3390 4595 3669 4664 Romanis,
3694 4596 3824 4665 quia

2230 4688 2404 4745 Julius
2452 4690 2661 4759 primus
2709 4690 2958 4760 regnavit
3005 4689 3286 4754 Romanis,
3337 4689 3432 4743 sed
3489 4703 3597 4743 non
3649 4688 3827 4743 tenuit

2230 4783 2540 4839 universum
2569 4784 2861 4839 mundum:
2885 4794 2937 4839 et
2961 4792 3082 4853 post
3098 4799 3219 4839 eum
3242 4782 3491 4853 regnavit
3515 4784 3821 4854 Augustus:

2229 4888 2354 4949 post
2384 4881 2679 4948 Augustum
2712 4878 2980 4934 Tiberius.
3013 4878 3073 4931 in
3118 4886 3363 4947 tempore
3392 4875 3619 4948 Augusti
3649 4884 3706 4930 et
3732 4874 3826 4929 Ti-

2230 4971 2366 5025 berii
2409 4981 2621 5042 tempus
2662 4971 2865 5027 Christi
2893 4972 3199 5041 completur
3241 4970 3571 5042 baptismum
3616 4985 3815 5025 suum:

2229 5066 2350 5135 quia
2384 5083 2451 5121 xv
2478 5081 2621 5121 anno
2647 5066 2715 5123 de
2738 5080 2906 5137 regno
2930 5066 3157 5137 Augusti
3182 5074 3451 5122 venerunt
3479 5066 3530 5121 in
3562 5080 3665 5118 uno
3686 5079 3819 5119 cur-

2227 5172 2292 5212 ro
2321 5158 2389 5213 ad
2438 5160 2713 5215 civitatem
2760 5174 2909 5213 suam
2945 5162 3216 5229 Angustus
3244 5170 3298 5215 et
3342 5160 3488 5214 ﬁlius
3514 5158 3627 5229 ejus
3654 5156 3824 5215 Tibe-

2227 5252 2363 5305 rius.
2400 5253 2529 5307 Post
2567 5268 2727 5320 quam
2777 5250 3075 5307 adsuerunt
3105 5268 3302 5324 agnum
3342 5252 3552 5319 mundi,
3583 5254 3824 5308 ostendit

2224 5346 2369 5416 quod
2399 5347 2451 5400 in
2491 5359 2659 5412 regno
2685 5345 2803 5414 ejus
2825 5356 3145 5402 nasceretur
3195 5348 3332 5416 ipse,
3365 5348 3456 5418 qui
3490 5356 3745 5417 regnaret
3768 5346 3820 5401 in

2225 5436 2480 5493 universo
2509 5435 2735 5502 mundo,
2768 5446 2824 5490 et
2844 5446 3000 5503 pater
3026 5438 3293 5494 unitatem
3322 5438 3417 5493 ﬁlii
3446 5439 3529 5493 sui
3562 5439 3822 5494 volunta-

2288 5588 2309 5616 ε
2342 5574 2544 5646 Supple
2581 5577 2673 5641 qui
2710 5575 2839 5636 vult,
2870 5584 2963 5627 aut
3003 5573 3133 5642 quid
3180 5574 3379 5632 simile.
3424 5577 3655 5633 Inferius
3693 5592 3820 5648 gra-

2214 5650 2377 5777 νὶῗιςῗι
2398 5653 2711 5775 odccurt‘unt,
2738 5660 2859 5718 quae
2879 5660 2944 5703 ex
2970 5653 3128 5730 parte
3153 5648 3501 5719 castigamus.
3528 5649 3817 5722 Ejusmodi

2216 5737 2274 5777 es
2321 5736 2338 5777 1
2384 5736 2416 5775 u
2459 5754 2481 5775 .

2216 5736 2301 5782 εει
2321 5736 2481 5777 tuua.
