4050 6198
914 206 1276 266 EXPOSITIO
1312 202 1645 277 QUATUOR
1683 208 2257 269 EVANGELIORUM.
2299 209 2544 270 LUCAS.

3264 207 3372 269 570

266 324 382 398 Ipso
418 333 662 400 tempore
687 328 934 400 apparuit
960 328 1195 384 circulus
1235 342 1412 385 atreus
1438 343 1565 400 erga
1587 343 1677 384 so-
1699 330 1753 392 Α
1779 327 1902 381 bant
1924 344 2064 391 eum,
2089 342 2186 398 per
2211 338 2322 383 tres
2348 328 2520 399 Leges
2554 345 2569 383 :
2593 333 2641 382 et
2657 343 2759 381 non
2778 326 3077 382 invenerunt
3097 340 3235 389 eum,
3260 321 3367 379 nisi

260 425 485 481 ostendit
510 425 653 497 quod
703 426 942 481 nascitur
971 420 1043 479 in'
1069 435 1315 496 tempore
1339 424 1480 495 ejus,
1523 423 1677 494 cujus
1776 435 1875 490 per
1906 420 2274 489 Evangelium.
2304 419 2369 475 Et
2391 430 2497 473 erat
2522 420 2629 474 illis
2660 418 2916 484 subditus,
2947 416 3183 474 ostendit
3217 414 3363 486 quod

235 526 335 572 stas
361 526 414 572 et
443 518 811 588 pulchritudo,
836 527 890 572 et
912 517 1023 585 lux,
1059 525 1115 573 et
1143 516 1410 587 sapientia
1442 517 1677 571 circum-

233 618 331 665 sset
352 626 565 667 omnem
588 613 925 685 potentiam:
943 611 1170 682 primam
1191 610 1671 681 pulchritudinem,

238 718 268 753 η
298 710 351 756 ει
369 703 857 774 sapientiam-Ipso
886 700 1141 774 tempore
1170 702 1324 759 ﬂuxit
1350 702 1475 759 fons
1490 702 1673 759 oleum

234 808 369 848 ierna
397 794 674 850 meritoria
704 805 813 849 tota
846 795 957 861 die,
1003 810 1177 866 usque
1224 796 1292 851 ad
1335 810 1668 867 vesperum:

233 885 322 940 ldit
338 886 478 955 quod
508 887 749 942 nascitur
776 880 1107 963 in'tempore
1127 887 1269 957 ejus,
1291 901 1323 942 ι
1350 902 1460 958 quo
1485 886 1671 943 ﬂuxis-

234 993 330 1033 ons
378 978 519 1047 olei,
567 979 619 1034 id
648 989 773 1047 est,’
809 979 1075 1049 Spiritalis
1120 980 1304 1035 unctio
1343 994 1444 1051 per
1490 988 1667 1035 totum

233 1072 430 1143 gelium
451 1088 622 1143 usque
644 1073 698 1128 in
728 1073 1128 1129 ﬁnem'mundi.
1154 1076 1429 1145 Angustus
1454 1081 1665 1145 patrem

231 1175 297 1220 at.
330 1166 577 1222 Tiberius
608 1166 1138 1236 ﬁlium-Propterea
1176 1181 1374 1222 census
1394 1166 1574 1233 datur,
1605 1174 1664 1221 ut

231 1265 242 1310 ι
280 1272 373 1312 rex
414 1273 699 1313 numerum
724 1257 1105 1312 hominum'et
1134 1256 1583 1328 magnitudinem.
1630 1266 1659 1297 ιι

231 1351 364 1404 eside
412 1349 601 1421 Syriie,
644 1340 1112 1405 ostendit‘locum
1159 1351 1228 1407 de
1272 1367 1380 1423 quo
1406 1352 1658 1409 Christus

235 1452 289 1494 ut
310 1442 606 1513 proﬁterent
629 1443 821 1514 singuli
846 1444 1066 1507 intfsuam
1088 1444 1368 1513 civitatem,
1392 1444 1654 1512 ostendit,

232 1536 336 1591 llus
360 1546 512 1592 extra
544 1522 1093 1617 Ecclesiamlcenium
1125 1538 1241 1595 Deo
1260 1538 1475 1595 reddat.
1500 1538 1653 1594 Posi-

229 1646 235 1680 ι
258 1631 526 1701 prwsepio,
555 1629 606 1684 id
634 1638 740 1696 εει,
781 1620 979 1699 corpus
1005 1631 1209 1686 Christi
1242 1645 1412 1701 super
1438 1630 1647 1687 altare:

1777 512 1916 568 ﬁlius
1948 513 2185 570 hominis
2222 529 2327 569 non
2369 513 2515 568 venit
2544 513 2862 581 ministrari,
2893 512 2987 567 sed
3031 512 3360 566 ministrare.

1848 606 1922 661 Ab
1948 625 2089 661 anno
2109 609 2287 680 quinto
2308 593 2516 663 .decimo
2537 606 2729 661 Tiberii
2748 605 2991 670 Ctzsaris,
3016 607 3224 678 primus
3241 620 3356 672 rex,

1773 700 1979 771 primus
2009 717 2212 772 praises
2250 702 2306 757 in
2338 702 2624 759 nativitate
2653 701 2852 758 Christi
2885 710 3276 766 memorantur,
3304 700 3358 755 id

1772 803 1873 859 est,
1908 793 2037 848 dum
2070 810 2184 850 non
2235 806 2517 865 coeperant
2565 796 2793 862 docere;
2844 810 2986 851 nunc
3032 801 3213 850 autem
3260 807 3357 848 rex

1768 894 2000 955 quartus
2031 885 2305 943 tetrarcha
2332 897 2812 954 commemoratur,
2838 886 2963 943 dum
2994 884 3061 941 ad
3094 882 3359 954 praedica-

1769 981 1973 1035 tionem
2002 988 2059 1035 et
2087 980 2154 1035 ad
2182 980 2513 1052 baptismum
2539 982 2706 1037 venit.
2749 982 2863 1037 Rex
2906 980 3173 1051 signillcat
3200 976 3358 1033 Chric

1765 1081 1931 1136 stum,
1950 1078 2010 1126 et
2024 1080 2259 1141 quatuor
2280 1073 2571 1129 tetrarchae
2591 1073 2890 1129 ostendunt
2914 1082 3148 1145 quatuor
3178 1070 3356 1126 Evan-

1761 1162 1898 1233 gelia
1931 1181 1946 1215 :
1978 1161 2087 1217 duo
2114 1164 2447 1231 sacerdotes,
2465 1165 2518 1219 id
2546 1166 2804 1233 est,duas
2830 1168 3129 1237 legeszper
3159 1179 3350 1221 senum

1761 1270 2072 1324 numerum,
2103 1255 2279 1312 factus
2309 1267 2394 1312 est
2438 1258 2695 1315 mundus.
2730 1259 2939 1314 Primus
2988 1275 3088 1314 rex
3139 1258 3208 1313 de
3243 1257 3351 1312 Ro-

1759 1350 1958 1416 manis,
2024 1350 2267 1406 ostendit
2316 1350 2579 1407 unitatem
2630 1352 2783 1421 regni
2833 1351 3235 1417 Romanorum,
3292 1357 3351 1405 et

1757 1450 1987 1512 quartus
2015 1442 2287 1498 tetrarcha
2313 1459 2477 1514 super
2503 1443 2743 1509 Judazos,
2760 1442 2997 1499 ostendit
3024 1443 3345 1499 divisionem

1755 1534 1914 1606 regni
1950 1535 2287 1603 indecorum,
2320 1535 2542 1591 Factum
2580 1545 2655 1590 est
2699 1535 2907 1590 verbum
2950 1534 3160 1589 Domini
3189 1546 3346 1599 super

1752 1626 2030 1698 Joannem,
2065 1631 2194 1685 vade
2229 1638 2280 1684 et
2316 1630 2545 1699 praedico
2579 1630 2885 1700 baptismum
2909 1644 2927 1681 :
2969 1626 3135 1681 Vallis
3160 1622 3347 1693 imple—

229 1730 239 1773 t
266 1720 447 1776 asinus
473 1723 525 1775 in
549 1722 817 1792 praesepio
855 1722 1083 1777 Christi
1100 1722 1339 1778 ostendit
1376 1733 1568 1795 gentes
1597 1734 1654 1782 et
1680 1719 1728 1780 B
1756 1721 1913 1791 bitur,
1941 1722 1997 1777 id
2019 1731 2123 1787 est,
2155 1722 2328 1778 Judaei
2353 1732 2410 1777 et
2437 1731 2626 1792 gentes
2659 1730 2888 1776 :montes
2908 1729 2957 1774 et
2981 1719 3137 1774 colles
3168 1718 3342 1770 Immi-

230 1827 278 1867 )s
299 1813 705 1869 communicare
732 1806 1097 1885 super’altare
1129 1833 1142 1868 :
1173 1814 1317 1870 locus
1337 1815 1395 1869 in
1418 1817 1650 1871 diverso-

230 1907 253 1961 d
286 1917 390 1973 est,
434 1907 630 1964 domus
654 1909 802 1975 inter
829 1910 967 1965 duos
1016 1925 1201 1965 muros
1226 1951 1240 1974 ,
1288 1910 1422 1966 duas
1458 1911 1653 1981 ianuas

256 2018 269 2056 :
304 2000 533 2071 figuram
558 2002 834 2069 Ecclesiae,
866 1988 1369 2074 inter‘paradisum,
1402 2013 1457 2061 et
1486 2020 1649 2059 mun-

246 2094 530 2149 Exercitus
568 2096 805 2150 militum
854 2084 1329 2152 osteridit'ducem
1374 2096 1650 2153 Christum

227 2228 232 2239 .
284 2180 885 2262 Pastoreslloquebantur
903 2198 921 2257 ,‘
951 2202 1137 2263 aptum
1167 2192 1296 2260 fuit,
1327 2200 1384 2247 ut
1404 2199 1651 2262 pastores

228 2291 455 2336 rentur:
488 2291 673 2352 aptum
718 2284 838 2347 fuit,
880 2276 1231 2353 ut"pastores
1277 2283 1647 2340 testimonium

232 2383 249 2426 t
277 2373 347 2429 de
371 2389 503 2430 vero
531 2390 705 2445 agno.
729 2375 1091 2431 Transeamus
1108 2378 1168 2430 in
1197 2374 1529 2443 Bethlehem,
1558 2390 1649 2432 os-

228 2466 413 2522 .nobis
443 2482 549 2522 non
601 2468 848 2538 aspicere
879 2480 1028 2523 retro
1053 2510 1068 2534 ,
1121 2484 1225 2523 nec
1270 2470 1336 2524 ad
1376 2469 1646 2535 dextram,

226 2559 245 2611 ]
275 2560 485 2625 laevam,
512 2559 614 2615 nisi
635 2560 703 2615 ad
728 2560 1025 2616 Christum.
1040 2559 1370 2616 ‘Invenerunt
1396 2560 1644 2629 Mariam,

225 2651 252 2702 h
284 2664 331 2705 et
363 2653 631 2720 infantem,
660 2668 756 2724 per
779 2654 880 2708 hos
905 2665 1015 2709 tres
1034 2663 1255 2710 sanatus
1282 2664 1366 2711 est
1391 2655 1645 2712 mundus.

228 2746 309 2799 ria
346 2748 677 2802 conservabat
726 2750 902 2802 omnia
916 2748 925 2785 ~'
943 2748 1096 2804 verba
1125 2749 1256 2816 hac,
1288 2747 1344 2804 id
1372 2758 1477 2817 εει,
1502 2748 1647 2819 quod

225 2856 285 2895 us
334 2842 382 2895 ei
425 2842 583 2896 dixit.
630 2842 929 2915 Postquam
968 2839 1315 2899 consummati
1369 2854 1486 2899 sunt
1536 2845 1647 2900 dies

225 2943 278 2985 ut
326 2934 782 2989 circumcideretur
819 2952 838 2989 :
872 2945 928 2991 et
975 2938 1027 2991 in
1078 2945 1268 2991 octava
1307 2936 1647 2993 beatitudine

224 3026 285 3081 lit
326 3028 634 3097 passionem
665 3027 867 3083 Christi
920 3028 1048 3083 dum
1094 3028 1291 3084 dicitur
1323 3046 1337 3081 :
1370 3028 1519 3083 Beati
1555 3031 1645 3099 qui

1754 1816 2045 1884 liabuntur,
2078 1816 2135 1870 id
2162 1826 2266 1881 est,
2299 1817 2391 1886 qui
2432 1830 2492 1871 se
2532 1816 2782 1871 humiliat
2816 1814 3063 1871 exaltat:
3106 1820 3154 1865 et
3192 1818 3343 1866 erunt

1755 1924 1914 1977 prava
1940 1909 1995 1962 in
2025 1908 2253 1975 directa,
2288 1907 2343 1961 id
2370 1917 2486 1973 est,
2519 1908 2614 1977 qui
2644 1908 2743 1962 fuit
2772 1907 3117 1973 luxuriosus,
3153 1904 3223 1960 sit
3252 1919 3345 1959 ca-

1755 2010 1967 2056 stuszet
1987 2018 2175 2075 aspera
2197 2002 2254 2056 in
2280 2002 2391 2056 vias
2416 2004 2627 2075 planas,
2656 2001 2711 2057 id
2733 2009 2842 2070 εει,
2862 2001 2955 2070 qui
2986 1999 3253 2071 superbus
3276 1998 3347 2055 sit

1753 2092 1995 2150 humilis.
2032 2093 2235 2149 Videbit
2262 2095 2428 2149 omnis
2467 2111 2589 2149 caro
2616 2095 2841 2149 salutare
2869 2090 2992 2164 Dei,
3025 2094 3079 2149 id
3109 2101 3216 2159 est,
3245 2090 3344 2148 Ju-

1752 2189 1856 2245 daei
1878 2200 1932 2245 et
1961 2201 2172 2261 gentes,
2202 2190 2307 2245 viri
2337 2202 2392 2247 et
2419 2191 2679 2247 mulieres
2709 2207 2719 2243 :

1837 2280 1987 2336 Venit
2014 2283 2085 2335 ad
2115 2281 2403 2349 Nazaretlt,
2445 2283 2503 2336 in
2529 2299 2630 2353 qua
2673 2281 2903 2337 nutritus
2940 2291 3033 2347 est,
3080 2277 3341 2344 ostendit,

1753 2375 2056 2432 Ecclesiam
2096 2376 2148 2431 in
2187 2392 2294 2447 qua
2329 2377 2568 2432 nutritus
2616 2376 2706 2442 sit,
2746 2375 2911 2431 homo
2957 2390 3068 2430 non
3119 2372 3345 2428 oblivis-

1750 2477 1936 2534 catur;
1980 2476 2029 2522 et
2062 2470 2288 2523 surrexit
2331 2470 2521 2540 legere,
2558 2468 2646 2523 hic
2681 2467 2937 2535 ostendit,
2988 2466 3035 2521 si
3061 2463 3113 2520 id
3138 2462 3342 2534 jnniori

1750 2561 2048 2617 revelatum
2080 2560 2261 2628 fuerit,
2307 2562 2481 2616 senior
2522 2570 2707 2627 taceat,
2756 2560 2808 2615 id
2840 2568 2944 2624 est,
2989 2556 3341 2629 Evangelista

1750 2663 1806 2709 et
1831 2654 2267 2710 Pentateuchum
2292 2670 2307 2708 :
2354 2654 2527 2724 surgit
2570 2662 2626 2708 et
2652 2653 2847 2708 Petrus
2876 2651 2929 2706 in
2961 2649 3146 2705 medio
3173 2646 3340 2705 disci-

1751 2748 2001 2819 pulorum
2034 2764 2047 2801 :
2077 2749 2239 2811 stetit,
2275 2748 2511 2803 ostendit
2534 2744 2679 2818 quod
2705 2760 2811 2800 non
2828 2742 3186 2808 reddendum,
3210 2756 3343 2810 prte-

1750 2842 2041 2898 dicandum
2092 2849 2207 2907 est;
2256 2850 2464 2912 propter
2498 2841 2636 2912 quod
2674 2838 2823 2894 unxit
2869 2853 2969 2901 me,
3015 2835 3067 2891 id
3096 2843 3201 2901 est,
3233 2848 3341 2890 non

1749 2935 1931 2991 oleum
1969 2950 2278 3000 commune,
2323 2934 2418 2989 sed
2447 2933 2725 3004 spiritale:
2758 2929 3107 3001 euangelizare
3148 2943 3345 2998 paupe-

1758 3028 1922 3095 ribus,
1951 3027 2002 3082 id
2030 3036 2135 3097 est,
2166 3036 2225 3081 ut
2250 3026 2391 3081 beati
2414 3039 2678 3096 pauperes
2704 3025 2918 3095 spiritu,
2953 3030 2999 3076 et
3026 3021 3236 3092 captivis
3256 3035 3341 3074 re-

227 3120 455 3171 utionem
477 3120 772 3190 patiuntur.
790 3120 1147 3175 Circumcisio
1159 3117 1367 3175 Christi
1387 3119 1478 3175 die
1498 3128 1645 3175 octa-
1674 3108 1719 3171 C
1751 3120 2117 3190 demptionem,
2140 3118 2194 3174 id
2224 3129 2330 3186 est,
2355 3118 2561 3175 Judteis
2590 3116 2659 3173 de
2680 3116 2983 3181 Pharaone,
3008 3120 3064 3169 ει
3090 3110 3339 3182 gentibus

223 3210 417 3266 stendit
444 3212 763 3282 sanguinem
795 3222 1133 3283 martyrum,
1181 3226 1352 3283 usque
1399 3212 1453 3268 in
1500 3214 1642 3269 diem

223 3307 233 3359 i
267 3323 281 3357 :
315 3305 433 3360 sive
462 3305 587 3375 quia
628 3305 873 3377 implevit
919 3306 1091 3376 legem
1116 3348 1131 3372 ,
1186 3316 1241 3361 et
1291 3323 1398 3361 non
1454 3308 1638 3365 solvit.

223 3415 337 3451 nam
379 3399 582 3466 impleti
622 3410 742 3452 sunt
772 3398 879 3453 dies
907 3400 1232 3471 purgationis
1271 3401 1403 3470 ejus,
1436 3401 1488 3455 id
1530 3410 1636 3471 est,

226 3491 335 3543 cim
364 3490 481 3546 dies
511 3491 577 3545 de
606 3506 803 3561 puero,
837 3486 905 3547 de
933 3493 1113 3563 puella
1152 3494 1373 3563 triginta
1403 3493 1459 3547 in
1496 3493 1640 3565 Lege

224 3590 253 3636 t
282 3584 480 3638 mulier
505 3601 611 3639 non
638 3574 897 3640 intret‘in
927 3585 1186 3641 Ecclesia.
1215 3586 1328 3640 Par
1359 3595 1635 3653 turturum,

232 3692 290 3729 os
342 3676 513 3744 pullos
540 3676 935 3743 columbarum",
973 3694 1071 3749 per
1100 3679 1369 3734 saevitiam
1406 3680 1638 3734 turturis

232 3768 277 3821 it
307 3782 431 3824 esse
464 3768 803 3837 prudentiam
820 3766 960 3825 s'ieut
988 3773 1286 3841 serpentis,
1308 3786 1405 3842 per
1425 3772 1638 3827 colum—

223 3860 471 3930 implices
493 3876 615 3916 esse
640 3879 655 3916 :
689 3880 807 3932 par,
823 3864 1084 3937 ostendit,
1107 3875 1169 3919 ut
1191 3873 1362 3918 totum
1385 3879 1447 3920 se
1472 3864 1635 3919 homo

224 4000 227 4008 ,
274 3956 409 4011 Deo.
459 3957 843 4013 Revelationem
868 3960 1118 4028 gentium,
1168 3957 1222 4012 id
1268 3966 1374 4024 est,
1403 3958 1632 4029 gloriam

223 4048 347 4102 Ecce
370 4050 570 4119 positus
599 4051 653 4103 in
680 4050 909 4117 ruinam,
937 4049 991 4104 id
1010 4058 1113 4111 est,
1141 4050 1230 4103 his
1260 4050 1349 4117 qui
1378 4065 1485 4105 non
1506 4064 1630 4105 cre-

241 4144 295 4196 in
328 4142 791 4198 resurrectionem
813 4185 827 4207 ,
862 4142 945 4195 his
973 4142 1065 4211 qui
1108 4141 1340 4196 credunt
1366 4143 1418 4195 in
1460 4157 1627 4199 eum:

223 4251 331 4300 um,
372 4234 425 4288 id
467 4242 569 4299 est,
606 4233 985 4303 Evangelium.
1026 4233 1151 4287 Veni
1182 4249 1428 4305 separare
1464 4232 1631 4287 homi-

224 4330 428 4383 tversus
459 4337 708 4397 matrem,
761 4334 817 4382 et
844 4326 1048 4397 reliqua
1078 4343 1093 4384 :
1124 4336 1180 4381 ut
1210 4326 1329 4396 ipse
1350 4326 1426 4382 ait
1454 4344 1469 4382 :
1501 4328 1629 4393 Qua:

1746 3214 1814 3269 de
1842 3213 2063 3269 diabolo
2098 3230 2112 3267 :
2137 3213 2285 3267 caecis
2313 3212 2501 3279 visum,
2526 3210 2577 3265 id
2599 3219 2706 3277 est,
2735 3207 2939 3264 Judteis
2959 3214 3016 3261 et
3046 3204 3336 3275 gentibus:

1742 3305 2000 3359 dimittere
2019 3305 2336 3375 confractos,
2357 3304 2411 3358 id
2428 3310 2534 3367 est,
2548 3302 2785 3367 Judaeos,
2808 3301 2978 3355 lutum
2993 3296 3331 3362 fabricando,

1741 3411 1795 3458 et
1821 3409 2015 3472 gentes
2043 3400 2202 3455 idolis
2230 3399 2589 3470 supplicando
2624 3411 2855 3453 :annum
2887 3392 3123 3452 Domini.
3153 3391 3209 3448 id
3229 3398 3334 3459 est,

1739 3497 1866 3566 quia
1898 3510 2075 3550 annus
2100 3502 2335 3563 quatuor
2364 3503 2609 3561 tempora
2633 3490 2820 3559 habet,
2844 3488 3083 3545 ostendit
3101 3496 3336 3558 quatuor

1739 3589 2102 3657 evangelistas
2135 3603 2150 3640 :
2183 3593 2237 3639 et
2264 3584 2550 3640 duodecim
2593 3597 2841 3647 menses,
2871 3580 3160 3635 duodecim
3199 3592 3335 3648 apo-

1738 3681 1911 3738 stolos
1940 3680 2180 3736 ostendit
2200 3698 2214 3735 :
2238 3688 2285 3733 et
2314 3680 2455 3733 diem
2475 3676 2851 3741 retributionis,
2879 3673 2933 3729 id
2956 3682 3060 3740 est,
3082 3673 3229 3730 diem
3249 3673 3338 3742 ju-

1737 3774 1868 3831 dicii
1901 3792 1914 3827 :
1947 3775 2012 3829 ad
2042 3774 2305 3843 litteram,
2336 3772 2490 3829 hodie
2517 3771 2729 3837 impleta
2752 3778 2841 3825 est
2857 3768 3127 3841 Scriptura
3157 3772 3213 3823 in
3236 3784 3333 3821 au-

1735 3869 1879 3924 ribus
1896 3871 2098 3923 vestris.

1809 3964 1995 4019 Multa:
2015 3964 2191 4019 vidum
2218 3972 2366 4019 erant
2387 3965 2442 4018 in
2464 3960 2656 4025 Israel,
2685 3958 2740 4016 id
2771 3956 3331 4025 est,Ecclesia:Elias

1734 4057 2008 4127 signiﬁcat
2033 4055 2311 4111 Christum
2339 4054 2606 4112 :Neetnan
2627 4053 2799 4123 Syrus
2821 4052 3087 4121 signiﬁcat
3103 4058 3291 4119 gentes
3312 4069 3326 4100 ;

1733 4148 1865 4212 ﬁlia,
1891 4147 1945 4203 id
1975 4157 2079 4213 est,
2113 4162 2385 4219 synagoga
2420 4163 2434 4200 :
2461 4145 2633 4206 Giezi.
2666 4142 2722 4198 id
2763 4150 2869 4207 est,
2916 4139 3156 4195 Ecclesia
3187 4156 3202 4193 :
3234 4137 3330 4193 ha-

1738 4242 1874 4297 bens
1897 4240 2249 4305 daemonium,
2278 4239 2332 4293 id
2363 4247 2467 4303 est,
2502 4237 2661 4291 idolis
2685 4232 2980 4291 credendo.
3017 4229 3157 4298 Quid
3182 4230 3327 4283 nobis

1730 4341 1780 4387 et
1811 4332 1941 4387 tibi?
1978 4333 2031 4388 id
2071 4340 2178 4397 est,
2212 4330 2368 4388 nobis
2411 4339 2702 4395 tormenta,
2741 4326 2840 4381 tibi
2878 4322 3128 4397 gloriam.
3163 4321 3326 4377 Secus

225 4431 304 4475 ter
351 4423 513 4476 mea?
548 4420 742 4475 Beatus
780 4420 869 4475 ille
900 4428 1076 4474 venter
1100 4420 1189 4488 qui
1217 4430 1265 4474 te
1299 4421 1543 4492 portavit,
1572 4429 1629 4477 et
1729 4433 1994 4497 stagnum,
2046 4424 2099 4479 id
2140 4432 2245 4489 est,
2294 4438 2453 4478 secus
2476 4423 2651 4493 legem
2686 4436 2700 4472 :
2735 4420 2854 4474 dua:
2900 4432 3074 4479 naves,
3118 4412 3171 4469 id
3219 4422 3322 4478 est,

223 4538 255 4579 ι,
288 4513 341 4568 id
371 4523 481 4580 est,
511 4524 567 4568 ut
589 4513 741 4567 multi
760 4512 931 4567 bonas
953 4512 1317 4583 cogitationes
1343 4513 1618 4583 cogitent:
1650 4497 1705 4558 Ῑ)
1728 4520 1864 4575 duas
1908 4518 2185 4576 Ecclesias
2216 4537 2227 4571 :
2271 4518 2372 4573 duc
2409 4519 2464 4571 in
2491 4518 2678 4583 altum,
2711 4514 2763 4569 id
2795 4522 2896 4579 est,
2933 4511 3208 4568 Christum
3239 4523 3327 4566 as-

223 4624 291 4663 on
313 4610 431 4663 sola
458 4608 628 4663 Maria
654 4616 829 4662 mater
856 4606 1059 4662 Christi
1081 4616 1183 4662 est.

224 4718 341 4755 unm
372 4703 535 4771 ipsius
561 4702 794 4755 animam
829 4709 1151 4771 pertranseat
1178 4699 1410 4769 gladius,
1432 4698 1485 4755 id
1511 4710 1614 4769 est,

226 4794 350 4861 Dei,
384 4794 500 4849 sive
524 4792 707 4862 passio
732 4792 962 4847 Christi.
1000 4790 1212 4846 Vixerat
1235 4809 1352 4846 cum
1379 4792 1491 4846 viro
1523 4810 1619 4847 suo

223 4898 433 4956 septem,
467 4885 524 4941 id
552 4896 657 4956 est,
687 4900 959 4958 synagoga
989 4898 1115 4941 cum
1139 4886 1373 4955 eptatico
1405 4895 1488 4939 :et
1514 4901 1618 4940 non

226 4985 313 5036 bat
341 4982 407 5035 de
430 4980 643 5053 templo,
680 4981 735 5036 id
761 4991 864 5045 est,
900 4979 1024 5049 quia
1054 4994 1161 5034 non
1190 4978 1353 5035 debet
1372 4978 1618 5036 Ecclesia

224 5094 303 5132 :re
333 5078 404 5132 de
434 5077 597 5132 otelo.
623 5075 764 5132 Puer
790 5088 963 5131 autem
987 5074 1264 5139 crescebat,
1287 5074 1339 5128 id
1364 5081 1470 5142 εει,
1496 5089 1619 5130 cor-

224 5170 271 5223 ῖι
292 5170 711 5241 confortabatur,
746 5168 795 5223 id
812 5178 916 5235 est,
941 5170 1154 5239 spiritu.
1182 5165 1314 5224 Cum
1334 5178 1463 5222 esset
1486 5168 1616 5222 duo-

223 5280 487 5331 znnorum,
505 5262 555 5317 id
572 5271 677 5328 est,
708 5261 990 5317 duodecim
1009 5262 1184 5317 tribus
1213 5276 1332 5331 qua:
1348 5271 1616 5317 venerunt

227 5356 395 5410 istum
428 5372 441 5411 :
473 5365 588 5427 post
613 5353 842 5408 triduum
868 5354 1341 5409 invenerunteum:
1368 5363 1537 5423 pater,
1558 5352 1611 5408 id

224 5452 428 5521 :clesia,
451 5460 508 5507 et
536 5462 719 5520 mater,
753 5450 805 5506 id
832 5460 934 5522 est,
966 5466 1235 5525 synagoga
1260 5468 1274 5507 :
1302 5452 1392 5523 qui
1410 5468 1612 5523 qurere-

224 5654 390 5709 wside
420 5650 613 5726 Syriae,
641 5666 739 5726 pro
768 5670 801 5705 a
824 5651 1057 5726 Perside,
1089 5662 1223 5719 etc.,
1241 5661 1297 5707 et
1318 5664 1374 5707 ut
1395 5656 1611 5722 proﬁte-

224 5742 310 5799 eg.
344 5723 741 5799 proﬁterentur)
766 5724 985 5794 singuli,
1008 5738 1107 5794 pro
1140 5734 1197 5778 ut
1226 5727 1608 5797 prophitarent,
1650 5732 1653 5735 '

1728 4612 2052 4668 cendentem
2099 4612 2156 4667 in
2187 4612 2387 4668 caelum
2426 4619 2578 4663 :tota
2615 4607 2698 4661 die
2724 4606 3041 4670 laborantes,
3080 4603 3214 4657 nihil
3241 4619 3323 4658 ce-

1725 4708 1917 4780 pimus,
1958 4706 2014 4761 id
2056 4715 2159 4773 est,
2192 4720 2287 4776 per
2335 4714 2572 4761 veterem
2600 4701 2799 4771 Legem
2831 4701 3035 4754 nullum
3066 4698 3320 4754 duximus

1727 4803 1794 4854 ad
1825 4801 2010 4854 vitam.
2044 4797 2398 4870 Impleverunt
2424 4798 2602 4851 ambas
2644 4808 2819 4860 naves,
2850 4791 2902 4847 id
2933 4801 3039 4858 est,
3067 4790 3191 4861 quia
3221 4805 3317 4861 per

1726 4890 2035 4947 Ecclesiam
2077 4902 2132 4945 et
2166 4903 2496 4961 synagogam
2545 4885 2817 4943 convertit
2857 4899 2872 4938 :
2912 4885 2983 4937 ita
3020 4892 3076 4937 ut
3122 4898 3318 4953 merge-

1722 4991 1919 5046 rentur,
1949 4980 2003 5036 id
2032 4990 2138 5049 est,
2158 4980 2322 5035 homo
2341 4979 2430 5050 qui
2454 4976 2695 5045 divitias,
2719 4987 2776 5032 ει.
2800 4983 3177 5046 paupertatem
3204 4990 3313 5032 non

1722 5074 1977 5131 sustinet.
2012 5072 2116 5126 Exi
2152 5090 2185 5125 a
2227 5088 2325 5140 me,
2368 5069 2614 5136 Domine,
2649 5068 2774 5139 quia
2800 5077 3034 5139 peccator
3057 5085 3194 5133 sum,
3226 5083 3317 5123 os-

1724 5169 1917 5237 tendit,
1941 5167 1996 5224 id
2026 5178 2132 5238 est,
2161 5182 2271 5237 non
2303 5165 2473 5222 exivit
2501 5164 2782 5232 Dominus,
2814 5164 2943 5235 quia
2974 5178 3079 5219 non
3110 5162 3317 5219 deserit

1722 5281 1909 5323 veram
1935 5264 2314 5320 humilitatem.

1793 5360 1923 5415 Noti
1952 5361 2147 5427 timere,
2182 5357 2237 5413 id
2259 5364 2362 5423 est,
2388 5369 2495 5410 non
2527 5353 2713 5409 timeat
2733 5363 2987 5425 peccator
3011 5348 3302 5407 medicum.

1718 5453 2028 5510 Ambulabat
2075 5452 2241 5524 magis
2276 5465 2442 5506 sermo
2485 5448 2550 5503 de
2576 5446 2707 5517 illo,
2749 5448 2801 5503 id
2844 5456 2948 5518 est,
2981 5443 3225 5502 sanitatis
3254 5451 3312 5500 et

1719 5664 1849 5721 etc.,
1883 5668 2060 5725 neque
2100 5654 2245 5710 enim
2272 5655 2459 5723 omnia
2487 5655 2697 5716 referre
2724 5665 2911 5723 vacat;
2940 5663 3180 5729 feratque
3219 5671 3306 5717 re-

1718 5742 1851 5786 vera
1880 5735 2027 5787 totus
2052 5735 2315 5787 tractatus
2335 5742 2441 5786 una
2466 5730 2628 5789 litura
2654 5728 3048 5791 emendandus.
