4056 6366
493 265 595 323 571

1526 274 1585 331 S.
1630 276 2006 339 HIERONYMI
2046 274 2332 333 OPERUM
2370 272 2737 334 MANTISSA.

3681 270 3823 329 572

499 384 782 443 doctrinae.
813 388 1040 457 Quando
1067 391 1278 459 orabat,
1300 388 1539 446 ostendit
1566 390 1862 447 theoricam
1886 394 2083 454 vitam;
2112 392 2165 455 Α
2192 391 2353 448 missa
2396 405 2493 461 per
2520 392 2759 462 quinque
2804 401 2997 449 sensus
3039 409 3054 447 :
3098 391 3233 448 alius
3262 390 3683 464 "quinquaginta,
3727 390 3801 457 id

508 482 725 552 quando
770 484 1023 549 sedebat,
1056 484 1295 539 ostendit
1336 483 1597 539 actualem
1643 487 1829 540 vitam.
1882 486 1988 542 Per
2029 498 2099 544 te-

502 575 675 646 gulas,
720 575 772 631 id
802 585 905 642 est,
939 591 1035 646 per
1081 576 1424 631 divinitatem
1466 596 1482 633 :
1539 594 1712 650 surge,
1770 588 1818 633 et
1860 581 2090 647 ambula,

507 671 744 726 ostendit
792 670 1243 726 resurrectionem
1296 670 1560 724 omnium.
1608 671 1781 725 ls'xivit
1816 672 1872 727 in
1920 684 2092 729 monte

513 779 682 827 orare,
711 771 768 818 et
795 762 1075 819 descendit
1105 763 1171 819 ad
1206 763 1407 830 turbas,
1441 763 1683 819 ostendit
1713 766 2091 834 tbeoreticam,

507 863 563 910 et
586 857 858 911 actualcm
879 857 934 911 in
952 871 1143 913 unum.

579 946 822 1015 Quatuor
860 949 1225 1006 beatitudiues
1255 950 1528 1021 leguntur,
1571 950 1695 1021 quia
1722 959 1956 1021 quatuor
1983 952 2097 1007 vir-

512 1048 653 1093 tutes
691 1039 998 1097 cardinales
1032 1042 1427 1098 continentur:
1460 1052 1487 1079 ιι
1526 1041 1750 1109 caudes,
1789 1042 1981 1099 Latine
2005 1044 2097 1099 di-

507 1131 647 1185 citur
670 1132 853 1188 cordis
884 1151 900 1189 :
930 1134 1047 1189 istae
1077 1145 1310 1204 quatuor
1345 1135 1522 1200 lenes,
1562 1135 1921 1191 ostenduntur
1963 1152 2100 1206 qua-

508 1232 631 1280 tuor
691 1238 873 1297 partes
940 1229 1149 1284 mundi.
1210 1230 1341 1285 [toto
1407 1237 1532 1285 octo
1592 1230 1661 1284 ad
1714 1239 1840 1287 octo
1891 1232 2099 1289 animus

512 1318 767 1388 pertinet,
799 1336 920 1388 qua:
956 1320 1177 1376 fuerunt
1215 1322 1268 1377 in
1299 1336 1424 1376 arca
1454 1320 1587 1388 Noe,
1613 1337 1711 1391 per
1740 1338 1878 1394 quas
1909 1338 2101 1379 omnes

508 1426 680 1480 genus
700 1411 994 1468 humanum
1026 1415 1284 1470 ostendit.
1324 1412 1523 1468 Heroas
1552 1422 1723 1468 vestra
1752 1415 1916 1470 multa
1944 1426 2017 1471 est
2046 1418 2099 1471 in

514 1506 706 1575 gloria,
752 1507 803 1561 id
853 1516 957 1570 est,
1015 1524 1112 1578 pro
1159 1509 1566 1579 praedicatione,
1623 1511 2005 1579 persecutione
2047 1521 2102 1571 et

514 1601 793 1667 patientia.
827 1601 1129 1657 Secundum
1157 1604 1267 1659 Ιιιεε
1292 1607 1553 1676 faciebant
1577 1616 1748 1674 patres
1771 1622 1949 1661 eorum
1976 1623 2100 1677 pro-

515 1693 705 1762 phetis,
746 1692 800 1747 id
841 1704 947 1757 est,
993 1695 1268 1763 odiebant,
1304 1697 1708 1767 exprobrabant
1732 1708 1787 1753 et
1815 1697 2103 1768 ejiciebant

2200 494 2301 553 est,
2338 496 2557 556 peccata
2611 487 2944 543 Judaeorum.
2992 486 3096 542 lsta
3140 487 3337 541 mulier
3381 488 3547 543 Maria
3574 487 3825 560 Magda-

2200 580 2321 635 lena
2350 579 2472 643 luit,
2506 578 2574 636 de
2605 595 2707 651 qua
2738 580 2914 650 ejecta
2944 590 3069 636 sunt
3100 589 3309 650 septem
3335 579 3633 649 daemonia.
3665 580 3823 648 Quis

2199 682 2270 729 est
2294 674 2379 741 qui
2409 682 2619 744 peccata
2642 673 2877 739 dimittit,
2904 673 2957 745 id
2982 682 3087 739 est,
3122 672 3363 741 potentia
3387 672 3571 737 divina
3602 682 3659 733 et
3680 673 3821 727 vir—

2152 824 2163 837 ,
2203 777 2305 821 tus.
2332 766 2436 821 lsta
2458 766 2619 824 Maria
2651 766 2847 836 ﬁgurat
2878 767 3199 831 Ecclesiam,
3228 766 3298 823 de
3326 783 3434 837 qua
3466 766 3634 837 ejecit
3675 783 3821 839 sep-

2200 868 2307 915 tem
2335 860 2482 927 vitia,
2515 858 2660 929 quod
2688 860 2738 915 in
2765 868 2978 929 septem
3003 858 3122 917 dies
3150 859 3394 929 peccavit
3426 859 3616 921 homo.

2284 950 2372 1005 Vir
2393 950 2625 1022 quidam,
2658 949 2713 1006 id
2753 959 2858 1015 est,
2890 949 3120 1025 populus
3148 950 3391 1020 gentium
3429 949 3813 1020 :_'temporibus

2198 1044 2396 1107 multis,
2438 1041 2488 1103 id
2527 1053 2636 1107 est.
2678 1057 2709 1099 a
2740 1042 3007 1113 principio
3050 1041 3236 1099 mundi
3268 1057 3283 1096 :
3311 1043 3671 1097 vestimentum
3696 1059 3813 1099 non

2198 1136 2527 1202 induebatur,
2553 1134 2604 1193 id
2626 1146 2731 1201 est,
2760 1134 2865 1197 fide
2899 1153 2911 1189 :
2936 1151 3030 1190 nec
3059 1134 3297 1191 manebat
3326 1136 3382 1190 in
3411 1134 3587 1203 domo,
3610 1133 3666 1195 id
3694 1144 3805 1203 est,

2203 1230 2254 1285 in
2288 1227 2527 1289 Ecclesia
2568 1243 2583 1282 :
2613 1228 2705 1289 sed
2745 1227 2798 1283 in
2838 1228 3208 1296 monumentis,
3241 1225 3294 1289 id
3325 1233 3432 1294 est,
3459 1225 3808 1295 consuetudo

2202 1321 2459 1391 peccandi
2493 1340 2509 1376 :
2551 1321 2768 1385 catenis,
2801 1328 2852 1374 et
2881 1319 3236 1392 compedibus,
3264 1318 3318 1374 id
3343 1329 3445 1386 est,
3478 1320 3565 1375 lex
3592 1328 3805 1375 natura:

2206 1427 2259 1471 et
2290 1414 2490 1473 litterae
2517 1431 2528 1468 :
2561 1413 2836 1477 Sedentes,
2867 1412 2919 1467 id
2942 1423 3049 1479 est,
3077 1413 3128 1467 in
3153 1411 3799 1483 tide,postbaptismum:

2202 1508 2462 1571 restituat,
2493 1504 2546 1567 id
2576 1516 2682 1571 est,
2724 1508 2779 1567 in
2810 1505 3279 1561 immortalitatem
3312 1521 3327 1558 :
3372 1504 3436 1558 ad
3472 1503 3631 1573 pedes
3658 1508 3799 1577 ejus,

2204 1600 2257 1654 id
2288 1612 2395 1665 est,
2428 1599 2495 1659 ad
2539 1598 2841 1670 apostolos.
2871 1597 3082 1652 Dimisit
3121 1597 3296 1667 illum,
3321 1605 3366 1651 et
3390 1596 3544 1663 dixit,
3575 1594 3714 1651 Redi
3742 1595 3802 1650 in

2205 1693 2411 1753 domum
2438 1704 2597 1765 tuam,
2625 1692 2857 1749 ostendit
2883 1692 2951 1747 de
2985 1690 3230 1757 tbeorica
3253 1706 3351 1746 nos
3379 1689 3566 1745 venire
3592 1688 3666 1744 ad
3704 1702 3803 1744 ac-

516 1782 732 1837 nomiua
763 1799 972 1840 eorum.
994 1784 1021 1831 ι)
1050 1787 1145 1842 Vae
1166 1789 1306 1843 vobis
1327 1789 1597 1843 divitibus!
1618 1790 1742 1861 quia
1760 1791 1955 1845 habetis
1983 1808 2105 1846 con-
2138 1783 2180 1842 Β
2210 1786 2374 1841 tuale.

516 1878 822 1934 solutionem
866 1893 1109 1951 vestram,
1149 1892 1205 1938 et
1244 1897 1352 1938 non
1403 1884 1512 1937 Deo
1552 1884 1757 1954 gratias
1787 1886 1969 1955 agitis,
1998 1902 2105 1941 non

516 1969 651 2038 Deo,
677 1974 771 2026 sed
797 1971 1003 2028 divitiis
1030 1976 1249 2029 vestris.
1290 1974 1379 2029 Vw
1406 1975 1585 2028 vobis!
1609 1992 1726 2031 cum
1757 1976 2109 2031 benedixeriut

518 2061 767 2128 homines,
818 2064 870 2118 id
920 2074 1025 2131 est,
1075 2067 1307 2122 inimicis
1359 2068 1574 2123 vestris.
1630 2068 1784 2123 Nihil
1824 2070 1947 2124 inde
1993 2088 2110 2142 spe-

517 2164 710 2222 rantes,
736 2156 880 2224 quod
914 2173 1010 2213 vos
1041 2158 1255 2217 habetis
1276 2160 1423 2231 date,
1460 2170 1522 2216 ut
1548 2162 1602 2217 in
1632 2163 1805 2233 gloria
1839 2164 2111 2235 recipiatis

519 2248 826 2304 mercedem
858 2266 888 2304 a
916 2250 1167 2310 Domino.

594 2340 869 2415 Numquid
886 2356 1050 2416 potest
1071 2364 1235 2404 creetis
1253 2366 1445 2405 crucum
1466 2351 1689 2407 ducere?
1716 2352 1769 2406 id
1791 2362 1894 2419 est,
1915 2352 2112 2410 stultus

519 2435 747 2490 stultum
774 2438 971 2496 docere
1003 2457 1019 2494 :
1059 2444 1295 2497 amboin
1344 2445 1541 2513 foveam
1586 2446 1795 2511 cadent,
1831 2446 1883 2500 id
1910 2456 2015 2513 est,
2055 2448 2110 2501 in

523 2528 908 2597 perditionem.
952 2531 1071 2587 Ibat
1106 2536 1161 2589 in
1191 2538 1446 2592 civitatem
1492 2540 1632 2609 quod
1679 2539 1868 2594 dicitur
1906 2540 2110 2609 Naum,

524 2624 765 2678 ostendit
817 2635 940 2694 post
991 2638 1237 2685 sanatum
1290 2632 1585 2700 inlirmum,
1641 2634 1783 2704 quod
1830 2636 2113 2691 suscitavit

527 2725 827 2782 mortuum,
860 2720 986 2787 quia
1028 2721 1317 2777 in‘lirmitas
1354 2724 1614 2791 prmcedit
1651 2735 1901 2781 mortem.
1939 2725 2114 2783 Filius

526 2810 711 2864 unicus
734 2813 936 2880 matris,
971 2814 1021 2869 id
1050 2826 1155 2884 est,
1188 2815 1362 2871 Adam
1386 2817 1456 2873 de
1483 2829 1623 2874 terra
1656 2831 1901 2890 portatur
1922 2838 1950 2875 a
1978 2838 2113 2892 qua-

525 2910 668 2965 tuor,
696 2902 748 2957 id
772 2912 876 2970 est,
913 2920 942 2960 a
968 2918 1203 2976 quatuor
1249 2910 1553 2977 elementis,
1597 2913 1741 2969 unde
1797 2915 1959 2969 homo
2009 2923 2112 2971 est.

528 2994 789 3065 'l‘angitur
816 2998 970 3053 locus
1014 3013 1044 3052 a
1096 3000 1230 3071 Deo,
1283 3002 1335 3059 id
1376 3015 1479 3071 εει,
1522 3005 1725 3076 lignum
1757 3007 1953 3076 crucis,
1986 3009 2114 3075 quia

524 3090 686 3159 periit
716 3091 889 3147 Adam
936 3109 1033 3165 per
1088 3096 1315 3167 lignum.
1363 3098 1540 3155 Homo
1585 3116 1615 3155 a
1666 3111 1812 3155 terra
1852 3110 2105 3171 portatur

524 3183 741 3252 quando
784 3186 897 3240 sola
930 3196 1143 3245 terrena
1170 3192 1405 3261 cogitat,
1440 3193 1553 3248 sive
1582 3194 1802 3263 quando
1835 3209 1981 3265 roger
2004 3206 2109 3262 est,
2144 3175 2189 3238 (ἶ

527 3278 809 3334 ambulare
848 3296 956 3335 non
1007 3294 1219 3352 potest;
1270 3286 1338 3340 ab
1385 3300 1521 3357 aqua
1574 3296 1850 3357 portatur,
1898 3288 2117 3358 quando

528 3370 806 3427 luxuriare
852 3376 1076 3447 cogitat,
1127 3378 1243 3435 sive
1298 3382 1518 3450 quando
1571 3394 1667 3451 pro
1712 3380 1881 3436 nimio
1920 3383 2119 3451 frigore

526 3478 724 3535 corpus
754 3469 895 3539 tangi
930 3466 1036 3525 non
1080 3482 1293 3543 potest;
1333 3474 1403 3528 ab
1442 3488 1570 3531 aere
1606 3485 1870 3545 portatur,
1898 3476 2119 3547 quando

525 3557 709 3613 omnia
728 3573 830 3629 pro
857 3562 1011 3617 laude
1029 3563 1258 3620 humana
1290 3568 1421 3636 agit,
1444 3568 1567 3623 sive
1595 3568 1813 3638 quando
1836 3583 1934 3638 pro
1962 3569 2120 3639 aegri-

526 3650 713 3707 tudine
757 3651 888 3709 llare
937 3646 1045 3710 non
1090 3667 1307 3727 potest;
1341 3660 1411 3716 ab
1448 3661 1570 3732 igne
1604 3674 1868 3731 portatur,
1902 3664 2120 3733 quando

531 3756 631 3811 pro
681 3743 845 3798 nimia
903 3748 1073 3813 febre,
1128 3750 1272 3821 tangi
1316 3766 1424 3807 non
1472 3763 1670 3823 potest.
1714 3753 1849 3812 Tres
1876 3767 2121 3811 mortuos

530 3839 815 3893 suscitavit
864 3839 1146 3908 Dominus,
1192 3844 1246 3899 id
1293 3856 1400 3914 est,
1442 3847 1611 3903 ﬁlium
1656 3850 1874 3905 unicum
1906 3852 2116 3918 matris,

532 3939 587 3983 et
619 3929 786 3984 ﬁliam
807 3935 1087 4004 principis,
1118 3946 1171 3992 et
1196 3937 1479 3997 Lazarum.
1511 3942 1747 3998 Primum
1776 3945 1828 4000 in
1856 3945 2040 4016 domo,
2066 3946 2120 4001 id

532 4035 638 4092 εει,
672 4025 727 4081 in
775 4020 1151 4098 cogitatione:
1180 4028 1478 4090 secundum
1520 4038 1574 4091 in
1608 4048 1783 4109 porta,
1827 4040 1880 4094 id
1928 4049 2031 4109 est,
2067 4041 2119 4095 in

530 4120 749 4176 verbo:
798 4126 1017 4180 tertium
1064 4126 1133 4182 de
1175 4142 1555 4199 monumento,
1604 4134 1655 4187 id
1686 4146 1792 4199 est,
1832 4136 1884 4188 in
1931 4148 2121 4205 Opere.

537 4212 639 4278 Qui
679 4216 847 4271 minor
895 4230 965 4273 est
1008 4220 1061 4273 in
1106 4238 1262 4293 regno
1294 4223 1407 4290 Dei,
1441 4228 1609 4297 major
1636 4237 1708 4285 est
1757 4227 1870 4294 illo,
1918 4228 1970 4281 id
2016 4237 2118 4294 est,

539 4305 807 4373 Christus,
843 4313 966 4382 quia
998 4314 1170 4384 angeli
1204 4316 1316 4370 nati
1364 4328 1492 4371 sunt
1526 4333 1540 4370 :
1574 4328 1629 4372 ut
1670 4318 1840 4382 dicat,
1890 4321 2127 4375 minuisti

535 4416 651 4453 eum
674 4402 831 4471 paulo
876 4404 1043 4459 minus
1074 4408 1137 4461 ab
1180 4410 1379 4479 angelis
1409 4426 1424 4462 :
1465 4420 1642 4466 tamen
1682 4411 1929 4467 Christus
1954 4415 2127 4485 major

534 4506 617 4550 εει
643 4497 852 4554 Joanne
882 4512 1146 4569 regnante
1187 4519 1308 4558 cum
1360 4503 1543 4559 Patre.
1588 4506 1891 4563 Justilicata
1918 4519 2002 4563 est
2030 4520 2120 4565 sa-

538 4587 738 4657 pientia
759 4604 788 4643 a
816 4591 941 4646 [iliis
971 4588 1117 4664 Suis},
1150 4594 1201 4648 id
1244 4603 1348 4663 est,
1379 4596 1560 4670 pepuli
1598 4609 1645 4652 et.
1680 4597 2124 4672 publicanijustic

535 4680 816 4750 ﬁcaverunt
842 4682 1030 4741 Deum.

606 4772 935 4833 Alabastrum
984 4783 1257 4856 unguenti,
1310 4784 1363 4839 id
1414 4794 1515 4848 εει,
1564 4798 1762 4858 corpus
1811 4803 1935 4843 cum
1960 4787 2125 4849 ﬁde:

537 4879 682 4924 stans
709 4882 869 4938 retro,
895 4882 1020 4944 post
1044 4877 1421 4935 ascensionem
1468 4876 1683 4936 Domini
1716 4896 1731 4937 :
1762 4898 1908 4937 secus
1951 4882 2127 4953 pedes,

538 4961 594 5016 id
624 4973 730 5029 est,
770 4967 1187 5035 apostolorum:
1229 4968 1473 5044 lacrymis
1513 4973 1739 5045 rigabat,
1788 4975 1841 5029 id
1867 4984 1972 5044 est,
2001 4975 2131 5031 cha—

537 5052 672 5111 ritas
703 5057 913 5115 interna
941 5061 996 5116 in
1024 5061 1174 5119 Deo:
1205 5066 1434 5135 capillis,
1471 5066 1524 5121 id
1564 5076 1667 5131 est,
1698 5067 2006 5138 superﬂuos
2047 5069 2130 5123 ci-

540 5146 660 5214 bos,
693 5157 748 5204 et
789 5153 1170 5211 vestimentum
1210 5159 1341 5215 dare
1386 5178 1399 5213 :
1433 5160 1769 5215 osculabatur
1794 5161 1951 5234 pedes
1996 5164 2128 5233 ejus,

537 5236 591 5294 id
632 5250 736 5307 est,
766 5257 888 5298 cum
938 5248 1188 5306 omnibus
1218 5265 1405 5323 pacem
1452 5252 1676 5311 habere.
1729 5255 1877 5311 Unus
1920 5256 2130 5311 debebat

539 5334 780 5392 denarios
826 5340 1153 5415 quingentos,
1202 5345 1255 5401 id
1285 5357 1389 5415 est,
1440 5360 1658 5419 peccata
1704 5350 1942 5421 gentium
1980 5365 2129 5405 com-

533 5494 634 5578 εἶξα
664 5495 912 5578 Fortasse
934 5506 1440 5578 auctor'ttuamdam
1470 5509 1617 5564 inter
1661 5524 1720 5565 se
1765 5525 1960 5577 vocum
2008 5525 2125 5578 car-

537 5567 843 5652 dinalesmet
889 5573 1062 5652 cordis
1119 5567 1439 5652 allusionem
1483 5583 1873 5649 aucupabatur.
1908 5572 2010 5638 Sed
2044 5570 2127 5635 est

530 5637 921 5723 qpusomdipo
969 5645 1119 5723 hisce
1147 5649 1435 5705 verborum
1478 5637 1761 5718 monstris,
1798 5670 1919 5722 qum
1949 5667 2129 5723 neque

536 5705 935 5793 fecetrismoperte
965 5719 1224 5793 pretium,
1256 5734 1378 5793 eum
1407 5705 1734 5779 restitueris.

589 5777 616 5814 ι)
644 5776 979 5841 ευσρειωυε·
1005 5801 1126 5859 qua:
1155 5776 1631 5853 desiderabamus
1645 5776 1809 5853 verba
1868 5797 1937 5854 de
1970 5811 2125 5854 sacro

2282 1878 2500 1945 Mulier,
2532 1878 2587 1935 id
2612 1886 2720 1949 est,
2748 1878 2991 1934 Ecclesia
3024 1893 3038 1931 :
3062 1880 3270 1950 [iussum
3292 1874 3586 1948 sanguinis,
3612 1872 3668 1929 id
3694 1882 3800 1937 est,

2210 1976 2296 2030 lex
2329 1984 2535 2043 natus-1'
2565 1992 2579 2028 :
2628 1974 2691 2027 ab
2720 1975 2871 2033 annis
2900 1972 3194 2038 duodecim,
3235 1971 3289 2027 id
3312 1978 3422 2037 est,
3451 1969 3574 2023 dure
3597 1980 3801 2024 aetates.

2215 2068 2401 2140 Tangit
2447 2068 2709 2137 ﬁmbriam
2754 2067 3041 2123 vestimenti
3079 2067 3214 2136 ejus,
3250 2064 3300 2117 id
3346 2074 3451 2125 εει,
3484 2060 3716 2117 credidit
3757 2061 3806 2115 in

2213 2161 2496 2221 minimum
2529 2160 2837 2216 mandatum
2861 2158 3088 2214 Christi.
3119 2157 3245 2224 Quis
3272 2164 3369 2225 est,
3397 2156 3488 2226 qui
3516 2171 3596 2208 me
3624 2154 3808 2223 tetigit,

2215 2256 2267 2310 id
2294 2268 2398 2323 est,
2423 2256 2515 2327 qui
2533 2272 2620 2311 me
2649 2253 2919 2310 credidit:
2947 2254 3188 2307 virtutem
3210 2250 3273 2305 de
3296 2266 3376 2304 me
3406 2250 3598 2314 exisse,
3627 2248 3681 2302 id
3710 2256 3808 2313 est,

2212 2349 2277 2405 ad
2310 2348 2597 2418 probatum
2640 2348 2730 2417 qui
2774 2344 2933 2400 iidem
2978 2344 3189 2409 habuit.
3220 2342 3438 2405 Petrus,
3470 2352 3524 2415 et
3554 2339 3810 2402 Joannes,

2213 2451 2268 2498 et
2285 2442 2545 2506 Jacobus,
2588 2439 2641 2501 id
2688 2449 2794 2503 est,
2831 2438 2985 2503 tides,
3030 2451 3179 2505 Spes,
3209 2434 3449 2491 cbaritas
3489 2450 3503 2484 :
3544 2440 3721 2501 pater,
3755 2431 3813 2489 id

2214 2549 2318 2603 est,
2358 2536 2649 2606 episcopus
2683 2551 2695 2587 :
2733 2540 2924 2599 mater,
2978 2530 3269 2589 Ecclesia:
3320 2525 3536 2597 castella
3580 2534 3636 2580 et
3677 2525 3812 2579 civi-

2216 2638 2378 2696 tates,
2418 2628 2469 2687 id
2500 2637 2606 2691 est,
2652 2625 2821 2693 servi,
2865 2634 2919 2679 et
2942 2620 3181 2681 domini.
3228 2620 3587 2675 Narraverunt
3629 2619 3675 2672 ei
3702 2633 3816 2687 qua:

2215 2724 2464 2795 fecerant.
2498 2719 2623 2776 Dies
2648 2718 3121 2789 carpitdeclinare,
3150 2716 3204 2781 id
3234 2726 3341 2782 est,
3383 2712 3500 2769 ﬁeri
3548 2728 3682 2767 nox.
3725 2711 3819 2765 Di-

2214 2817 2358 2870 mitte
2385 2813 2611 2880 turbam,
2640 2812 2880 2873 Judaeos.
2933 2810 3037 2865 Vos
3080 2810 3204 2863 date
3247 2808 3354 2863 illis
3386 2805 3728 2871 manducare,
3764 2804 3814 2858 id

2214 2918 2318 2975 est,
2356 2906 2644 2975 praedicate
2672 2904 2944 2975 gentibus.
2994 2901 3292 2970 Benedixit,
3335 2901 3391 2956 id
3428 2909 3537 2967 est,
3568 2898 3816 2968 Evange-

2217 3004 2389 3060 lium:
2419 3001 2591 3073 fregit,
2627 2999 2681 3063 id
2707 3009 2812 3067 est,
2839 2999 2903 3054 ad
2939 2999 3200 3053 litteram.
3252 2994 3487 3068 Oportet,
3513 2993 3685 3062 ﬁlium
3728 2990 3818 3043 lto-

2218 3098 2369 3153 minis
2398 3097 2564 3151 multa
2585 3096 2713 3166 pati,
2744 3094 2801 3153 id
2833 3103 2938 3158 est,
2972 3093 3114 3147 mori
3142 3109 3155 3146 :
3187 3091 3509 3160 navigantes
3532 3103 3604 3142 ex
3634 3087 3817 3158 politia

2223 3193 2470 3263 periculo
2497 3190 2719 3259 navigii,
2746 3188 2839 3260 qui
2871 3185 3314 3257 tranquillitatem
3349 3190 3474 3253 post
3500 3182 3639 3240 vidit
3683 3181 3819 3252 peri-

2221 3285 2401 3339 culum
2426 3300 2442 3339 :
2466 3297 2725 3339 excessus
2753 3279 2871 3350 ejus
2900 3280 3071 3347 multa
3097 3275 3228 3346 pati.

2294 3378 2540 3447 Sequenti
2568 3376 2670 3439 die,
2707 3374 2882 3437 idest,
2916 3356 2970 3437 in
2995 3370 3235 3437 secunda
3264 3369 3382 3441 lege
3419 3384 3432 3421 :
3465 3366 3545 3420 vir
3575 3366 3642 3437 de
3676 3364 3823 3420 turba

2221 3467 2546 3532 exclamavit,
2578 3465 2635 3521 id
2676 3474 2780 3531 cst,
2817 3463 3089 3521 Abraham
3137 3479 3152 3515 :
3193 3460 3335 3532 ﬁlius
3386 3459 3594 3531 unicus,
3633 3456 3687 3512 id
3718 3463 3821 3519 est,

2222 3576 2384 3616 omne
2428 3573 2601 3630 genus
2642 3575 2654 3612 :
2700 3558 2869 3611 subito
2916 3556 3171 3623 clamans,
3224 3554 3276 3609 id
3324 3561 3429 3621 est,
3465 3552 3706 3607 irascens
3735 3566 3752 3603 :
3778 3560 3824 3603 et

2222 3656 2387 3720 elidit,
2432 3653 2486 3710 in
2537 3651 2848 3709 adulatione
2890 3649 3121 3721 proximi
3160 3667 3173 3702 :
3205 3647 3426 3719 dissipat
3455 3662 3590 3709 eum,
3624 3644 3677 3699 id
3714 3653 3825 3707 est,

2221 3748 2274 3804 in
2307 3747 2691 3818 desperatione
2724 3763 2735 3798 :
2778 3761 2891 3797 cum
2936 3759 3141 3815 spuma,
3188 3740 3241 3796 id
3280 3748 3385 3805 est,
3417 3754 3538 3793 cum
3569 3734 3826 3792 stultitia.

2224 3841 2442 3895 Manum
2488 3856 2642 3909 super
2681 3847 2935 3903 aratrum,
2969 3837 3021 3891 id
3051 3848 3157 3902 est,
3187 3849 3326 3905 (tplls
3368 3848 3535 3905 super
3582 3831 3831 3900 Evange-

2224 3936 2351 3990 liutu
2386 3951 2400 3988 :
2430 3942 2589 3998 retro,
2620 3932 2674 3987 id
2703 3939 2808 4001 est,
2841 3930 2897 3985 in
2920 3929 3126 3985 mundo
3151 3946 3164 3982 :
3199 3940 3468 3989 vomeres,
3498 3923 3551 3979 id
3574 3933 3678 3990 est,
3699 3924 3831 3977 cha-

2224 4032 2363 4087 ritas
2396 4048 2409 4084 :
2456 4038 2690 4099 quatuor
2729 4026 2915 4093 boves,
2966 4024 3154 4089 idest,
3196 4032 3425 4093 quatuor
3458 4019 3824 4087 evangelistae.

2224 4124 2527 4196 Designavit
2557 4121 2816 4181 Dominus
2852 4118 2989 4185 alios
3017 4117 3369 4187 septuaginta,
3406 4112 3725 4196 discipulos,
3761 4112 3833 4168 si-

2225 4227 2313 4273 cut
2339 4217 2553 4289 Moyscs
2579 4217 2741 4284 elegit
2778 4212 3117 4284 septuaginta
3147 4209 3495 4281 presbyteros
3530 4207 3601 4261 de
3626 4205 3835 4259 duode-

2225 4313 2329 4366 ciui
2362 4312 2554 4376 tribus,
2585 4308 2640 4365 id
2669 4319 2775 4376 εει,
2800 4317 2855 4361 ut
2886 4305 3226 4376 septuaginta
3256 4304 3485 4373 linguas,
3508 4316 3627 4373 qua:
3645 4300 3832 4353 divisa:

2227 4414 2387 4461 erant
2428 4419 2522 4472 per
2560 4401 2893 4472 superbiam.
2922 4401 2975 4454 in
3000 4413 3160 4453 unam
3194 4397 3451 4467 linguam,
3488 4410 3583 4467 per
3613 4392 3834 4447 humili—

2230 4504 2391 4551 tatem
2412 4496 2703 4550 adunaret.
2734 4492 2915 4559 Binos,
2949 4490 3215 4546 animales
3240 4491 3292 4543 in
3327 4502 3475 4554 arca,
3512 4493 3569 4540 et
3590 4484 3698 4540 duo
3721 4483 3835 4538 dis-

2229 4590 2393 4660 cipuli
2416 4588 2483 4643 ad
2517 4587 2977 4658 praedicationem,
2995 4584 3315 4641 charitatem
3337 4600 3349 4635 :
3375 4579 3612 4637 ostendit
3630 4592 3832 4653 novum

2235 4694 2289 4739 et
2321 4691 2474 4738 vetus
2505 4682 2914 4737 Testamentum
2939 4695 2956 4736 :
2980 4692 3180 4749 corpus
3206 4685 3263 4733 et
3285 4678 3490 4742 anima,
3520 4673 3606 4727 vir
3630 4679 3689 4727 et
3716 4688 3834 4726 mu-

2235 4781 2355 4846 lier,
2381 4790 2436 4835 et
2461 4779 2572 4835 duo
2598 4778 2874 4852 discipuli.

2312 4873 2464 4929 Mitto
2494 4888 2583 4927 vos
2599 4873 2731 4927 sicut
2757 4888 2920 4944 agnos
2944 4872 3080 4927 inter
3109 4869 3261 4937 lupos
3291 4882 3311 4921 :
3345 4864 3461 4935 Ego
3491 4868 3707 4934 pastor,
3737 4874 3835 4916 vos

2232 4986 2365 5027 oves
2412 4971 2608 5041 :’lupi,
2659 4969 2711 5026 id
2760 4976 2865 5034 est,
2901 4966 3096 5022 scribas
3133 4974 3187 5020 et
3235 4959 3510 5031 pharisaei.
3559 4956 3838 5013 Dtemonia

2233 5066 2464 5137 subjecta
2492 5074 2613 5120 sunt
2638 5064 2803 5129 nobis,
2835 5061 2888 5115 id
2917 5070 3022 5124 est,
3051 5057 3195 5128 quod
3235 5057 3289 5111 in
3316 5054 3458 5125 Lege
3486 5067 3595 5109 non
3626 5053 3749 5117 fuit,
3785 5052 3837 5106 in

2236 5176 2333 5219 ore
2367 5179 2382 5216 :
2426 5176 2583 5230 super
2623 5166 2905 5227 serpentes,
2942 5154 2993 5210 id
3036 5161 3141 5219 est,
3180 5167 3348 5221 super
3394 5148 3663 5214 ethnicos,
3708 5147 3840 5215 quia

2237 5269 2465 5327 serpens
2494 5268 2603 5308 non
2635 5250 2856 5316 occidit,
2904 5247 3004 5303 sed
3044 5259 3318 5305 venenum
3359 5240 3620 5298 doctrinae
3662 5240 3842 5309 edun-

2234 5352 2317 5407 dit
2356 5374 2365 5403 ;
2414 5360 2460 5403 et
2503 5349 2820 5417 scorpiones,
2852 5358 3081 5415 quorum
3123 5340 3296 5397 cauda
3334 5347 3391 5395 et
3429 5344 3590 5407 caput
3630 5334 3842 5407 mquale

2232 5517 2405 5571 textu,
2437 5523 2511 5561 va:
2536 5505 2677 5571 vobis
2703 5504 2964 5561 divitibus.
3012 5504 3189 5571 Etiam
3222 5502 3387 5557 tertio
3411 5501 3478 5555 ab
3518 5498 3624 5571 hoc
3655 5515 3840 5565 versu,

2235 5579 2323 5633 ubi
2348 5568 2573 5642 dicitur,
2596 5568 2651 5629 id
2678 5587 2771 5641 est,
2816 5575 3039 5630 inimicis
3062 5568 3264 5636 eeslris,
3296 5571 3512 5626 videtur
3542 5570 3842 5639 Scriptura:

2236 5651 2389 5704 locus
2412 5650 2700 5704 excidisse.
2731 5649 2975 5717 Denique
3006 5662 3105 5715 pro
3130 5660 3217 5707 eo,
3250 5642 3396 5717 quod
3416 5644 3842 5717 rescripsimus,

2234 5720 2384 5775 Nihil
2410 5721 2529 5774 inde
2563 5729 2841 5791 sperantes,
2884 5713 3018 5774 erat
3057 5725 3240 5781 antea,
3271 5713 3447 5785 'Niltil
3497 5714 3841 5791 dispmmlcs.

2236 5794 2354 5853 Alia
2384 5791 2810 5860 dissimulamus,
2842 5806 2959 5862 qua!
2989 5791 3268 5845 innumera
3303 5796 3447 5841 sunt.
