4056 6334
221 281 342 341 575
378 265 382 269 “

1053 278 1421 343 EXPOSITIO
1452 279 1795 350 QUATUUR
1832 281 2408 343 EVANCELIORUM.
2450 285 2692 342 LUCAS.

3415 290 3521 346 57‘

220 395 438 459 occidit
477 414 488 450 :
520 395 666 454 idem
696 395 970 465 diabolus,
998 398 1092 469 qui
1134 397 1289 455 initio
1328 407 1384 455 et
1425 398 1533 455 line
1571 398 1826 469 decipere
1854 412 1901 469 Α
1933 401 2207 474 respicere,
2238 400 2292 456 id
2321 409 2426 465 est,
2459 403 2583 472 quia
2611 401 2855 458 cmlestia
2887 418 2980 470 per
3010 406 3381 475 paenitentiam
3412 424 3522 462 non

218 488 367 551 vult.
411 487 588 551 Homo
637 489 995 557 descendebat,
1041 488 1094 547 id
1145 499 1249 554 est,
1286 490 1537 556 mundus,
1569 494 1657 560 qui
1697 505 1828 544 atta—

221 582 418 639 thema
446 582 645 643 dicitur
677 600 691 635 :
726 584 779 637 in
806 580 1059 649 latrones,
1091 581 1144 641 id
1196 591 1315 651 est,
1365 582 1641 640 daemones
1683 601 1696 637 :
1747 584 1832 639 die

217 678 584 744 spoliaverunt
606 676 777 743 illum,
798 677 853 733 id
881 687 987 743 est,
1008 677 1077 735 de
1104 676 1248 735 bona
1262 676 1368 735 ﬁde
1394 697 1406 733 :
1436 678 1829 749 flagellaverunt

218 768 404 836 illum,
445 768 498 824 id
518 779 625 836 est,
654 783 887 838 peccare
916 768 1157 827 fecerunt
1178 783 1303 826 eum
1333 786 1348 825 :
1376 770 1677 827 semivivum
1706 769 1831 827 reli-

218 870 476 929 querunt,
510 860 562 915 id
601 869 705 927 εει,
736 861 918 917 vivum
946 876 1166 932 corpus,
1201 862 1590 919 conscientiam
1623 872 1678 917 et
1708 861 1827 917 ani-

219 970 378 1011 mam
412 967 701 1012 mortuam.
730 955 1010 1024 Sacerdos,
1042 956 1094 1013 id
1140 966 1244 1025 est,
1283 961 1463 1013 Aaron
1496 974 1511 1011 :
1542 956 1741 1025 Levita,
1772 956 1828 1016 id

216 1059 336 1115 est,
370 1050 544 1106 tribus
573 1049 703 1107 Levi
745 1065 870 1107 cum
903 1050 1024 1122 lege
1055 1064 1151 1106 sua
1182 1067 1197 1107 :
1228 1048 1610 1119 Samaritanus,
1640 1049 1696 1104 id
1719 1060 1824 1118 est,

217 1141 488 1201 Christus
520 1162 533 1197 :
574 1144 667 1215 qui
694 1153 778 1201 est
807 1144 876 1201 de
909 1144 1239 1200 suburbanis
1266 1143 1558 1207 Samaria);
1588 1143 1706 1213 ipse
1735 1143 1825 1200 in-

220 1244 567 1305 terpretatur
613 1246 803 1304 custos,
834 1236 959 1307 quia
1009 1236 1077 1292 de
1118 1236 1335 1292 Christo
1364 1235 1501 1302 Deo,
1534 1235 1825 1291 custodiens

218 1326 478 1397 parvulos
504 1327 778 1383 Dominus.
812 1327 1054 1400 Alligabit
1083 1327 1294 1385 vulnera
1319 1329 1456 1399 ejus,
1502 1326 1554 1383 id
1588 1336 1691 1395 εει,
1724 1342 1824 1396 per

218 1422 612 1491 pmnitcntiam
647 1419 871 1476 strinxit
899 1430 1118 1491 peccata
1148 1437 1167 1474 ς
1210 1420 1446 1490 infundit
1468 1420 1583 1487 oleo
1603 1429 1651 1476 et
1681 1419 1822 1486 vino,

217 1516 526 1570 severitate
550 1524 606 1570 et
634 1514 900 1570 suavitate
927 1513 1248 1585 Scripturac,
1282 1514 1508 1583 prtemio
1532 1524 1589 1570 et
1616 1528 1819 1586 praua:

215 1605 274 1658 in
297 1606 595 1669 iumentum
625 1621 798 1672 suum,
826 1604 883 1660 id
910 1614 1011 1674 est,
1042 1606 1094 1660 in
1126 1620 1325 1675 corpus
1351 1620 1539 1673 suum;
1572 1606 1697 1676 quia
1727 1620 1824 1677 per

218 1700 541 1767 passionem
590 1699 885 1755 humanum
924 1714 1096 1770 genus
1148 1698 1403 1770 perduxit
1430 1700 1499 1754 ad
1536 1699 1817 1771 stabulum,

1933 492 2243 563 requirebat
2271 510 2284 546 :
2315 495 2511 548 vocavit
2538 493 2610 547 ad
2634 511 2722 561 se,
2752 494 2806 550 id
2827 505 2932 563 est,
2963 513 3059 566 per
3082 500 3519 556 confessionem:

1931 596 1976 640 et
2006 586 2252 657 imposuit
2281 585 2363 640 illi
2394 602 2637 653 manum,
2675 587 2732 642 id
2764 597 2889 655 est,
2921 588 3062 644 bona
3099 593 3346 660 exempla
3381 609 3394 647 :
3427 609 3524 647 cu-

1931 688 2048 733 rata
2073 688 2166 744 est,
2194 693 2322 749 Spes
2352 678 2635 735 sanitatis:
2668 681 2839 752 prima
2868 680 3103 749 sabbati,
3132 682 3184 737 id
3215 692 3319 750 est,
3354 685 3405 738 in
3438 685 3520 739 iu-

1934 780 2106 827 turam
2160 772 2428 842 requiem.
2484 772 2653 828 Dicite
2697 773 2841 845 vulpi
2880 772 2984 841 illi,
3015 773 3068 829 id
3111 784 3224 842 est,
3256 774 3516 843 Herodes,

1930 865 2059 934 quia
2102 862 2357 921 diabolus
2405 865 2607 923 animal
2635 875 2751 932 est,
2786 867 2999 925 interne
3030 865 3268 933 habitat,
3304 869 3521 926 vineam

1932 956 2261 1018 exterminat
2295 975 2307 1010 :
2350 956 2424 1013 ita
2468 957 2712 1015 Herodes
2752 958 3001 1015 diabolus
3048 960 3381 1017 exterminat
3432 962 3519 1017 vi-

1932 1065 2111 1114 neam,
2140 1060 2198 1106 ut
2222 1051 2443 1120 dicitur,
2471 1052 2670 1107 vineam
2693 1052 2759 1106 de
2782 1050 3017 1124 Egi/pta
3040 1054 3374 1109 transtulisti.

2000 1142 2177 1198 Homo
2207 1143 2538 1214 hydropicus,
2573 1144 2628 1203 id
2655 1155 2767 1211 est,
2800 1144 3098 1202 humanum
3124 1162 3316 1218 genus,
3350 1146 3520 1204 forni-

1928 1242 2079 1297 cator
2105 1251 2117 1289 :
2150 1234 2527 1305 apprehensum
2554 1237 2779 1305 sanavit,
2809 1238 3076 1306 ostendit,
3101 1239 3248 1310 quod
3272 1250 3387 1297 tum
3416 1242 3521 1297 im-

1930 1336 2082 1397 petus
2104 1324 2480 1385 iortdcationis
2508 1338 2752 1386 sanatur.
2790 1330 2989 1399 Homo,
3014 1333 3069 1387 id
3098 1342 3205 1403 est,
3236 1335 3378 1391 Deus
3406 1334 3517 1391 Pa-

1928 1430 2010 1479 ter
2042 1440 2056 1477 :
2087 1438 2233 1479 cana
2268 1439 2485 1495 magna,
2514 1423 2573 1481 id
2598 1434 2712 1493 est,
2738 1424 3095 1497 Evangelium
3127 1445 3141 1485 :
3169 1430 3363 1487 vocavit
3389 1428 3522 1483 mul-

1928 1527 2028 1583 tos,
2051 1517 2106 1572 id
2131 1525 2235 1583 est,
2263 1516 2480 1573 Iudaeos
2505 1535 2519 1572 :
2549 1519 2686 1573 misit
2712 1535 2911 1574 servum
2940 1537 3116 1589 suum,
3150 1522 3202 1577 id
3235 1532 3339 1590 est,
3362 1523 3521 1579 Chri-r

1924 1620 2069 1663 smm
2101 1609 2154 1664 in
2182 1623 2399 1665 carmen
2426 1628 2440 1664 :
2471 1619 2656 1682 parata
2674 1620 2798 1665 sunt
2816 1612 3013 1679 omnia,
3047 1613 3101 1667 id
3141 1624 3245 1679 est,
3274 1617 3418 1684 quod
3448 1616 3519 1672 de

1925 1700 2145 1759 Christo
2191 1702 2514 1773 prophetata
2565 1712 2711 1759 sunt.
2777 1704 2971 1759 Villam
3012 1710 3112 1761 emi
3140 1748 3156 1774 ,
3188 1707 3241 1761 id
3276 1718 3381 1773 est,
3418 1724 3518 1777 pro

214 1791 273 1847 id
304 1801 417 1860 est,
461 1791 529 1848 ad
560 1793 859 1849 Ecclesiam
909 1810 922 1846 :
965 1792 1093 1847 duos
1142 1793 1402 1862 denarios,
1445 1792 1500 1847 id
1546 1802 1652 1860 est,
1685 1794 1819 1849 duas
1849 1808 1894 1866 Β
1923 1795 2147 1850 avaritia
2164 1795 2233 1852 ad
2256 1795 2535 1851 Christum
2556 1813 2665 1852 non
2688 1798 2808 1852 veni
2832 1814 2849 1853 :
2871 1800 3001 1869 iuga
3021 1799 3196 1867 bourn,
3222 1799 3273 1865 id
3294 1809 3400 1868 est,
3424 1815 3518 1856 su-

212 1886 377 1957 leges
411 1887 553 1941 dedit
580 1886 896 1952 stabulario,
934 1886 988 1941 id
1014 1887 1275 1952 est,ordo
1298 1886 1583 1942 doctorum
1614 1904 1628 1943 :
1655 1889 1823 1957 quod-

213 1995 448 2049 cumque
476 1996 632 2051 super
652 1980 961 2052 erogareris,
999 1978 1054 2034 id
1080 1990 1191 2046 εει,
1222 1979 1600 2049 quodcumque
1627 1979 1825 2036 ieceris

213 2085 318 2140 per
347 2071 693 2142 diligentiam
718 2080 871 2127 tuam
899 2071 968 2127 de
998 2070 1245 2127 doctrina
1274 2070 1556 2133 hominum
1588 2090 1601 2125 :
1626 2087 1722 2142 ego
1740 2087 1825 2126 re-

212 2172 449 2230 vertens,
474 2164 528 2219 id
559 2173 667 2231 εει,
701 2164 1076 2235 adjudicium,
1102 2163 1317 2221 reddam
1352 2164 1465 2219 tibi.

292 2258 515 2313 Martha
534 2302 549 2329 ,
581 2259 639 2315 id
676 2270 798 2329 est,
834 2258 1083 2316 Ecclesia
1101 2260 1351 2317 actualis.
1382 2259 1557 2314 Narin
1578 2301 1594 2326 ,
1630 2259 1685 2315 id
1713 2268 1821 2328 est,

215 2350 474 2406 Ecclesia
504 2351 769 2419 theorica,
800 2368 922 2421 quae
948 2353 1115 2409 verba
1153 2351 1360 2408 Christi
1388 2367 1604 2424 semper
1643 2353 1822 2408 audit.

215 2444 434 2500 Martha
473 2444 633 2514 dixit,
666 2454 725 2499 ut
750 2459 912 2501 soror
935 2462 1031 2501 sua
1056 2461 1119 2502 se
1145 2446 1487 2516 adjuvasset,
1531 2449 1657 2517 quia
1684 2460 1825 2517 opus

215 2547 307 2594 εει
336 2537 534 2593 activa:
576 2538 730 2602 vitae,
773 2547 832 2593 ut
870 2553 936 2593 ea
975 2538 1401 2609 contemplativa
1442 2538 1641 2596 debeat
1669 2539 1823 2609 adju-

215 2631 360 2686 vari.
392 2631 588 2697 Amice,
627 2630 678 2685 id
708 2640 814 2698 εει,
847 2630 1039 2686 doctor
1067 2645 1083 2685 :
1110 2633 1281 2686 media
1322 2641 1491 2699 nocte,
1523 2632 1576 2687 id
1601 2640 1706 2697 εει,
1738 2633 1823 2687 in-

217 2724 637 2793 opportunitate
662 2741 675 2778 :
705 2733 811 2779 tres
840 2741 1018 2795 panes,
1050 2724 1485 2797 ostenditilidem
1518 2726 1819 2782 Trinitatis.

216 2818 443 2871 Amicus
489 2834 661 2885 meus,
690 2819 747 2873 id
791 2831 910 2888 est,
956 2820 1093 2874 alius
1124 2822 1492 2889 paenitentiam
1521 2836 1723 2893 agens:
1757 2825 1823 2880 de

215 2911 326 2976 vini,
357 2908 411 2963 id
443 2917 562 2975 est,
592 2908 662 2964 de
691 2910 893 2966 mundo
919 2928 931 2964 :
963 2928 1067 2967 non
1097 2911 1263 2967 habeo
1296 2914 1438 2984 quod
1464 2930 1659 2983 ponam
1699 2925 1822 2970 ante

217 3021 362 3071 eum,
399 3006 453 3059 id
482 3014 588 3071 est,
622 3021 729 3060 non
758 3004 874 3061 scio
901 3007 1107 3062 docere
1134 3022 1256 3063 eum
1291 3025 1303 3059 :
1339 3009 1526 3062 ostium
1564 3009 1817 3079 clausum,

216 3100 271 3153 id
294 3107 408 3165 est,
439 3100 638 3153 ostium
661 3100 785 3155 ειειί
812 3143 825 3165 ,
860 3100 1002 3170 quod
1037 3116 1141 3156 non
1173 3103 1371 3170 aperit,
1403 3103 1509 3157 nisi
1540 3104 1777 3159 cliaritas
1803 3121 1817 3158 :

1933 1890 2117 1960 perbia
2148 1907 2164 1943 :
2196 1891 2356 1945 aliter
2375 1891 2502 1961 juga
2528 1890 2714 1959 boum,
2739 1892 2979 1963 quinque
3004 1906 3221 1964 sensus,
3249 1894 3335 1950 vel
3360 1899 3519 1966 quin-

1927 1998 2031 2053 que
2058 1982 2179 2038 libri
2215 1982 2385 2054 Moysi
2416 2001 2430 2038 :
2458 1984 2722 2037 mulierem
2766 1985 2917 2049 duxi,
2959 1985 3014 2040 id
3063 1997 3171 2052 est,
3217 1988 3514 2044 luxuriam.

1926 2074 2195 2148 Pauperes
2234 2088 2282 2131 et
2312 2076 2523 2144 debiles,
2559 2077 2612 2133 id
2642 2087 2788 2145 sunt,
2819 2079 2910 2148 qui
2935 2092 3268 2149 cognoscunt
3292 2094 3515 2152 peccata

1925 2182 2023 2223 sua
2051 2183 2068 2226 :
2100 2168 2169 2222 ite
2186 2169 2243 2223 in
2264 2168 2393 2236 vias,
2423 2168 2477 2224 id
2499 2177 2602 2237 est,
2631 2171 2699 2225 ad
2718 2179 2911 2240 gentes
2935 2186 2951 2231 ;
2974 2173 3268 2244 compellite
3285 2175 3513 2241 intrare,

1927 2260 1979 2315 id
2002 2268 2108 2327 est,
2134 2276 2232 2330 per
2260 2260 2683 2317 confessionem.
2737 2262 2956 2318 Turrem
2995 2263 3280 2333 tediﬁcare,
3323 2264 3375 2320 id
3404 2275 3509 2335 est,

1925 2353 2202 2411 Christum
2250 2354 2407 2423 sequi
2459 2372 2470 2407 :
2518 2364 2782 2423 sumptus,
2841 2356 2896 2411 id
2946 2368 3071 2425 est,
3124 2358 3516 2415 abrenuntiare

1927 2447 2149 2503 mundo.
2185 2445 2313 2513 Quis
2353 2462 2465 2516 rex,
2500 2446 2551 2503 id
2576 2456 2680 2513 est,
2707 2450 2986 2519 apostolos
3020 2469 3033 2504 :
3064 2452 3380 2506 conmittere
3409 2452 3516 2507 bel-

1926 2542 2057 2607 lum,
2100 2541 2157 2596 id
2199 2549 2323 2609 est,
2382 2543 2884 2610 compensationem
2931 2558 3163 2614 operum»
3206 2561 3220 2599 :
3270 2546 3513 2602 adversus

1924 2632 2088 2689 alium
2108 2649 2300 2704 regem,
2330 2632 2385 2688 id
2409 2642 2516 2699 est,
2538 2634 2804 2691 adversus
2834 2635 3106 2695 Christum
3150 2654 3163 2691 :
3196 2652 3315 2691 cum
3337 2637 3514 2692 decem

1923 2729 2170 2794 uultibus,
2195 2729 2250 2784 id
2287 2737 2394 2797 est,
2442 2744 2568 2784 cum
2612 2730 2891 2799 operibus,
2935 2747 3059 2802 quia
3097 2732 3264 2787 sentit
3304 2732 3509 2787 homo:

1924 2839 2039 2877 cum
2061 2823 2241 2893 viginti
2267 2822 2516 2889 millibus,
2548 2822 2599 2877 id
2627 2832 2733 2889 est,
2765 2839 2889 2877 cum
2915 2824 3207 2893 operibus,
3236 2840 3357 2895 qua:
3389 2835 3516 2881 sunt

1925 2918 1978 2972 in
2018 2918 2232 2973 occulto
2253 2960 2269 2986 ,
2297 2929 2352 2973 et
2380 2918 2433 2972 in
2462 2918 2644 2989 palam
2674 2933 2689 2972 :
2723 2918 3036 2990 legationem
3081 2919 3261 2985 mittit,
3310 2918 3363 2972 id
3403 2924 3512 2986 est,

1924 3013 2261 3078 miserendo,
2292 3014 2695 3083 eleemosynam
2723 3013 2902 3068 dando
2935 3031 2949 3068 :
2981 3021 3153 3085 rogat,
3183 3029 3296 3083 qua
3321 3014 3389 3067 ad
3421 3029 3516 3082 ραι

1924 3126 2033 3167 cem
2068 3119 2189 3165 sunt
2236 3118 2317 3175 ut,
2351 3117 2457 3173 est,
2486 3125 2590 3163 non
2620 3110 2777 3162 intres
2808 3110 2862 3162 in
2875 3108 3077 3175 judicio
3102 3124 3218 3162 cum
3234 3123 3380 3162 servo
3400 3117 3512 3174 tua,

218 3193 371 3261 pueri
424 3192 526 3244 mei
574 3207 773 3255 mecum
821 3204 962 3258 sunt,
1016 3194 1071 3247 id
1116 3202 1219 3262 est,
1268 3195 1499 3251 virtutes
1546 3197 1816 3253 ccelestes.
1847 3200 1893 3264 C
1927 3202 2168 3259 Domine.
2202 3200 2272 3255 In
2304 3211 2459 3268 terra,
2504 3201 2559 3255 id
2603 3209 2710 3269 cst,
2757 3200 2813 3263 in
2858 3200 3078 3256 divitias
3112 3219 3124 3253 :
3158 3202 3212 3254 in
3252 3198 3517 3271 sterquili-

222 3287 379 3351 Qnod
413 3285 607 3356 deforis
640 3296 746 3350 est,
775 3296 825 3340 et
852 3286 1012 3355 intus,
1045 3286 1098 3341 id
1129 3299 1235 3356 εει,
1268 3287 1398 3345 fecit
1434 3304 1632 3362 corpus
1652 3334 1666 3357 ,
1703 3294 1819 3363 ipse

224 3380 359 3438 fecit
397 3380 658 3445 animam.
709 3380 840 3436 Date
882 3382 1290 3454 elcemosynum,
1335 3394 1384 3440 et
1424 3387 1597 3442 omnia
1627 3388 1821 3444 munda

218 3484 343 3527 sunt
372 3490 383 3526 :
412 3481 468 3527 ct
494 3474 538 3529 si
577 3488 682 3529 non
712 3473 995 3539 dederitis,
1028 3475 1303 3532 innnuuda
1335 3489 1457 3534 ειιηι
1488 3480 1667 3534 omnia
1696 3496 1819 3551 qute

220 3565 464 3621 habetis.

295 3657 429 3714 Noli
469 3658 645 3715 timere
682 3659 908 3730 pusillus
952 3676 1117 3732 grex:
1149 3661 1198 3716 id
1225 3672 1351 3725 sunt
1382 3662 1589 3731 Judazi,
1622 3672 1646 3700 ιι
1694 3665 1821 3735 quia

221 3752 595 3821 crediderunt,
629 3754 774 3823 quod
806 3753 1129 3819 maledictus
1157 3754 1259 3821 luit
1285 3758 1340 3819 in
1382 3756 1523 3827 lege,
1565 3757 1658 3827 qui
1689 3772 1822 3826 pau—

222 3860 321 3915 per
344 3844 535 3907 ﬁebat.
573 3844 761 3903 Lumbi
786 3847 942 3903 vestri
980 3850 1246 3917 prazcincti
1282 3850 1567 3905 :ostendit
1596 3850 1818 3905 castita—

222 3946 378 3994 tem:
428 3940 653 3994 lucernm
678 3941 950 4006 ardentes,
993 3940 1047 3997 id
1097 3952 1180 3995 est
1209 3957 1373 4011 opera
1415 3942 1675 3999 bonazut
1703 3959 1823 3999 cum

220 4035 438 4101 venerit,
460 4034 508 4087 id
533 4043 642 4101 est,
663 4034 716 4088 in
746 4034 937 4091 dolore
965 4052 976 4086 :
1009 4043 1057 4090 et
1088 4035 1392 4103 pulsaverit,
1420 4035 1474 4090 id
1506 4044 1622 4101 est,
1647 4037 1822 4099 :mima

223 4142 323 4196 per
349 4135 623 4183 mortem:
664 4136 713 4181 et
750 4128 1017 4197 confestim
1059 4130 1329 4199 aperiant,
1373 4129 1426 4183 id
1460 4136 1578 4196 est,
1607 4144 1824 4200 semper

223 4225 476 4287 paratum
506 4233 627 4273 esse
657 4235 674 4274 :
705 4220 962 4275 transiens
986 4218 1303 4279 ministrabit
1331 4220 1457 4287 illis,
1489 4221 1541 4275 id
1572 4229 1674 4287 est,
1704 4233 1825 4291 post

220 4312 485 4381 judicium
528 4313 697 4366 vitam
741 4323 1022 4367 aeternam.
1063 4312 1247 4385 Ignem
1277 4316 1387 4366 veni
1418 4313 1617 4370 mittere
1644 4316 1698 4368 in
1724 4326 1825 4369 ter-

222 4421 370 4471 ram,
424 4403 477 4459 id
528 4414 644 4472 εει,
696 4404 1038 4459 charitatem.
1089 4404 1158 4458 Et
1189 4404 1263 4463 illi
1306 4403 1513 4461 Galiltei
1546 4404 1735 4461 decem
1769 4415 1825 4462 ει

227 4512 350 4560 octo
390 4503 724 4574 signiﬁcant,
760 4518 924 4573 super
955 4519 1092 4573 quos
1120 4503 1380 4564 ceciderit
1419 4504 1606 4570 turris,
1633 4502 1687 4558 id
1716 4510 1819 4569 est,

1924 3298 2091 3365 nium,
2123 3296 2176 3353 id
2201 3306 2307 3363 est,
2330 3297 2385 3351 in
2409 3306 2801 3366 paupertatem.
2824 3293 3018 3347 Mulier
3037 3294 3294 3363 quaedam,
3322 3292 3376 3346 id
3406 3298 3513 3356 est,

1923 3391 2145 3447 divitias
2175 3407 2189 3443 :
2221 3390 2434 3444 lucerna
2463 3404 2699 3452 accensa,
2731 3386 2785 3441 id
2812 3394 2917 3451 est,
2960 3384 3308 3453 Evangelium
3343 3400 3358 3437 :
3389 3383 3514 3436 dra-

1922 3484 2074 3537 clima
2099 3484 2301 3537 inventa
2337 3482 2391 3534 in
2424 3479 2594 3545 domo,
2628 3478 2686 3534 id
2726 3485 2830 3543 est,
2879 3486 3133 3546 peccator
3176 3475 3230 3529 in
3266 3472 3515 3531 Ecclesia

1920 3590 2241 3635 conversus.
3546 3630 3547 3637 η

1994 3668 2170 3724 Homo
2196 3666 2430 3737 quidam,
2458 3663 2514 3719 id
2544 3672 2652 3728 est,
2687 3664 2828 3718 Deus
2859 3662 3046 3718 Pater.
3071 3660 3218 3718 Duos
3240 3663 3395 3732 ﬁlios,
3418 3662 3515 3719 Ju~

1922 3762 2070 3815 dicos
2091 3769 2146 3815 et
2174 3766 2396 3830 gentes,
2426 3759 2550 3827 quia
2580 3756 2787 3813 Judais
2814 3758 2963 3828 prius
2994 3755 3117 3811 data
3160 3765 3244 3811 est
3272 3757 3365 3812 lex
3399 3772 3415 3810 :
3445 3758 3515 3810 da

1922 3854 2049 3908 mibi
2090 3852 2398 3925 portionem,
2447 3850 2499 3906 id
2549 3861 2656 3912 est,
2708 3850 2873 3905 vitam
2916 3857 3241 3919 praesentem
3283 3867 3298 3903 :
3339 3850 3512 3904 divisit

1920 3944 2282 4011 substantiam,
2316 3944 2371 3997 id
2404 3954 2508 4007 εει,
2531 3942 2682 3998 dedit
2710 3943 3018 3999 libertatem
3045 3942 3257 3998 arbitrii
3285 3951 3513 4014 utroque

1924 4038 2141 4107 populo.
2176 4034 2398 4108 Peregre
2423 4035 2682 4106 profectus
2706 4044 2803 4098 est,
2840 4034 2893 4089 id
2920 4044 3026 4101 est,
3053 4051 3082 4087 a
3112 4034 3224 4090 Deo
3254 4052 3267 4088 :
3300 4036 3514 4091 vivendo

1924 4127 2205 4193 luxuriose,
2239 4128 2293 4182 id
2322 4135 2408 4182 est
2431 4162 2447 4193 ,
2479 4127 2639 4183 idolis
2671 4128 2949 4183 adoranda
2978 4145 2993 4187 ;
3028 4131 3167 4199 [ante
3208 4128 3407 4193 valida,
3458 4129 3512 4184 id

1924 4236 2031 4290 est,
2075 4225 2144 4280 de
2184 4225 2350 4280 verbo
2382 4226 2474 4285 Dei
2507 4242 2521 4277 :
2554 4225 2642 4278 uni
2672 4224 2884 4291 civium,
2919 4222 2972 4278 id
3001 4232 3103 4292 est,
3140 4221 3465 4291 philosopho
3495 4240 3509 4276 :

1922 4322 1977 4375 in
2001 4319 2129 4374 villa
2149 4336 2264 4385 sua,
2292 4319 2342 4375 id
2366 4331 2470 4384 est,
2502 4320 2556 4375 in
2583 4325 2788 4375 mundo
2811 4336 2825 4373 :
2854 4332 3064 4387 pascere
3086 4333 3292 4386 porcos,
3323 4315 3377 4370 id
3406 4324 3510 4381 est,

1926 4425 1985 4469 ut
2030 4429 2180 4470 more
2222 4427 2512 4482 porcorum
2545 4412 2680 4467 vixit
2706 4428 2721 4467 :
2750 4420 2796 4466 et
2826 4412 2889 4466 de
2908 4411 3132 4481 siliquis,
3166 4408 3219 4462 id
3251 4417 3375 4473 est,
3405 4408 3511 4461 im-

1925 4506 2076 4579 plere
2104 4514 2369 4571 ventrem,
2396 4515 2454 4562 et
2483 4521 2591 4560 non
2622 4504 3058 4575 impinguescere
3085 4519 3097 4554 :
3131 4500 3298 4572 porci,
3331 4500 3383 4554 id
3406 4508 3509 4564 est,

227 4596 455 4665 Spiritus
488 4608 742 4661 sanctus,
791 4598 919 4666 quia
952 4597 1097 4657 Siloe
1125 4596 1152 4636 ι)
1179 4600 1403 4665 missus,
1452 4598 1674 4659 dicitur.
1720 4595 1819 4650 υἱ·
1845 4592 1900 4654 D
1925 4602 2100 4657 stulti.
2134 4600 2629 4672 Mercenariipatris
2653 4600 2774 4664 mei,
2802 4597 2855 4652 id
2878 4607 2986 4661 est,
3011 4597 3104 4666 qui
3137 4594 3357 4649 viliores
3388 4601 3515 4649 sunt

231 4692 368 4744 mitte
394 4708 509 4744 eam
540 4700 589 4747 et
617 4692 717 4749 hoc
744 4708 882 4749 anno
902 4736 917 4759 ,
954 4690 1004 4747 id
1034 4699 1146 4758 est,
1195 4692 1547 4763 Evangelium
1580 4710 1590 4745 :
1617 4691 1817 4763 fodiam

229 4781 365 4835 circa
384 4782 554 4850 illam,
579 4782 631 4837 id
663 4792 770 4851 est,
802 4783 1097 4853 praedicem
1124 4802 1137 4838 :
1165 4785 1385 4857 cofﬁnus
1406 4785 1665 4851 stercoris,
1694 4800 1817 4855 pec-

232 4884 345 4931 cata
384 4877 638 4933 conliteri
668 4895 679 4929 :
714 4878 768 4931 in
794 4878 976 4945 futuro
1001 4919 1016 4945 ,
1058 4876 1110 4933 id
1148 4889 1268 4946 est,
1315 4877 1372 4933 in
1407 4876 1550 4933 diem
1597 4877 1815 4948 judicii.

236 4965 444 5037 Mulier,
473 4970 526 5027 id
559 4980 667 5035 est,
694 4970 990 5039 humanum
1026 4986 1199 5043 genus
1224 4990 1237 5027 :
1267 4973 1456 5042 spiritu
1476 4972 1815 5043 inﬁrmitatis,

234 5057 288 5114 id
314 5073 424 5131 est,
476 5063 583 5121 lide
616 5074 672 5118 et
702 5079 868 5134 opere
897 5082 911 5118 :
941 5081 1106 5119 annos
1146 5065 1319 5119 decem
1356 5074 1403 5119 et
1433 5074 1545 5119 octo
1572 5107 1585 5130 ,
1616 5065 1667 5121 id
1701 5077 1817 5132 est,

237 5154 349 5212 duae
394 5156 574 5230 leges,
604 5158 725 5219 sive
746 5158 847 5229 qui
893 5175 999 5221 non
1032 5159 1401 5231 impleverunt
1439 5159 1625 5215 decem
1657 5160 1821 5217 verba

240 5244 394 5316 legis,
425 5262 479 5306 et
528 5266 635 5315 non
669 5251 1018 5319 crediderunt
1065 5252 1117 5307 in
1166 5253 1619 5309 resurrectionem
1648 5294 1663 5319 ,
1696 5254 1818 5323 quia

239 5352 420 5396 octavo
464 5346 556 5402 die
605 5348 699 5401 lit:
734 5362 831 5418 per
873 5359 983 5404 tres
1020 5364 1213 5417 senos,
1249 5348 1512 5413 ostendit,
1552 5348 1694 5419 quod
1739 5350 1819 5402 in-

239 5428 386 5487 ﬁrma
428 5436 525 5493 luit
556 5448 683 5494 ante
714 5439 887 5509 legem
912 5483 925 5507 ,
971 5441 1071 5495 sul:
1111 5440 1252 5510 lege,
1286 5440 1386 5493 sub
1425 5441 1619 5511 gratia.
1656 5438 1821 5495 Incli-

240 5535 359 5581 nata
397 5533 462 5585 ad
509 5542 723 5600 terram,
758 5533 810 5589 id
848 5541 965 5602 est,
1015 5542 1227 5592 terrena
1260 5534 1535 5592 desideria
1567 5551 1580 5589 :
1612 5550 1819 5590 sursum

246 5728 731 5863 Im'bfgsptunximus
757 5734 848 5795 hic
870 5738 1097 5796 verbum
1125 5740 1388 5811 dixerunt,
1421 5738 1563 5815 quod
1591 5756 1813 5805 sensum

1921 4697 2063 4752 servi
2086 4697 2178 4752 Dei
2208 4714 2223 4750 :
2256 4694 2476 4768 panibus
2503 4702 2807 4749 saturantur
2833 4707 2851 4745 :
2893 4690 2946 4744 id
2971 4698 3056 4745 est
3083 4686 3350 4743 doctrina.
3384 4686 3517 4741 Pec-

1922 4792 2033 4846 cavi
2060 4791 2116 4844 in
2144 4790 2270 4845 caelo
2295 4832 2309 4855 ,
2344 4788 2443 4858 ipsi
2483 4787 2669 4841 dicunt
2698 4785 2823 4849 hoc,
2854 4784 2946 4854 qui
2989 4781 3268 4839 diabolum
3304 4788 3513 4849 patrem

1920 4884 2141 4945 habent.
2169 4883 2262 4952 qui
2290 4879 2534 4952 peccavit
2554 4881 2608 4933 in
2637 4879 2800 4934 creto.
2827 4874 3189 4931 Misericordia
3226 4883 3424 4941 motus,
3454 4874 3511 4930 id

1926 4986 2030 5042 est,
2058 4975 2209 5030 venit
2235 4976 2292 5027 in
2316 4987 2521 5028 carne:
2553 4972 2621 5025 ad
2650 4986 2824 5025 servos
2862 4985 3004 5033 suos,
3040 4969 3093 5023 id
3135 4978 3241 5038 est,
3275 4969 3343 5023 ad
3380 4982 3513 5037 apoc-

1924 5068 2094 5124 stolos
2122 5085 2135 5121 :
2168 5066 2300 5119 stola
2330 5066 2523 5134 prima,
2556 5061 2711 5131 ﬁdes,
2743 5077 2903 5131 quam
2923 5060 3093 5116 Adam
3123 5061 3395 5132 perdidit:
3420 5078 3514 5116 an-

1927 5163 2127 5226 nulum,
2163 5160 2213 5215 id
2243 5169 2346 5227 est,
2377 5172 2509 5215 crux
2542 5159 2596 5213 in
2642 5157 2819 5213 fronte
2846 5174 2862 5211 :
2893 5156 3258 5224 calciamenta,
3304 5157 3358 5212 id
3407 5166 3511 5221 est,

1928 5254 2274 5325 Evangelium
2306 5271 2318 5306 :
2350 5252 2569 5307 vitulum
2612 5252 2925 5321 saginatum,
2961 5250 3012 5305 id
3044 5260 3147 5318 est,
3172 5248 3422 5306 Christus
3446 5264 3517 5304 ex

1926 5349 2137 5405 duabus
2158 5347 2387 5417 legibus.
2418 5344 2656 5401 Mortuus
2678 5352 2809 5413 erat,
2841 5343 2897 5399 id
2923 5351 3028 5412 est,
3054 5343 3225 5398 Adam
3256 5362 3269 5396 :
3304 5342 3513 5404 revixit,

1929 5442 1979 5497 id
2012 5452 2115 5506 cst,
2145 5456 2243 5511 per
2273 5438 2597 5508 baptismum
2628 5456 2642 5492 :
2669 5438 2911 5510 perierat,
2946 5437 2999 5491 id
3026 5446 3131 5502 est,
3163 5436 3215 5490 in
3250 5434 3517 5503 despera-

1931 5536 2103 5596 tione;
2132 5535 2363 5588 inventus
2385 5542 2481 5600 est,
2500 5530 2551 5587 id
2574 5540 2677 5599 est,
2694 5530 2748 5587 in
2772 5546 2888 5603 spe.
2915 5528 3088 5585 Filius
3109 5529 3306 5598 senior,
3333 5527 3384 5581 id
3409 5536 3515 5596 est,

1995 5737 2154 5814 b_Pro
2187 5740 2347 5807 Siloe,
2377 5741 2520 5813 quod
2548 5743 2650 5799 loci
2680 5743 2895 5799 'nomen
2938 5750 3039 5809 est,
3084 5742 3140 5797 in
3186 5756 3299 5814 quo
3343 5738 3521 5800 turris

1927 5812 2152 5882 cecidit,
2183 5812 2443 5891 scriptum
2467 5824 2585 5875 erat
2607 5826 2769 5875 antea
2795 5814 2942 5874 Silva
2959 5862 2973 5891 ,
3003 5814 3153 5876 nullo
3179 5812 3381 5875 sensu.
