4050 6198
512 208 621 268 575

1542 208 1603 266 ε.
1647 205 2035 264 marmura:
2068 208 2355 269 OPERUM
2394 178 2763 267 MANTISSA.

3716 212 3841 272 576

516 326 691 384 Judaei
727 346 743 386 :
776 329 831 386 in
862 344 1009 403 agro,
1047 324 1103 381 id
1139 332 1223 381 est
1244 365 1260 392 ,
1308 322 1589 379 immundo
1618 322 1892 379 desiderio
1923 342 1935 377 :
1966 341 2108 395 sym—
2135 327 2189 388 Α
2212 335 2316 391 εει,
2350 326 2402 380 in
2425 323 2622 380 emtum
2651 342 2665 378 :
2695 322 2927 395 accipere
2955 338 3172 398 regnum
3203 322 3320 390 sibi,
3347 322 3401 380 id
3432 331 3539 392 est,
3574 336 3825 399 regnum

520 422 720 489 phania
746 434 796 478 et
822 424 1029 483 chorus,
1062 416 1112 470 id
1152 424 1260 483 est,
1297 414 1582 486 prophetia
1617 422 1675 469 et
1712 413 2106 486 Evangelium:

524 516 632 570 duo
656 517 812 580 servi,
846 513 897 568 id
927 519 1033 577 est,
1066 509 1254 578 Isaias,
1282 516 1391 564 etc.

593 608 829 663 Lazarus
853 604 1120 659 mendicus
1148 618 1169 657 :
1198 616 1393 657 nomen
1433 600 1685 672 pauperis
1713 600 1866 667 dicit,
1895 610 1949 656 et
1976 600 2114 656 divi-

522 701 593 757 tis
624 715 731 756 non
758 715 774 765 ;
804 696 1051 752 homines
1078 694 1255 751 bonos
1296 693 1527 764 scriptos
1555 692 1609 747 in
1640 693 1806 760 coelo,
1841 700 1897 749 et
1940 692 2114 748 malos

527 809 661 853 non.
699 792 1011 848 Vulneribus
1053 792 1257 861 plenus,
1289 790 1342 845 id
1386 797 1493 855 est,
1526 788 1763 860 peccatis
1793 806 1808 843 :
1838 789 1994 846 dives
2020 788 2114 845 Juo

523 888 672 945 (imos
700 885 996 957 signiﬁcat:
1012 897 1235 954 pauper,
1261 889 1481 953 gentes:
1505 897 1694 947 canes,
1718 882 1993 950 doctores,
2014 884 2113 954 qui

524 994 626 1051 per
655 977 894 1048 linguam
925 976 1148 1031 vulnera
1178 983 1395 1031 sanant.
1426 973 1494 1029 In
1526 977 1642 1030 sinu
1668 974 1910 1038 Abrahae,
1934 975 1987 1031 id
2010 985 2115 1043 est,

524 1072 580 1130 in
611 1069 850 1143 requie:
897 1070 1129 1142 sepultus
1162 1070 1219 1125 in
1264 1070 1487 1143 inferno,
1538 1069 1594 1125 id
1641 1078 1746 1138 est,
1789 1069 1842 1125 in
1886 1070 2065 1126 littera
2099 1089 2114 1125 :

524 1167 731 1222 elevans
762 1164 939 1220 oculos
968 1181 1110 1229 suos,
1138 1164 1262 1236 quia
1292 1162 1467 1220 Judaei
1494 1164 1636 1219 oculi
1666 1164 1906 1231 fuerunt,
1936 1164 1991 1220 id
2014 1173 2116 1231 est,

524 1258 657 1316 boni
691 1258 922 1315 vivendo
952 1273 1124 1329 usque
1167 1259 1236 1314 ad
1279 1258 1552 1314 Christum
1590 1277 1601 1311 :
1634 1258 1761 1313 vidit
1798 1258 2061 1314 Abraham
2100 1276 2118 1314 :

526 1353 611 1409 sic
633 1352 739 1408 erit
769 1360 890 1421 post
915 1350 1183 1421 judicium
1213 1349 1283 1406 de
1309 1349 1548 1420 inferna,
1591 1350 1855 1406 videbunt
1894 1366 2120 1423 regnum

530 1444 651 1512 Dei,
684 1454 745 1501 ut
769 1449 1034 1513 majorem
1066 1458 1284 1513 pmnam
1316 1442 1572 1510 habeant,
1606 1457 1636 1497 a
1666 1442 1872 1512 majore
1899 1443 2119 1514 gaudio.

533 1538 837 1594 Extremum
866 1539 1015 1606 digiti
1066 1538 1149 1593 sui
1192 1538 1246 1591 in
1292 1553 1448 1607 aqua,
1499 1534 1554 1591 id
1597 1544 1703 1600 est,
1752 1536 1845 1608 qui
1880 1537 2123 1593 modicas

531 1633 911 1704 eleemosynas
940 1630 1073 1686 dant
1103 1648 1117 1684 :
1150 1630 1354 1685 crucior
1401 1630 1455 1683 in
1505 1627 1605 1682 hac
1652 1631 1897 1700 ﬂamma,
1931 1628 1988 1685 id
2015 1640 2119 1698 est,

2215 418 2478 475 caeleste:
2508 426 2555 470 et
2580 416 2765 470 reverti
2786 416 2855 469 ad
2876 417 3158 488 judicium.
3196 416 3390 472 Decem
3422 418 3592 487 servi,
3621 418 3677 475 id
3708 429 3830 489 est,

2214 523 2376 565 omne
2412 522 2585 580 genus
2614 508 2907 563 humanum
2936 525 2953 565 :
2999 508 3189 565 decem
3217 523 3375 579 mna,
3406 508 3599 567 decem
3642 510 3829 569 verba

2214 603 2347 675 legis
2373 620 2385 655 :
2418 602 2566 657 cives
2592 601 2734 672 ejus,
2767 601 2819 657 id
2847 608 2952 668 est,
2976 600 3169 657 Judaei.

2288 693 2549 749 Miserum
2577 695 2917 766 legationem,
2950 692 3005 749 id
3034 701 3136 760 est,
3168 694 3498 753 occisionem
3533 698 3829 769 apostolo~

2214 804 2335 844 rum
2364 807 2378 844 :
2410 788 2619 861 primus
2648 803 2858 855 servus,
2890 797 2946 844 et
2964 788 3235 844 secundus
3258 790 3394 846 ordo
3412 792 3829 864 apostolorum.

2217 882 2339 939 Mna
2362 882 2784 953 uniuscujusque
2810 878 3192 949 servi;'id'est,
3226 882 3505 955 Scriptura
3533 902 3547 940 :
3579 895 3635 943 et
3660 888 3831 943 simi-

2216 976 2297 1033 les
2342 977 2455 1046 sui,
2500 983 2793 1047 utrumque
2838 968 3329 1049 invenit.'£apides
3362 970 3833 1046 Tclm'nabuntfyid
3874 978 3877 979 ⁷

2218 1078 2348 1126 ευηι
2386 1077 2576 1140 gentes
2617 1087 2632 1124 :
2684 1068 2856 1125 Judaai
2900 1078 3188 1125 tacuerunt
3230 1087 3247 1125 :
3292 1071 3436 1141 ﬂevit
3460 1065 3840 1142 ;super‘eam,,'

2220 1164 2463 1221 ostendit
2502 1179 2604 1219 nos
2632 1162 2766 1220 ﬂere
2812 1171 3027 1234 peccata
3061 1169 3281 1219 nostra:
3313 1150 3707 1220 circumdabant
3740 1174 3793 1220 te
3811 1172 3835 1229 ,τ

2221 1258 2275 1314 id
2315 1266 2427 1324 est,
2474 1257 2702 1313 Romani
2747 1252 3243 1313 circumdederunt.
3273 1253 3434 1313 eam:
3468 1250 3694 1329 undique
3720 1258 3839 1325 ,εἰει
3888 1260 3894 1265 ’

2222 1357 2338 1417 εει,
2371 1351 2539 1416 intus,
2581 1359 2636 1405 et
2670 1346 2872 1405 forasb
2901 1368 2913 1402 :
2954 1348 3022 1403 ad
3068 1356 3259 1402 terram
3280 1346 3377 1417 ,iid
3396 1358 3517 1415 est,
3556 1350 3610 1404 in
3643 1346 3833 1413 infer-ﬁ

2222 1458 2352 1499 num
2382 1458 2397 1497 :
2429 1442 2596 1512 ﬁlius,
2622 1440 2675 1496 id
2697 1447 2802 1510 est,
2823 1439 3083 1495 virtutes:
3112 1440 3258 1511 quod
3286 1438 3739 1509 lacieb’at'in'die,‘
3766 1442 3829 1495 in

2225 1546 2384 1591 nocte
2405 1535 2617 1590 ruebat.
2648 1531 2923 1606 Ingressus
2964 1533 3017 1586 in
3047 1533 3311 1603 temmttm,
3330 1531 3533 1600 idest,
3566 1531 3831 1602 quia'die-

2226 1627 2511 1684 Dominico
2539 1625 2762 1681 intravit
2791 1626 2844 1680 in
2882 1623 3509 1695 templumuQucereba‘nt
3538 1618 3841 1691 eum’per—~
3876 1657 3883 1663 ο

533 1724 755 1797 propria
788 1738 947 1794 pmna
976 1741 988 1778 :
1021 1723 1178 1777 chaos
1204 1735 1467 1794 magnum,
1492 1719 1546 1775 id
1575 1728 1683 1786 est,
1720 1720 1972 1777 confusio
2001 1736 2120 1777 om-
2153 1728 2201 1789 Β
2227 1722 2365 1787 dere,
2394 1719 2635 1775 ostendit
2667 1734 2867 1774 novem
2898 1718 3111 1785 servos,
3138 1718 3580 1788 qui'non'nega'ti
3607 1712 3740 1779 sunt

532 1817 683 1872 nium
702 1831 907 1882 rerum,
925 1815 1040 1870 sive
1055 1825 1211 1870 vetus
1232 1813 1371 1880 Lex,
1387 1813 1644 1882 Recepisti
1658 1813 1791 1868 bona
1811 1814 1865 1867 in
1886 1815 1990 1868 vita
2009 1824 2121 1883 tua,

534 1907 592 1964 id
618 1918 724 1975 est,
752 1909 954 1964 bonum
999 1906 1205 1971 fecisti,
1239 1904 1497 1975 recepisti
1531 1923 1543 1959 :
1577 1903 1811 1961 Lazarus
1856 1906 2021 1976 mala,
2067 1908 2123 1963 id

533 2010 664 2069 εει,
722 2001 846 2070 quia
889 1998 1182 2054 vindictam
1239 1998 1308 2054 de
1363 1997 1523 2054 malis
1583 1999 1704 2055 suis
1766 1999 1821 2054 in
1881 2001 1990 2055 vita
2024 2016 2124 2056 sua

534 2107 643 2149 non
672 2090 898 2162 recepit.
949 2091 1192 2163 Quinque
1230 2091 1442 2161 fratres,
1494 2090 1547 2146 id
1579 2100 1683 2159 est,
1712 2092 1954 2163 quinque
2002 2092 2126 2149 libri

532 2186 726 2257 Moysi,
755 2185 1125 2242 observabant
1151 2185 1363 2257 signum
1396 2203 1407 2239 :
1432 2202 1499 2241 ea:
1524 2187 1744 2241 mortuis
1764 2187 2120 2254 resurrexerit,

531 2278 588 2336 id
625 2278 827 2334 factum
855 2285 961 2345 est,
993 2276 1214 2333 Christo
1242 2286 1566 2349 resurgente
1612 2295 1625 2330 :
1675 2276 1768 2332 alii
1797 2294 1863 2333 ex
1892 2278 2123 2346 Judteis,

537 2373 910 2430 crediderunt.
939 2372 1004 2429 Si
1032 2373 1165 2444 lapis
1192 2374 1404 2427 moralis
1424 2413 1439 2439 ,
1472 2371 1524 2427 id
1554 2381 1660 2441 est,
1693 2372 1740 2427 si
1770 2372 2003 2444 gentiles
2024 2381 2126 2429 llut

536 2482 709 2540 equus
734 2469 949 2524 malens
971 2483 1077 2524 non
1107 2467 1281 2533 videt,
1309 2467 1398 2523 cui
1432 2465 1623 2533 servit,
1654 2465 1734 2521 sic
1763 2466 2125 2539 philosophus

541 2558 705 2616 docet
735 2559 1155 2631 philosophiam,
1188 2575 1310 2631 quae
1338 2559 1417 2614 illi
1450 2575 1561 2615 nou
1593 2559 1837 2630 prodest,
1871 2561 1967 2616 sed
1998 2577 2126 2616 san-

538 2664 643 2711 ctae
674 2653 935 2710 Ecclesia:
964 2671 979 2710 :
1010 2670 1141 2726 auge
1186 2655 1335 2710 nobis
1372 2653 1549 2725 ﬁdem,
1582 2652 1637 2708 id
1666 2662 1772 2719 est,
1809 2654 1935 2710 dum
1964 2669 2130 2728 auges

540 2748 878 2803 mandatum.

550 2888 551 2891 η
618 2837 757 2892 Huic
785 2838 957 2893 arbori
1000 2854 1165 2909 mora,
1196 2838 1267 2895 'id
1304 2848 1409 2910 est,
1457 2840 1771 2914 Evangelio,
1805 2843 1948 2915 quod
1979 2843 2130 2900 rubi-

543 2928 780 2985 cundam
810 2928 1013 2988 Christi
1055 2946 1274 2989 crucem
1318 2934 1529 2990 nuntiat
1560 2953 1572 2990 :
1602 2934 1743 2991 sicut
1787 2951 1942 2991 moro
1984 2934 2133 2991 rubi-

542 3022 755 3078 cundus
782 3032 871 3079 est
902 3041 916 3078 :
947 3024 1237 3093 eradicare,
1265 3026 1318 3081 id
1347 3035 1451 3094 est,
1482 3042 1513 3082 e
1543 3028 1742 3097 populo
1769 3026 1995 3083 Judaico
2040 3046 2052 3081 :
2083 3036 2132 3083 et

542 3119 951 3190 transplantare,
978 3121 1032 3176 in
1061 3121 1262 3192 populo
1288 3122 1503 3192 gentili,
1528 3119 1583 3174 id
1610 3132 1714 3188 est,
1741 3123 1905 3177 arbor
1932 3137 2087 3178 moro
2115 3141 2128 3177 :

538 3213 567 3270 Ι
569 3224 756 3270 ructus
775 3214 892 3285 ejus
914 3215 1122 3285 primus
1142 3215 1321 3283 albus,
1348 3222 1534 3285 postea
1558 3213 1918 3282 rubicundus,
1939 3215 2135 3273 deinde

545 3309 741 3378 niger:
776 3310 850 3365 ita
881 3309 1153 3377 diabolus,
1196 3310 1331 3365 dum
1378 3310 1603 3380 angelus
1644 3308 1800 3365 albus
1827 3308 1951 3377 fuit,
1985 3311 2136 3381 niger

545 3404 604 3459 in
634 3404 921 3461 occasione
938 3405 1091 3473 Adae,
1111 3404 1316 3460 rubcus
1340 3403 1394 3459 in
1420 3403 1722 3460 homicidio
1741 3402 1875 3460 Cain
1900 3412 1957 3460 et
1975 3402 2132 3459 Abel.

542 3494 667 3551 Duo
689 3496 962 3567 molentes,
996 3495 1235 3553 ostendit
1263 3496 1401 3551 duas
1430 3494 1731 3564 Ecclesias,
1774 3494 1859 3551 vel
1899 3495 2005 3550 duo
2033 3494 2135 3549 Τε-

546 3595 819 3642 stamenta
851 3587 1053 3657 :judex
1084 3598 1140 3645 et
1165 3588 1326 3644 vidua
1355 3588 1425 3644 de
1453 3587 1793 3659 semiplenis,
1838 3596 1893 3644 et
1919 3588 2136 3659 patien-

546 3675 681 3731 tiam
706 3677 931 3733 habebit
961 3680 1014 3734 in
1046 3681 1174 3747 illis,
1206 3681 1302 3737 sed
1328 3696 1437 3737 non
1463 3696 1683 3753 semper
1705 3680 1981 3737 tacebunt.
2014 3680 2135 3737 Duo

547 3772 911 3838 ascenderunt,
938 3789 1076 3828 unus
1104 3776 1486 3844 magniticabat
1515 3777 1856 3832 sanctitatem
1894 3791 2050 3832 suam
2081 3785 2137 3831 et

546 3864 862 3936 perdiderat
890 3879 1050 3919 eam:
1081 3865 1220 3920 alter
1252 3865 1630 3936 ntagniiicabat
1657 3878 1873 3939 peccata
1916 3884 2035 3935 sua,
2080 3879 2136 3925 et

545 3957 827 4028 perierunt
852 3974 867 4012 :
887 3958 1077 4030 jejuno
1106 3959 1183 4012 bis
1212 3959 1267 4014 in
1294 3959 1521 4026 sabbato,
1552 3960 1605 4015 id
1641 3971 1745 4029 εει,
1779 3962 1985 4034 absque
2012 3963 2135 4021 cibo

545 4061 601 4107 et
633 4051 881 4106 muliere.
912 4050 1056 4116 Quid
1082 4052 1293 4121 faciam,
1323 4061 1378 4107 ut
1411 4054 1569 4107 vitam
1613 4063 1858 4110 cateruam
1887 4056 2139 4111 habeam?

548 4146 602 4202 id
625 4157 731 4213 est,
766 4156 823 4202 ut
850 4163 1015 4219 supra
1036 4149 1259 4213 dictum,
1282 4151 1464 4206 talium
1485 4163 1558 4208 est
1585 4170 1800 4227 regnum
1816 4154 1918 4209 Dei
1938 4172 1958 4209 :
1982 4165 2039 4211 ει
2067 4157 2137 4211 ita

546 4239 882 4299 Nicodemus
912 4243 1166 4300 similiter
1192 4246 1487 4316 cogitabat,
1518 4250 1775 4318 quomodo
1802 4259 1964 4321 potest
1984 4250 2137 4307 homo

544 4334 731 4387 iterant
755 4337 1004 4391 renasci?
1035 4335 1160 4392 Non
1183 4338 1409 4405 occides,
1439 4349 1497 4395 et
1537 4341 1742 4411 reliqua
1777 4358 1791 4396 :
1822 4357 1993 4411 quare
2020 4347 2138 4400 haec

544 4425 703 4493 dixit,
732 4428 855 4497 quia
884 4428 936 4483 in
966 4428 1085 4500 ipso
1114 4430 1343 4485 corruit.
1376 4430 1505 4485 Cum
1534 4434 1969 4505 appropinquaret
2009 4436 2139 4493 Hie-

541 4518 671 4585 rico,
700 4518 752 4574 id
783 4530 888 4586 εει,
917 4536 1045 4576 cum
1076 4523 1225 4578 venit
1248 4523 1316 4579 ad
1345 4525 1794 4583 incarnationem.

630 4610 718 4666 Vir
750 4614 955 4669 nomine
982 4614 1258 4686 Zaclueus,
1294 4618 1343 4672 id
1373 4627 1479 4687 est,
1509 4618 1727 4675 Judaeus
1772 4619 1896 4688 fuit,
1944 4629 2001 4678 et
2042 4623 2134 4679 Ju-

543 4700 693 4758 dzcos
714 4704 1022 4775 signiﬁcat;
1053 4707 1470 4779 interpretatur,
1490 4711 1836 4781 justiﬁcatus,
1876 4713 2016 4770 sicut
2044 4715 2137 4771 Ju-

546 4795 653 4853 duzi
682 4812 743 4853 se
765 4798 1067 4869 justificant
1092 4820 1105 4856 :
1132 4813 1343 4872 propter
1364 4804 1586 4870 turbam,
1611 4805 1662 4859 id
1685 4814 1798 4874 est,
1828 4808 2136 4867 divitiarum

545 4901 602 4945 et
614 4892 872 4948 vitiorum
888 4911 903 4948 :
919 4896 973 4947 in
985 4896 1190 4963 arbore,
1208 4897 1257 4950 id
1272 4908 1353 4953 est
1368 4898 1565 4954 crucis:
1582 4900 1852 4957 dimidium
1867 4904 2140 4976 bonorum,

550 4982 606 5038 id
633 4992 736 5049 est,
764 4986 1083 5044 substantia:
1115 5002 1251 5043 metu
1272 5007 1287 5045 :
1309 4991 1375 5045 do
1394 4992 1726 5063 pauperibus,
1759 4996 1810 5051 id
1833 5008 1939 5067 est,
1962 4998 2144 5072 frange

550 5078 798 5133 esurienti
822 5096 1010 5149 partem
1051 5093 1196 5137 tuum
1234 5100 1254 5138 :
1289 5097 1336 5138 et
1375 5089 1420 5140 si
1467 5087 1593 5154 quid
1624 5090 1884 5160 fraudavi,
1930 5094 2143 5148 reddant

551 5172 945 5242 quadrupulari:
968 5192 988 5229 :
1016 5175 1123 5231 hoc
1157 5177 1213 5231 in
1244 5176 1387 5248 Lege
1414 5179 1793 5249 deIanimabns
1816 5184 2040 5250 dictum,
2089 5198 2144 5243 et

550 5266 604 5320 in
630 5264 931 5336 Evangelia
958 5267 1027 5322 de
1046 5270 1192 5322 omni
1219 5279 1469 5326 creatura
1491 5272 1710 5330 dicitur.
1737 5275 1908 5331 Homo
1930 5279 2139 5348 nobilis,

550 5358 604 5416 id
633 5370 742 5429 est,
771 5358 1052 5429 Christus,
1103 5361 1230 5416 abiit
1274 5364 1331 5417 in
1372 5366 1635 5437 regionem
1674 5369 2012 5443 longinquam
2034 5413 2050 5439 ,
2083 5370 2139 5429 id

622 5544 869 5629 :Neque
899 5546 1000 5602 hoc
1029 5544 1188 5601 libuit
1213 5546 1452 5618 explere,
1490 5550 1633 5622 quod
1675 5562 1831 5609 vacat
1876 5554 1931 5610 in
1976 5556 2137 5629 origi-

549 5617 655 5687 nali
685 5617 951 5687 spatium.

618 5684 646 5765 ξ
677 5684 987 5765 Legebatur
1031 5686 1275 5765 alterum,
1306 5704 1415 5765 uno
1445 5696 1609 5751 verbo
1660 5712 1758 5765 pro
1784 5697 1853 5750 ad
1882 5700 2095 5753 terram‘:
2121 5717 2138 5753 :

546 5756 641 5813 sed
670 5770 780 5813 nec
807 5756 1156 5827 subsequens
1195 5758 1458 5821 isocolum
1505 5756 1703 5826 mendo
1739 5778 1913 5829 caret.
1945 5768 2003 5828 lu
2034 5770 2143 5830 line

2161 4520 2215 4581 D

2224 1814 2547 1869 ministeriis
2577 1814 2693 1869 suis
2723 1831 2735 1868 :
2769 1812 2923 1868 homo
2945 1812 3161 1884 quidam
3181 1853 3207 1879 ,.
3222 1810 3275 1866 id
3307 1818 3419 1878 est;
3439 1806 3584 1866 Deus
3602 1804 3826 1879 Pater:

2225 1907 2478 1978 plantavit
2496 1907 2721 1975 vineam,
2750 1906 2805 1963 id
2828 1916 2931 1973 est,
2959 1906 3179 1962 Judazos
3204 1922 3219 1960 :
3252 1903 3454 1972 coloni,
3485 1904 3539 1959 id
3567 1914 3712 1973 sunt,
3746 1904 3827 1959 le-

2224 1999 2509 2069 gislatures
2535 2018 2548 2053 :
2578 2001 2689 2072 ipse
2718 2016 2929 2073 peregre
2958 2001 3082 2073 fuit,
3108 2000 3160 2054 id
3186 2000 3511 2065 est,‘omnes
3537 1994 3746 2054 dimisit

2225 2090 2476 2147 libertate
2496 2092 2705 2148 arbitrii
2727 2092 2813 2148 sui
2839 2111 2852 2148 :
2876 2093 3111 2165 primum
3131 2094 3373 2157 servum,
3396 2080 3823 2171 id‘es't,’tlsaiam‘:

2226 2184 2553 2251 secundum,
2596 2184 2651 2239 id
2689 2194 2809 2255 est,
2838 2185 3173 2241 Jeremiam:
3204 2186 3431 2242 tertium
3451 2188 3475 2252 ,’
3494 2172 3546 2241 id
3570 2194 3656 2241 εει
3670 2178 3828 2252 ,;Da-

2229 2277 2339 2333 niel
2364 2295 2378 2331 :
2406 2286 2555 2333 extra
2576 2278 2801 2342 vineam,
2830 2277 2886 2333 id
2914 2287 3019 2347 est,
3048 2288 3200 2334 extra
3229 2278 3559 2335 Jerusalem.-
3583 2277 3722 2347 Quid
3746 2270 3837 2348 fa:

2227 2368 2325 2423 ciet
2363 2368 2603 2423 dominus
2635 2368 2794 2424 uinea:
2823 2385 2841 2424 :
2872 2371 3006 2426 venit
3034 2380 3083 2424 et
3110 2370 3373 2440 perdidit,
3408 2369 3463 2425 id
3500 2378 3616 2439 est,
3645 2368 3829 2424 malus

2229 2462 2391 2519 maia.
2424 2462 2866 2534 Conquassabitur
2886 2505 2900 2529 ,
2933 2463 2989 2518 id
3022 2473 3138 2531 est,
3167 2478 3333 2521 cruce
3361 2466 3609 2519 conteret
3627 2461 3841 2517 volun-»

2230 2564 2372 2613 tates
2399 2556 2519 2628 ejus
2544 2574 2558 2612 :
2583 2557 2894 2612 comminuet
2920 2556 3073 2611 illum
3093 2576 3113 2612 :
3143 2557 3196 2613 id
3222 2567 3327 2625 est,
3358 2558 3411 2613 in
3433 2556 3830 2613 vindicta‘em-

2232 2648 2334 2705 cis.
2388 2648 2524 2705 Gens
2574 2650 2632 2704 in
2667 2652 2917 2721 gentem,
2958 2650 3015 2706 id
3059 2660 3175 2719 est,
3224 2666 3357 2722 gens
3403 2642 3461 2707 in
3509 2650 3830 2707 Romanos:

2231 2758 2448 2815 regnum
2493 2743 2548 2796 in
2594 2758 2784 2812 regno,
2820 2742 2874 2797 id
2903 2750 3031 2811 est,
3074 2742 3479 2801 aliiadversus
3509 2742 3828 2799 Romanos:

2236 2845 2495 2901 terrores,
2542 2833 2599 2890 id
2645 2841 2765 2902 est,
2819 2824 3095 2905 quadrigae
3135 2836 3365 2891 in'aere
3417 2829 3825 2892 audiebantur:

2238 2928 2389 2999 signa
2417 2935 2589 2994 erunt,
2627 2938 2687 2981 ut
2714 2926 3002 2997 fuitsupra
3029 2926 3331 2982 Jerusalem
3362 2926 3520 2982 stella
3553 2943 3679 2983 cum
3709 2928 3829 2999 gla-

2238 3022 2329 3076 dio
2360 3021 2517 3093 igneo
2546 3039 2561 3078 :
2592 3022 2897 3093 contingunt
2947 3021 3003 3077 in
3033 3022 3353 3089 testimonia,
3382 3021 3437 3075 id
3466 3032 3589 3088 est,
3622 3021 3696 3078 de
3738 3020 3835 3078 Ju-

2159 3121 2207 3187 C
2236 3113 2369 3170 daeis
2415 3114 2484 3169 ad
2528 3114 2751 3171 Gentes.
2785 3114 2900 3186 Ego
2929 3114 2998 3168 do
3029 3115 3172 3170 vobis
3212 3132 3269 3169 as
3303 3122 3349 3168 et
3389 3115 3733 3187 sapientiam,
3780 3116 3833 3170 in

2238 3208 2422 3280 Moyse
2452 3209 2673 3279 dicitur,
2710 3210 2946 3266 Ostendit
2974 3210 3064 3265 tibi
3098 3210 3600 3278 Deussapientiam.

2310 3323 2542 3395 Capillus
2569 3326 2634 3379 de
2660 3327 2827 3397 capite
2871 3343 2977 3381 non
3004 3325 3189 3399 peribit
3202 3330 3226 3394 ,'
3251 3325 3305 3380 id
3330 3312 3453 3395 εει,
3480 3326 3833 3383 mortalitate.

2236 3415 2531 3470 Jerusalem
2553 3416 2860 3483 calcabitur,
2884 3417 2935 3472 id
2964 3430 3069 3487 est,
3091 3410 3632 3473 idolaadorabuntur
3655 3419 3712 3473 in
3737 3434 3797 3475 ea
3822 3436 3834 3470 :

2238 3509 2400 3562 donec
2438 3509 2755 3580 impleantur
2784 3520 3018 3581 tempora
3064 3512 3324 3583 gentium,
3362 3510 3415 3567 id
3445 3521 3569 3579 est,
3614 3509 3839 3567 Judu‘os

2237 3616 2539 3657 conversos
2575 3601 2631 3656 in
2650 3592 2820 3657 tinem
2850 3603 3059 3662 mundi.
3093 3585 3267 3675 Signa
3287 3605 3341 3659 in
3370 3606 3500 3671 sole,
3531 3604 3582 3660 id
3607 3612 3715 3673 est,
3744 3605 3838 3659 lit-

2240 3702 2408 3750 teram
2440 3710 2453 3747 :
2485 3710 2646 3748 sonus
2671 3696 2831 3750 maris
2850 3738 2865 3763 ,
2896 3695 2951 3751 id
2981 3705 3064 3752 est
3090 3706 3107 3763 ξ
3137 3694 3343 3752 factum
3372 3707 3457 3752 εει
3487 3713 3631 3752 mare
3659 3696 3841 3753 Sodo-

2238 3787 2483 3842 miticum
2507 3831 2521 3855 ,
2561 3789 2742 3857 pisces
2772 3805 2901 3845 suos
2949 3792 3003 3845 in
3030 3797 3174 3844 terra
3210 3789 3398 3859 jaciet.
3437 3789 3741 3845 Venientem
3774 3788 3840 3844 ‘in

2239 3880 2457 3935 nubibus
2480 3881 2616 3947 cmli,
2647 3880 2700 3936 id
2732 3891 2843 3949 est,‘
2871 3882 2927 3937 in
2954 3880 3236 3954 prophetis
3262 3890 3318 3937 et
3345 3882 3623 3953 apostolis.
3654 3881 3840 3937 Ficul-

2238 3974 2410 4030 nea'et
2437 3974 2760 4043 arbares,'id
2798 3984 2910 4044 est,
2960 3990 3236 4048 synanoga
3266 3984 3321 4031 et
3360 3976 3631 4031 homines.
3663 3973 3732 4030 In
3759 3976 3841 4028 die

2240 4068 2430 4124 docens
2453 4070 2505 4125 in
2538 4070 2806 4139 temptant.
2832 4069 2880 4123 id
2925 4080 3038 4135 εει,
3074 4069 3339 4124 laboravit
3361 4085 3484 4124 cum
3514 4068 3719 4124 Iudaeis
3747 4085 3760 4122 :
3789 4068 3839 4121 in

2240 4171 2417 4229 nocte,
2460 4161 2517 4215 in
2546 4170 2720 4216 monte
2750 4160 2977 4226 Oliveti,
3018 4159 3072 4214 id
3116 4168 3241 4230 est,
3284 4160 3664 4231 requiescebat
3713 4174 3836 4215 cum

2238 4256 2510 4327 gentibus.
2766 4270 2771 4283 κ
3286 4272 3289 4275 λ

2240 4366 2241 4369 ‘
2313 4348 2485 4403 Homo
2525 4350 2835 4418 amphoram
2872 4364 3020 4419 aqum
3044 4358 3287 4419 portans,
3316 4347 3371 4403 id
3402 4356 3511 4415 est,
3539 4346 3755 4419 Moyses
3783 4354 3841 4403 et

2238 4440 2478 4497 Joannes
2506 4442 2749 4513 Baptista
2783 4458 2797 4494 :
2828 4443 3013 4497 domus
3040 4442 3307 4509 camaculi,
3333 4441 3386 4497 id
3411 4452 3515 4511 est,
3542 4440 3786 4498 Ecclesia
3812 4452 3829 4495 :

2238 4545 2455 4591 stratum
2477 4578 2493 4603 ,
2526 4536 2579 4591 id
2609 4545 2721 4603 est,
2754 4522 2916 4593 fidem
2966 4536 3249 4593 Trinitatis
3283 4554 3298 4595 :
3346 4536 3507 4592 donec
3550 4535 3830 4609 impleatur

2239 4645 2454 4701 regnum
2481 4630 2600 4696 Dei,
2632 4629 2684 4685 id
2705 4638 2810 4695 est,
2844 4630 3213 4687 ministerium
3246 4645 3503 4702 magnum
3531 4630 3683 4686 :duo
3706 4629 3836 4687 cali-

2240 4739 2332 4779 ces
2365 4739 2527 4778 unum
2556 4738 2677 4778 cum
2701 4739 2861 4796 aqua,
2893 4708 3275 4784 alterum'cum
3307 4727 3459 4793 vino,
3486 4725 3541 4783 id
3569 4735 3678 4795 est,
3710 4740 3831 4784 cum

2242 4819 2463 4875 mixtico
2502 4835 2657 4890 aqua:
2686 4826 2752 4876 et
2798 4822 2909 4876 vini
2960 4823 3013 4877 in
3063 4821 3233 4878 calice
3273 4841 3287 4876 :
3322 4822 3510 4877 vinum
3552 4837 3658 4876 una
3700 4836 3833 4894 aqua

2244 4913 2484 4970 omendit
2508 4916 2820 4985 passionem
2844 4932 2942 4988 per
2962 4916 3315 4988 baptismum.
3342 4914 3614 4987 Numquid
3641 4913 3836 4988 aliquid

2248 5005 2433 5076 defecit
2479 5008 2651 5072 vobis,
2691 5010 2908 5079 quando
2940 5010 3101 5065 ﬂebat
3127 5024 3248 5065 cum
3293 5009 3401 5067 illis
3428 5010 3481 5066 in
3510 5024 3754 5074 carnem,
3780 5005 3832 5062 id

2245 5110 2349 5165 est,
2396 5104 2726 5175 prwcipiebat
2756 5104 2866 5159 illis
2904 5121 3008 5159 nan
3036 5104 3222 5159 habere
3248 5120 3426 5159 curam
3458 5102 3636 5160 saeculi
3660 5118 3680 5156 :
3703 5100 3831 5155 dum

2245 5204 2426 5249 autem
2477 5194 2549 5249 ab
2593 5196 2702 5250 illis
2747 5212 2807 5252 se
2850 5204 3109 5268 separat,
3142 5195 3349 5252 habere
3388 5195 3599 5252 unicam
3629 5192 3832 5249 ﬁdem:

2248 5295 2383 5340 emat
2422 5287 2655 5361 gladium
2676 5330 2690 5355 ,
2721 5286 2776 5343 id
2802 5298 2887 5345 est
2907 5330 2923 5356 ,
2953 5288 3152 5361 Legem
3177 5306 3190 5342 :
3229 5287 3334 5341 duo
3362 5288 3544 5360 gladii,
3576 5286 3635 5343 id
3680 5293 3831 5351 sunt,

2248 5377 2368 5433 dua:
2398 5378 2590 5450 Leges.

2246 5556 2629 5632 sectio_nis>ubi
2660 5556 2881 5632 dicitur,
2915 5557 3027 5630 Ego
3053 5559 3290 5632 defvobis
3322 5577 3403 5632 as,
3434 5570 3482 5616 et
3507 5560 3831 5632 sapientiam,

2246 5638 2367 5711 erat
2390 5627 2532 5701 Ergo
2557 5630 2620 5683 de
2653 5628 2919 5711 τοιῇδ-ρος,
2953 5627 3061 5686 etc.
3086 5631 3363 5711 Ejusmodi
3390 5633 3499 5711 alia
3524 5627 3687 5711 tertio
3708 5646 3837 5707 quo-

2224 5700 2541 5775 ique'versu
2564 5700 2948 5772 occurrebant,
2980 5718 3102 5774 quae
3129 5700 3333 5761 referre
3355 5703 3520 5777 piget.
3544 5770 3553 5783 ι
