4050 6198
839 235 1203 301 EXPOSITIO
1238 234 1575 310 QUATUOR
1612 231 2185 296 EVANGELIORUM.
2226 226 2552 292 JOANNES.
3243 220 3349 283 578

228 360 345 417 "ilius
371 356 563 416 hominis
584 356 765 415 sedens
815 375 850 412 a
902 357 1097 412 dextris
1136 353 1338 409 virtutis
1362 370 1381 409 :
1409 360 1470 409 ut
1512 352 1659 409 Dixit
1683 353 1739 414 A
1762 349 2013 407 Christus
2033 357 2119 405 est
2146 367 2160 402 :
2193 348 2248 402 in
2276 345 2496 402 tenebris
2526 340 2686 409 ludt,
2714 340 2768 399 id
2795 349 2918 409 est,
2949 338 3005 399 in
3033 340 3231 414 popqu
3255 339 3353 398 Ju-

227 454 349 508 ninus
370 452 565 507 Domino
592 467 737 519 meo,
769 459 825 506 et
853 447 1081 519 reliqua.
1110 445 1177 500 In
1208 453 1341 501 veste
1368 446 1485 501 alba
1511 445 1663 500 remi-
1766 443 2009 501 decorum
2038 457 2139 513 per
2167 440 2362 511 Legem
2394 447 2447 493 et
2473 434 2768 507 prophetas
2800 453 2813 489 :
2845 434 3016 491 Judei
3069 451 3191 492 eum
3240 450 3351 492 non

227 564 317 601 mm
340 546 397 601 ad
416 545 664 613 Pilatum,
696 543 748 598 id
774 550 899 611 est,
930 543 983 597 in
1015 539 1121 595 ﬁde
1158 538 1439 594 Trinitatis
1472 556 1484 591 z
1517 539 1665 594 venit
1764 542 2139 607 cognoverunt
2166 552 2179 585 ι
2204 542 2313 587 erat
2338 532 2429 586 luas
2452 546 2596 597 vera,
2620 544 2734 599 qua:
2757 527 3017 583 illuminat
3040 545 3237 585 onmem
3258 530 3356 585 Iro-

227 648 392 713 ;entes,
417 637 473 693 ad
495 638 704 708 plebem
732 635 914 691 Israel.
943 632 1097 687 Facti
1117 640 1235 686 sunt
1263 631 1449 693 amici,
1477 630 1532 686 id
1559 641 1664 696 est,
1765 632 1959 686 minem
1985 672 2001 698 ,
2034 638 2091 686 et
2137 628 2384 699 reliqua:
2418 626 2509 680 lux
2543 639 2672 679 vera
2713 623 2982 678 illuminat
3034 624 3307 681 nascendo
3336 667 3352 692 ,

228 748 333 805 rque
351 730 553 804 populus
582 729 651 786 ad
682 729 842 785 tidem
870 725 1095 783 Christi.
1129 724 1371 780 Herodes
1401 722 1665 794 signiﬁcat
1766 719 2352 789 nutriendo,vivendo,
2376 726 2432 775 et
2451 732 2546 788 per
2574 716 2803 789 gratiam
2839 715 3091 787 baptismi
3117 715 3354 787 Spiritus

230 825 355 879 ulum
374 822 591 893 gentium
608 839 622 876 :
639 819 861 885 Pilatus,
887 817 1127 875 Judaeos.
1147 816 1445 875 Leviathan
1467 824 1492 852 ει
1512 814 1668 870 densi
1767 838 1827 878 sa

1767 823 1974 888 sancti,
2026 818 2297 875 illuminat
2325 812 2612 870 scientiam
2647 832 2661 867 :
2690 813 2745 867 in
2773 811 2966 866 mundo
2997 812 3161 877 venit,
3211 827 3361 865 mutt-

228 934 308 973 ma
328 958 342 984 ,
369 914 611 971 Barabbas
648 915 793 971 (ilius
820 912 1019 969 diaboli
1051 911 1266 966 dicitur.
1314 908 1464 965 Flete
1512 925 1669 979 super
1770 917 1895 970 dum
1924 930 2027 968 ηοη
2049 911 2285 984 cognovit
2309 949 2327 975 ,
2359 907 2411 964 id
2440 915 2559 975 est,
2589 904 2824 977 populus
2853 902 3160 959 Judaaorum
3191 919 3206 957 :
3236 917 3361 973 pars

256 1009 302 1065 id
329 1017 432 1076 est,
476 1024 632 1079 super
686 1015 902 1078 gentem
933 1012 1170 1060 vestram
1208 1010 1374 1055 :tunc
1425 1002 1670 1072 incipient
1769 1010 1855 1065 an.

1769 1010 1969 1075 aliena,
1998 1022 2126 1078 pars
2155 1004 2335 1075 aliqua
2382 999 2645 1072 cognovit
2687 1014 2811 1055 eum
2837 1016 2849 1050 :
2877 998 2932 1052 in
2959 1013 3052 1051 sua
3082 996 3218 1050 venit
3245 1040 3259 1064 ,
3306 996 3363 1050 in

230 1120 296 1169 re,
325 1102 369 1158 id
394 1111 497 1171 est,
526 1102 679 1174 plebs
708 1099 876 1156 Israel
904 1117 919 1155 :
945 1098 1099 1153 dicite
1126 1096 1415 1159 montibus,
1457 1094 1510 1149 id
1540 1100 1628 1149 est
1650 1138 1666 1162 ,
1770 1116 1868 1157 sua
1891 1108 2050 1171 gente
2076 1095 2371 1152 secundum
2404 1108 2625 1150 carnem
2662 1110 2677 1147 ε
2712 1092 2796 1146 δαί
2839 1106 2955 1145 cum
3010 1105 3118 1146 ηοη
3155 1103 3365 1161 τεθερι-

227 1194 453 1251 'iarchis:
481 1194 713 1260 collibus,
746 1193 799 1247 id
830 1199 934 1260 est,
968 1192 1268 1263 praphetis.
1305 1188 1513 1241 Dimitte
1538 1182 1667 1253 illis,
1769 1209 1826 1247 η

1771 1202 1894 1247 runt
1921 1208 1941 1247 :
1970 1191 2159 1262 quique
2186 1205 2297 1243 eum
2324 1196 2645 1255 receperunt,
2691 1184 2834 1238 dedit
2883 1192 3184 1254 potestatem
3232 1182 3370 1250 ﬁlios

227 1296 288 1354 st,
315 1288 486 1344 bibant
507 1285 821 1356 sanguinem
848 1298 1010 1355 quem
1042 1282 1334 1340 eﬂ'uderint
1362 1323 1378 1349 ,
1431 1288 1491 1334 ut
1536 1278 1671 1333 ﬁant
1772 1286 1826 1341 ιλ

1772 1286 1871 1341 Dei
1900 1285 2013 1355 ﬁeri
2044 1300 2063 1338 :
2084 1298 2181 1353 per
2209 1282 2373 1338 tidem
2398 1296 2463 1337 ex
2496 1295 2564 1336 eo
2590 1279 2704 1335 nati
2736 1287 2864 1333 sunt
2912 1294 3012 1349 per
3058 1276 3370 1332 renovatio-

227 1377 643 1446 tmisericordiae,
673 1393 792 1449 quae
816 1385 942 1431 sunt
967 1391 1095 1432 vasa
1122 1377 1240 1431 irae.
1273 1372 1524 1429 Nesciunt
1544 1371 1672 1444 quid
1775 1394 1896 1436 nam
1926 1376 2218 1448 baptismi,
2245 1386 2301 1431 et
2344 1372 2571 1445 gratiam
2626 1372 2862 1443 Spiritus
2910 1371 3106 1427 sancti.
3146 1370 3371 1425 Verbum

227 1481 322 1536 unt.
347 1482 396 1529 et
420 1470 463 1527 si
489 1472 709 1536 scirent.
738 1469 1022 1525 Dominum
1055 1468 1354 1537 maiestatis
1379 1481 1672 1538 numquam
1774 1490 1897 1530 caro
1920 1476 2113 1545 factum
2140 1481 2235 1535 est,
2262 1480 2309 1525 et
2324 1469 2569 1524 habitavit
2598 1469 2652 1521 in
2678 1467 2847 1528 nobis,
2882 1465 2932 1522 id
2960 1476 3075 1535 est,
3123 1480 3222 1537 per
3268 1479 3359 1520 as-

227 1566 484 1621 :ilixissent
511 1564 677 1636 :quia
704 1578 802 1635 per
824 1564 1183 1635 ignorantiam
1205 1562 1476 1619 fecerunt.
1505 1560 1676 1616 Hodie
1776 1566 2139 1637 sumptionem
2166 1564 2346 1620 carnis
2371 1581 2385 1617 :
2414 1563 2638 1617 vidimus
2682 1561 2903 1633 gloriam
2927 1561 3041 1627 ejus
3068 1601 3083 1626 ,
3138 1560 3191 1614 id
3244 1568 3369 1625 est,

227 1676 300 1713 um
326 1661 417 1714 eris
442 1660 491 1713 in
517 1659 761 1729 paradiso
784 1699 800 1722 ,
847 1658 901 1712 id
927 1664 1011 1713 est
1041 1699 1056 1724 ,
1089 1658 1181 1728 qui
1228 1656 1474 1727 sequitur
1520 1652 1679 1711 Chri-
1779 1674 1877 1732 per
1893 1657 2448 1728 transﬁgurationem,
2479 1664 2534 1711 et
2561 1652 3024 1710 resurrectionem
3054 1650 3223 1707 illius.

228 1770 269 1823 ι,
296 1754 530 1810 tenebras
557 1767 669 1809 non
695 1752 879 1816 habet,
911 1750 1007 1806 sed
1030 1751 1215 1805 lumen
1244 1748 1389 1805 vitae.
1705 1741 1757 1803 B
1853 1751 1982 1806 Post
2009 1767 2089 1807 me
2114 1751 2267 1821 venit,
2297 1747 2556 1818 ostendit,
2593 1746 2894 1804 secundum
2926 1760 3151 1802 carnem
3181 1744 3376 1801 nativi-

227 1847 365 1919 νερρή
395 1888 410 1915 ,
460 1846 512 1901 id
559 1856 676 1913 est,
732 1843 962 1916 populus
988 1842 1159 1898 Israel
1188 1860 1201 1895 :
1230 1851 1485 1907 aromata,
1515 1849 1564 1896 et
1586 1857 1683 1895 κη·
1785 1853 1950 1901 tatem
1983 1861 1997 1897 :
2023 1850 2142 1897 ante
2166 1858 2247 1896 me
2278 1842 2447 1911 factus
2477 1850 2553 1895 est
2594 1858 2613 1895 :
2644 1841 2697 1896 id
2726 1848 2813 1897 est
2836 1882 2851 1906 ,
2885 1854 2983 1911 per
3014 1841 3190 1911 ipsum
3232 1837 3376 1894 facta

228 1949 317 2007 ιιαν
347 1938 398 1993 id
417 1946 519 2005 εει,
549 1937 684 1993 ﬁdes
704 1979 720 2005 9
765 1950 893 2007 Spes
917 1977 932 1999 ο
990 1934 1233 1990 Charilas
1259 1951 1275 1989 ε
1304 1951 1407 1988 una
1443 1932 1640 1987 sabbati
1665 1973 1681 1999 ι
1785 1944 1915 1994 sunt
1935 1936 2115 1991 omnia
2140 1951 2155 2001 ;
2183 1944 2232 1989 et
2261 1935 2385 2005 quia
2413 1935 2555 2005 prior
2585 1950 2663 1989 me
2691 1942 2831 2002 erat,
2863 1942 2918 1989 et
2943 1934 3012 1990 de
3044 1932 3379 2005 plenitudine

228 2041 296 2093 st,
328 2029 663 2101 Evangelium
685 2070 700 2095 ,
740 2027 883 2100 quod
914 2026 1141 2083 lucescit
1168 2042 1264 2097 per
1289 2034 1505 2081 noctem
1537 2033 1685 2080 vete-
1785 2030 1905 2102 ejus
1932 2044 2032 2085 nos
2060 2044 2253 2086 omnes
2292 2028 2603 2096 accepimus
2633 2045 2647 2082 :
2680 2027 2954 2084 nascendo
2978 2069 2994 2095 ,
3043 2027 3332 2084 nutriendo
3361 2072 3377 2097 ,

227 2121 545 2179 l‘estamenti.
579 2120 833 2176 Mulieres
887 2120 1077 2190 prima:
1124 2117 1577 2173 resurrectionem
1608 2115 1681 2169 vi-
1788 2123 2023 2179 vivendo
2049 2164 2064 2190 ,
2123 2123 2348 2194 gratiam
2393 2137 2490 2192 pro
2542 2122 2711 2193 gratia
2740 2163 2757 2188 ,
2805 2120 3013 2179 veteris
3047 2122 3382 2177 Tesumenti

228 2229 351 2287 "1U
383 2227 557 2290 apium
586 2217 711 2287 Ῑυίῑ,
747 2226 806 2273 ιιι
831 2232 929 2287 Per
956 2216 1105 2287 ipsas
1130 2213 1281 2283 Prius
1311 2212 1460 2267 Salus
1488 2225 1686 2265 Cucur-
1790 2218 1962 2290 gratia
1992 2216 2123 2273 novi
2153 2213 2665 2272 Testamenti.!tem
2696 2230 2790 2287 per
2828 2215 2990 2273 ﬁdem
3041 2225 3097 2271 et
3149 2216 3383 2271 charita-

228 2323 287 2380 τι,
312 2328 403 2383 Per
423 2327 550 2384 (Idas
584 2311 734 2380 Prius
778 2308 1101 2364 decurrebat
1132 2320 1302 2362 mdi'S-
1349 2303 1417 2358 Ει
1444 2318 1556 2358 εσσε
1585 2302 1688 2356 άαο
1791 2320 1899 2368 tem
1933 2328 1946 2365 :
1976 2325 2075 2383 per
2102 2309 2338 2365 litteram
2365 2308 2547 2380 Legis,
2575 2308 2662 2365 vel
2690 2309 3028 2381 prophetiam
3057 2328 3071 2364 :
3102 2317 3213 2366 tres
3241 2309 3389 2365 modi

227 2413 480 2470 steterunt,
506 2404 560 2458 in
580 2400 837 2457 Matthteo
860 2415 995 2455 unus
1018 2399 1264 2469 angelus,
1289 2398 1342 2452 in
1365 2396 1548 2451 Marco
1566 2394 1691 2450 ado-
1792 2419 1891 2475 per
1916 2404 2145 2474 gratiam
2176 2402 2429 2472 baptismi
2467 2403 2696 2472 gratiam
2734 2412 3016 2459 :eternam.
3078 2402 3255 2459 Filius
3299 2403 3388 2473 qui

227 2515 335 2568 aus,
363 2501 412 2554 in
443 2497 648 2555 Joanne
675 2494 786 2551 duo
812 2494 1030 2565 angeli.
1080 2493 1132 2547 in
1170 2491 1318 2547 Luca
1344 2490 1454 2545 duo
1478 2490 1581 2543 viri
1604 2486 1690 2543 di-
1792 2508 1865 2552 est
1892 2498 1947 2551 in
1975 2496 2094 2551 sinu
2118 2495 2321 2561 Patris,
2352 2494 2403 2551 id
2441 2504 2562 2561 est,
2603 2497 2657 2551 in
2687 2496 2894 2562 corde,
2922 2497 3008 2553 vel
3044 2495 3097 2552 in
3129 2506 3342 2553 secreto
3376 2511 3391 2550 :

234 2610 319 2658 di"
346 2592 397 2647 id
426 2600 526 2661 εει,
562 2589 734 2645 "mild
766 2586 961 2642 iiidei’a
991 2584 1301 2652 munerum,
1361 2593 1417 2637 ei
1461 2580 1692 2636 diVBI'Si’B
1793 2594 2061 2660 confessus
2080 2596 2155 2643 est
2183 2587 2438 2655 Joannes,
2466 2604 2575 2644 non
2605 2604 2728 2646 esse
2755 2589 3029 2646 Christum
3062 2608 3074 2644 :
3102 2606 3204 2645 non
3233 2606 3390 2661 nega-

228 2729 231 2739 .
258 2685 488 2741 visiones
515 2701 530 2739 :
553 2682 636 2739 vel
666 2681 722 2736 in
747 2697 939 2748 unum,
968 2678 1163 2733 iterum
1207 2686 1261 2731 et
1316 2689 1425 2731 una
1454 2674 1593 2729 ViSiO
1639 2679 1695 2728 ει
1795 2683 1891 2751 ait,
1919 2696 1979 2735 se
2006 2695 2401 2751 prtecursorem
2430 2695 2552 2736 esse
2573 2680 2799 2737 Christi.
2825 2683 3001 2739 Aliter
3030 2682 3272 2739 ostendit
3297 2696 3399 2738 no-

227 2781 398 2836 imiles
422 2775 917 2834 sunt'narrationes
957 2770 1436 2842 evangelislarum.
1796 2790 1923 2830 vum
1946 2774 2354 2831 Testamentum
2383 2792 2396 2828 :
2429 2784 2475 2829 et
2501 2790 2593 2847 ego
2623 2775 2909 2830 nesciebam
2940 2792 3058 2829 eum
3094 2815 3112 2840 ,
3160 2775 3400 2831 ostendit

227 2874 501 2927 inteamina
525 2871 639 2926 sola
667 2868 836 2940 posita
859 2909 875 2936 ,
908 2863 1203 2921 ostendunt
1234 2862 1377 2934 quod
1408 2876 1514 2916 non
1558 2858 1697 2915 indi-
1798 2867 2039 2925 Joannes
2062 2882 2167 2922 non
2187 2868 2327 2923 scire
2350 2883 2446 2939 per
2467 2867 2794 2939 baptismum
2818 2867 3023 2925 Christi
3049 2869 3391 2941 redemptum

261 2982 485 3037 corpora
532 2965 859 3020 vestimento
910 2969 1033 3031 post
1080 2956 1582 3013 resurrectionem:
1620 2968 1699 3007 se-
1800 2979 1860 3020 es

1800 2979 1922 3021 esse
1954 2963 2238 3031 mundum,
2266 2980 2390 3021 nam
2418 2964 2625 3021 sciebat
2650 2980 2773 3021 eum
2803 2963 3002 3021 Filium
3037 2964 3138 3022 Dei
3166 2979 3321 3033 esse,
3345 2974 3397 3022 et

235 3064 455 3127 mirans,
483 3058 538 3114 id
567 3068 674 3127 est,
703 3055 852 3128 quod
879 3053 1326 3123 derelinquantur
1344 3048 1694 3105 vestimenta.
1805 3067 1991 3113 natum
2021 3058 2073 3112 in
2103 3073 2289 3114 came,

250 3173 314 3210 es
334 3154 441 3209 illis
463 3152 629 3221 ibant,
658 3146 904 3205 ostendit
928 3158 1118 3217 gentes
1144 3188 1160 3212 ,
1189 3144 1316 3213 quia
1344 3144 1423 3198 sic
1449 3150 1702 3198 ostensus
1726 3129 1773 3192 C
1880 3147 2065 3216 Rabbi,
2096 3146 2183 3203 ubi
2210 3147 2457 3203 habitas?
2484 3149 2538 3205 id
2559 3159 2665 3217 est,
2690 3151 2744 3206 in
2766 3164 2872 3221 qua
2891 3148 3138 3206 doctrina
3160 3164 3401 3207 commo-

227 3249 351 3315 tliis,
376 3247 468 3319 (ιιιὶ
499 3245 631 3301 ῖοτίε
656 3250 815 3299 diam
840 3284 856 3309 ν
892 3239 1031 3295 Sidi"
1063 3237 1147 3293 hi3
1185 3238 1275 3309 (Idi
1308 3237 1455 3291 imus
1497 3245 1651 3290 erant
1686 3253 1698 3289 ε
1804 3240 1970 3311 veris,
2000 3238 2115 3295 sive
2144 3240 2348 3297 doces?
2371 3243 2564 3309 venite,
2605 3242 2800 3299 discite
2854 3242 3158 3298 doctrinam
3188 3258 3365 3299 meam
3385 3283 3402 3311 ,

228 3339 399 3403 Illum,
435 3337 487 3393 id
513 3345 616 3403 est,
651 3332 935 3390 mundum.
965 3329 1286 3395 Jerusalem,
1321 3327 1373 3384 id
1403 3338 1510 3393 est,
1542 3327 1705 3383 coale-
1804 3336 1932 3407 quia
1965 3350 2159 3391 omnes
2181 3337 2297 3392 vult
2321 3339 2511 3393 venire
2540 3338 2607 3392 ad
2650 3352 2742 3404 se;
2787 3338 2930 3407 apud
2958 3353 3072 3391 eum
3109 3345 3409 3392 manserunt

236 3451 253 3489 ε
294 3431 556 3497 “adium,
582 3427 637 3484 id
667 3436 773 3493 εει,
798 3435 986 3481 Odia“
1016 3437 1142 3494 ρειτε
1171 3421 1239 3477 de
1264 3419 1517 3476 miiiiai‘id
1549 3437 1564 3472 ³
1593 3430 1705 3473 δια⁶
1806 3428 1890 3482 die
1921 3426 2034 3498 illo,
2067 3428 2364 3483 ostendunt
2391 3443 2595 3484 novum
2626 3428 3058 3496 Testamentum,
3090 3429 3203 3485 sive
3232 3428 3400 3485 vitam

227 3542 287 3582 '.x
314 3523 555 3580 ostendit
578 3536 863 3577 numerum
892 3516 1102 3575 dierum
1130 3558 1145 3584 ,
1200 3517 1253 3571 in
1295 3513 1493 3585 quibus
1530 3512 1705 3568 factus
1808 3531 2138 3594 praesentem
2169 3538 2184 3573 :
2213 3520 2342 3574 hora
2386 3522 2585 3575 decima
2609 3520 2877 3592 signiﬁcat
2902 3537 3129 3593 vespere
3170 3522 3357 3579 mundi
3386 3542 3401 3576 :

227 3616 471 3675 nundus.
499 3612 713 3670 Nomen
739 3610 947 3669 castelli
981 3610 1255 3666 Emimus.
1292 3606 1359 3662 Ει
1405 3608 1513 3679 ipse
1556 3604 1708 3675 ﬁnxit
1810 3614 1867 3668 in
1904 3612 2190 3667 crastinum
2218 3612 2378 3668 voluit
2408 3614 2634 3668 exirein
2660 3611 2959 3684 Galilaeam,
2991 3614 3049 3671 id
3096 3624 3230 3685 est»,
3288 3624 3411 3687 post

227 3710 385 3782 ngius
412 3709 491 3762 ire
522 3724 542 3762 :
573 3706 628 3762 id
658 3715 772 3773 est,
822 3703 888 3759 ad
933 3710 1127 3774 gentes
1160 3718 1175 3756 :
1205 3709 1252 3755 et
1285 3707 1634 3773 cognoveram
1654 3697 1710 3751 ίη
1811 3706 2274 3762 resurrectionem
2302 3722 2455 3761 suam
2492 3706 2559 3761 ad
2588 3718 2782 3777 gentes
2815 3725 2831 3762 :
2860 3708 2962 3763 sub
2985 3710 3116 3777 ﬁco,
3173 3709 3227 3764 id
3275 3720 3360 3766 est
3384 3753 3402 3778 ,

232 3810 361 3862 ione
391 3804 567 3875 panis,
596 3812 651 3858 et
680 3817 787 3858 non
819 3807 1194 3872 cognoverunt
1224 3812 1348 3853 eum
1368 3837 1383 3862 ,
1416 3810 1540 3851 cum
1572 3808 1712 3864 prae-
1812 3798 1913 3854 sub
1940 3798 2103 3869 Legis
2128 3800 2309 3855 littera
2330 3841 2346 3867 ,
2384 3800 2469 3857 vel
2520 3815 2791 3873 synagoga
2831 3818 2847 3858 :
2875 3804 3028 3858 ctelos
3068 3813 3276 3876 apertos
3304 3848 3319 3873 ,
3352 3802 3405 3861 id

227 3900 442 3955 tionem
489 3894 763 3953 audirent.
794 3893 1023 3948 Evanuit
1053 3891 1118 3945 ab
1149 3888 1313 3943 oculis
1364 3903 1541 3943 eorum
1573 3902 1590 3940 :
1620 3900 1714 3941 os—
1815 3899 1920 3958 est,
1949 3890 2135 3962 generi
2158 3891 2398 3948 humano
2425 3911 2437 3945 :
2463 3893 2675 3965 angelos
2698 3895 3051 3962 ascendentes,
3101 3903 3149 3950 et
3199 3896 3413 3951 descen-

234 3996 276 4048 it
309 4033 327 4060 ,
357 3990 512 4063 quod
566 4005 673 4045 non
702 3998 997 4061 possumus
1018 3982 1237 4039 tardare
1264 3981 1318 4035 in
1350 3979 1589 4035 lbeorica
1623 3994 1638 4031 τ
1666 3985 1714 4031 ει
1818 3983 2016 4051 dentes,
2051 3983 2103 4039 id
2135 3994 2239 4054 est,
2272 3986 2326 4041 in
2357 3987 2718 4042 ministerium
2748 3985 2974 4044 Christi.
3008 3989 3107 4043 Die
3134 3990 3283 4043 tertio
3311 4006 3412 4044 nu-

227 4090 313 4142 ius
346 4088 451 4158 fuit
483 4086 549 4141 ab
576 4086 672 4150 eis,
696 4081 914 4155 quando
943 4095 1054 4135 non
1081 4082 1488 4148 cognoverunt,
1524 4071 1577 4127 id
1607 4081 1713 4137 est,
1817 4076 1940 4147 ptio:
1967 4076 2120 4145 facta:
2148 4087 2299 4145 sunt,
2329 4079 2382 4134 id
2413 4088 2500 4135 est
2524 4123 2538 4148 ,
2576 4080 2737 4136 tertia
2764 4080 2855 4136 lex
2891 4098 2906 4135 :
2940 4080 3146 4152 nuptias
3197 4082 3418 4152 copula-
3463 4119 3465 4122 ι

251 4184 484 4256 longius
511 4192 803 4253 possumus
850 4188 1074 4231 manere
1118 4172 1173 4226 in
1202 4167 1401 4225 actuali
1425 4167 1534 4223 vita
1560 4184 1572 4220 :
1599 4181 1717 4219 cum
1820 4168 1897 4224 tio
1924 4169 2187 4227 Ecclesia:
2217 4187 2341 4228 cum
2370 4171 2589 4230 Christo
2616 4174 2934 4247 intelligitur
2965 4194 2979 4231 :
3006 4175 3173 4231 Maria
3203 4175 3332 4233 Jesu
3360 4178 3414 4233 in

227 4282 334 4333 iret
366 4278 524 4332 nobis
553 4275 880 4344 Scripturas.
932 4266 1053 4323 Pax
1076 4267 1218 4321 vobis
1247 4280 1266 4319 :
1295 4278 1437 4319 nunc
1467 4276 1563 4317 eos
1587 4275 1715 4316 con-
1822 4262 2026 4333 nuptiis
2051 4304 2067 4331 ,
2121 4264 2361 4321 ostendit
2415 4281 2746 4339 synagogam
2791 4285 2805 4322 :
2851 4267 3012 4324 Jesus
3064 4275 3122 4323 et
3164 4266 3416 4337 discipuli

228 4382 293 4427 at
327 4371 385 4426 in
412 4384 583 4425 unam
616 4381 825 4439 pacem.
848 4362 1028 4431 Quare
1043 4377 1148 4415 non
1180 4372 1289 4413 uno
1314 4358 1434 4411 loco
1455 4352 1717 4421 surrexit,
1824 4355 1968 4425 ejus,
1999 4354 2167 4427 ﬁgura
2196 4358 2491 4420 Ecclesiae;
2517 4360 2786 4432 deﬁciente
2799 4362 2936 4430 vino,
2965 4359 3017 4415 id
3045 4368 3149 4426 est,
3184 4358 3421 4415 defectio

227 4461 483 4519 tcendit?
511 4458 637 4531 quia
662 4457 839 4512 honor
865 4449 1475 4510 descenditJerusalem
1505 4447 1572 4502 ad
1593 4461 1724 4518 gen—
1748 4526 1787 4531 _
1825 4446 2025 4503 littera:
2059 4447 2240 4520 Legis.
2277 4451 2531 4507 Nondum
2564 4455 2697 4508 venit
2723 4452 2852 4508 hora
2880 4469 3016 4519 mea,
3046 4451 3099 4508 id
3130 4453 3257 4523 est],
3286 4466 3423 4507 non-

232 4526 542 4611 Dominus'
565 4552 653 4607 hic
682 4546 960 4621 implevit,
1008 4546 1152 4619 quod
1185 4548 1303 4618 ipse
1333 4542 1471 4599 dixit
1503 4584 1519 4612 ,
1566 4540 1725 4596 Orate
1748 4526 1798 4587 D
1825 4539 1955 4597 dum
1984 4544 2132 4597 venit
2155 4553 2367 4615 tempus
2398 4546 2662 4616 passionis
2684 4545 2883 4603 Christi
2911 4564 2925 4601 :
2956 4562 3046 4601 sea:
3074 4545 3297 4616 hydria,
3326 4559 3420 4601 sex

228 4644 669 4718 oet-sequentibus
695 4659 712 4695 :
739 4639 964 4695 dimisit.
1828 4645 2041 4702 aetates,
2066 4639 2118 4691 in
2150 4639 2355 4708 vinum,
2391 4639 2641 4697 Christus
2673 4658 2686 4695 :
2718 4638 3114 4695 Architriclinus
3157 4638 3421 4695 Joannem

237 4741 289 4797 N
336 4733 813 4796 EVANGELIUM
852 4727 1225 4787 SECUNDUM
1261 4725 1602 4784 JOANNEM.
1832 4732 2089 4796 ostendit,
2121 4734 2266 4803 quod
2298 4744 2424 4789 ante
2451 4735 2585 4790 bibit
2609 4734 2847 4791 Joannes
2878 4733 3189 4805 passionem
3214 4775 3231 4801 ,
3260 4748 3422 4804 quam

227 4854 237 4889 t
275 4831 567 4907 principio
595 4836 705 4885 erat
739 4824 986 4889 Verbum.
1020 4822 1074 4877 id
1101 4831 1205 4887 εει,
1264 4821 1389 4891 (Ιιιίθ
1438 4818 1618 4873 omnia
1676 4815 1729 4871 ill
1834 4824 2084 4879 Christus
2116 4841 2131 4877 :
2162 4842 2297 4895 aqua
2324 4827 2497 4879 vinum
2526 4832 2722 4897 factum
2745 4869 2760 4894 ,
2799 4826 3037 4883 ostendit
3085 4826 3425 4882 renationem

254 4924 618 4981 inchoantur
644 4929 699 4976 et
738 4918 1015 4973 finiuntur.
1074 4912 1309 4969 Verbum
1369 4910 1545 4965 Patris
1593 4907 1733 4963 ﬁlius
1838 4926 1892 4973 ει
1920 4928 2077 4971 vetus
2102 4916 2509 4974 Testamentum
2543 4919 2596 4975 ίη
2627 4935 2848 4975 novum,
2891 4918 3066 4975 Amer
3089 4934 3186 4989 ρει-
3232 4933 3427 4989 aquam

228 5021 245 5074 l
306 5018 507 5074 Deum
541 5033 556 5069 ι
584 5013 710 5087 quia
756 5011 898 5065 ﬁlius
939 5006 1082 5080 apud
1132 5016 1338 5076 patrem
1385 5017 1602 5073 semper
1628 5010 1733 5056 est.
1842 5010 2169 5079 baptismum
2198 5009 2446 5077 Joannis,
2470 5026 2567 5081 per
2593 5012 2777 5068 vinum
2810 5011 2989 5080 passio
3022 5008 3224 5067 Christi
3248 5052 3266 5081 ,
3297 5011 3428 5067 item

227 5130 247 5167 ε
275 5118 407 5166 eral
453 5105 709 5175 γετίηιπι»
741 5103 793 5159 id
822 5113 907 5159 εει
930 5143 946 5169 ν
989 5101 1131 5156 Deus
1154 5109 1269 5154 didi
1294 5096 1439 5151 mins
1469 5093 1600 5148 ³¹ιοε
1625 5101 1737 5149 εναι
1841 5118 1942 5175 per
1970 5104 2150 5157 vinum
2179 5105 2396 5175 sanguis
2419 5104 2645 5171 Christi,
2674 5114 2731 5159 ut
2760 5106 2877 5175 ipse
2904 5104 2983 5160 ait
3011 5146 3027 5172 ,
3076 5106 3290 5177 sanguis
3318 5105 3433 5175 ejus

227 5203 483 5273 rincipia
515 5200 658 5274 apud
688 5199 853 5254 Deum
882 5213 899 5251 ἔ
928 5196 1100 5250 omnia
1130 5210 1218 5264 ρετ
1242 5193 1410 5265 ipsum
1431 5191 1569 5260 Ῑαεεα
1596 5198 1735 5256 δυηῑς
1841 5213 1987 5251 verus
2021 5205 2170 5269 potus
2190 5206 2285 5253 est.
2312 5196 2519 5253 Bonum
2545 5200 2721 5254 vinum
2747 5215 2973 5266 servare,
3019 5198 3263 5256 ostendit
3291 5210 3437 5267 mys-

229 5318 303 5355 ηε
330 5301 463 5370 ἱρεο
500 5301 697 5369 [auum
724 5302 816 5348 ἐει
849 5290 983 5347 nihil
1011 5306 1029 5345 -‘
1062 5290 1179 5344 itm
1201 5287 1346 5342 iddia
1388 5303 1403 5340 ε
1433 5282 1569 5358 quod
1618 5292 1693 5338 εει
1722 5326 1738 5355 ,
1844 5290 2045 5346 terium
2083 5292 2381 5361 :mysteria
2411 5292 2613 5348 veteris
2642 5291 2998 5348 Testamenti.
3021 5291 3128 5347 Per
3156 5301 3286 5345 oves
3307 5302 3442 5343 ven-

227 5412 251 5449 ,
286 5394 409 5448 υίια
440 5399 585 5461 erat,
620 5389 722 5445 hoc
759 5394 865 5451 est,
911 5385 1037 5456 quia
1086 5381 1166 5437 illi
1213 5379 1395 5436 omnia
1454 5386 1745 5448 antequam
1848 5381 2059 5451 dentes,
2086 5383 2336 5439 doctores
2366 5383 2625 5450 ostendit,
2650 5384 2742 5455 qui
2772 5384 2915 5439 dona
2954 5397 3109 5440 sacra
3148 5378 3391 5436 vendunt
3422 5395 3440 5447 ;

227 5500 267 5558 t,
306 5490 531 5545 vivunt
561 5503 577 5542 :
603 5486 708 5540 vita
736 5490 845 5538 erat
891 5480 980 5533 lux
1021 5476 1288 5532 hominum
1312 5520 1328 5547 ,
1387 5473 1486 5529 lux
1532 5479 1590 5529 et
1636 5469 1745 5526 vita
1849 5489 1947 5546 per
1972 5489 2104 5530 oves
2133 5474 2383 5532 homines
2410 5475 2731 5547 simpliciter
2748 5474 3012 5532 ostendit.
3053 5472 3355 5546 Flagellum
3378 5471 3443 5528 de

240 5603 470 5659 Nescio
505 5601 637 5673 quid
662 5600 730 5656 de
754 5596 1013 5654 Barabbte
1037 5593 1284 5673 seditione
1298 5590 1510 5673 videtur
1540 5588 1747 5673 ductor
1851 5590 2067 5660 quimus
2088 5633 2104 5657 ,
2134 5590 2202 5647 de
2230 5588 2684 5673 innumerisaliis
2712 5588 2947 5662 mendis,
2997 5604 3119 5665 qua:
3158 5587 3443 5662 castigavi-

227 5692 398 5743 tere;
435 5660 546 5732 sed
574 5673 847 5745 quoniam
871 5683 980 5745 non
1029 5666 1213 5745 est__in
1266 5672 1523 5745 promptu
1563 5660 1744 5745 locum
1851 5674 1996 5733 mus,
2027 5672 2411 5737 argumentum
2438 5662 2644 5735 capies.

227 5731 461 5819 ituere,
498 5761 571 5805 ex
592 5731 804 5815 aliquot
834 5737 1145 5810 huiusmodi
1192 5731 1316 5807 quas
1362 5731 1560 5792 intacta
1619 5731 1746 5789 reli-
1978 5731 1984 5733 “
2092 5731 2187 5787 έη,
2230 5780 2231 5785 η
2293 5779 2317 5783 ..
