  <div class='ocr_page' id='page_1' title='image "/cluster/home/n/w/nwhite01/storage/ocr_20150623/30/uva.x000826572/297.png"; bbox 0 0 4050 6198; ppageno 0'>
   <div class='ocr_carea' id='block_1_1' title="bbox 494 186 3801 272">
    <p class='ocr_par' dir='ltr' id='par_1_1' title="bbox 494 186 3801 272">
     <span class='ocr_line' id='line_1_1' title="bbox 494 186 3801 272; baseline -0.008 -2"><span class='ocrx_word' id='word_1_1' title='bbox 494 214 605 272; x_wconf 81' lang='lat'><strong>579</strong></span> <span class='ocrx_word' id='word_1_2' title='bbox 1531 208 1588 265; x_wconf 91' lang='lat' dir='ltr'><strong>S.</strong></span> <span class='ocrx_word' id='word_1_3' title='bbox 1630 203 2011 264; x_wconf 77' lang='lat' dir='ltr'><strong>HIERONYMI</strong></span> <span class='ocrx_word' id='word_1_4' title='bbox 2048 198 2333 261; x_wconf 79' lang='lat' dir='ltr'><strong>OPERUM</strong></span> <span class='ocrx_word' id='word_1_5' title='bbox 2370 192 2737 255; x_wconf 71' lang='lat' dir='ltr'><strong>MANTISSA.</strong></span> <span class='ocrx_word' id='word_1_6' title='bbox 3686 186 3801 245; x_wconf 69' lang='lat'><strong>580</strong></span> 
     </span>
    </p>
   </div>
   <div class='ocr_carea' id='block_1_2' title="bbox 494 303 3803 402">
    <p class='ocr_par' dir='ltr' id='par_1_2' title="bbox 494 303 3803 402">
     <span class='ocr_line' id='line_1_2' title="bbox 494 303 3803 402; baseline -0.007 -15"><span class='ocrx_word' id='word_1_7' title='bbox 494 333 784 402; x_wconf 80' lang='lat' dir='ltr'><strong>resticulis,</strong></span> <span class='ocrx_word' id='word_1_8' title='bbox 818 327 869 387; x_wconf 93' lang='lat' dir='ltr'><strong>id</strong></span> <span class='ocrx_word' id='word_1_9' title='bbox 898 338 1003 395; x_wconf 86' lang='lat' dir='ltr'><strong>est,</strong></span> <span class='ocrx_word' id='word_1_10' title='bbox 1035 323 1273 382; x_wconf 82' lang='lat' dir='ltr'><strong>vindicta</strong></span> <span class='ocrx_word' id='word_1_11' title='bbox 1304 336 1400 394; x_wconf 90' lang='lat' dir='ltr'><strong>pro</strong></span> <span class='ocrx_word' id='word_1_12' title='bbox 1430 322 1593 377; x_wconf 87' lang='lat' dir='ltr'><strong>variis</strong></span> <span class='ocrx_word' id='word_1_13' title='bbox 1622 323 1896 392; x_wconf 81' lang='lat' dir='ltr'><strong>peccatis,</strong></span> <span class='ocrx_word' id='word_1_14' title='bbox 1947 319 2092 376; x_wconf 87' lang='lat' dir='ltr'><strong>unde</strong></span> <span class='ocrx_word' id='word_1_15' title='bbox 2117 321 2169 384; x_wconf 78' lang='grc' dir='ltr'>Α</span> <span class='ocrx_word' id='word_1_16' title='bbox 2196 315 2525 390; x_wconf 86' lang='lat' dir='ltr'><strong>primitivam</strong></span> <span class='ocrx_word' id='word_1_17' title='bbox 2554 310 2856 369; x_wconf 84' lang='lat' dir='ltr'><strong>Ecclesiam</strong></span> <span class='ocrx_word' id='word_1_18' title='bbox 2884 308 3039 381; x_wconf 85' lang='lat' dir='ltr'><strong>quasi</strong></span> <span class='ocrx_word' id='word_1_19' title='bbox 3065 303 3134 364; x_wconf 87' lang='lat' dir='ltr'><strong>ad</strong></span> <span class='ocrx_word' id='word_1_20' title='bbox 3163 314 3377 380; x_wconf 80' lang='lat' dir='ltr'><strong>gentes,</strong></span> <span class='ocrx_word' id='word_1_21' title='bbox 3411 306 3531 363; x_wconf 82' lang='lat' dir='ltr'><strong>sive</strong></span> <span class='ocrx_word' id='word_1_22' title='bbox 3581 304 3649 362; x_wconf 91' lang='lat' dir='ltr'><strong>ad</strong></span> <span class='ocrx_word' id='word_1_23' title='bbox 3694 324 3803 378; x_wconf 90' lang='lat' dir='ltr'><strong>po-</strong></span> 
     </span>
    </p>
   </div>
   <div class='ocr_carea' id='block_1_3' title="bbox 499 402 3798 494">
    <p class='ocr_par' dir='ltr' id='par_1_3' title="bbox 499 402 3798 494">
     <span class='ocr_line' id='line_1_3' title="bbox 499 402 3798 494; baseline -0.005 -15"><span class='ocrx_word' id='word_1_24' title='bbox 499 425 794 494; x_wconf 87' lang='lat' dir='ltr'><strong>cjiciuntur</strong></span> <span class='ocrx_word' id='word_1_25' title='bbox 820 424 885 478; x_wconf 85' lang='lat' dir='ltr'><strong>de</strong></span> <span class='ocrx_word' id='word_1_26' title='bbox 918 418 1181 476; x_wconf 82' lang='lat' dir='ltr'><strong>Ecclesia.</strong></span> <span class='ocrx_word' id='word_1_27' title='bbox 1209 415 1361 470; x_wconf 85' lang='lat' dir='ltr'><strong>Iesus</strong></span> <span class='ocrx_word' id='word_1_28' title='bbox 1394 431 1495 469; x_wconf 87' lang='lat' dir='ltr'><strong>non</strong></span> <span class='ocrx_word' id='word_1_29' title='bbox 1524 411 1766 469; x_wconf 76' lang='lat' dir='ltr'><strong>credebat</strong></span> <span class='ocrx_word' id='word_1_30' title='bbox 1818 431 1875 469; x_wconf 90' lang='lat' dir='ltr'><strong>se</strong></span> <span class='ocrx_word' id='word_1_31' title='bbox 1921 414 2088 485; x_wconf 85' lang='lat' dir='ltr'><strong>ipsum</strong></span> <span class='ocrx_word' id='word_1_32' title='bbox 2193 414 2401 487; x_wconf 88' lang='lat' dir='ltr'><strong>pulum.</strong></span> <span class='ocrx_word' id='word_1_33' title='bbox 2429 411 2613 466; x_wconf 83' lang='lat' dir='ltr'><strong>Lerate</strong></span> <span class='ocrx_word' id='word_1_34' title='bbox 2633 410 2809 464; x_wconf 88' lang='lat' dir='ltr'><strong>oculos</strong></span> <span class='ocrx_word' id='word_1_35' title='bbox 2837 416 3034 463; x_wconf 72' lang='lat' dir='ltr'><strong>vestros</strong></span> <span class='ocrx_word' id='word_1_36' title='bbox 3061 448 3075 473; x_wconf 90' lang='lat'><strong>,</strong></span> <span class='ocrx_word' id='word_1_37' title='bbox 3105 404 3159 461; x_wconf 92' lang='lat' dir='ltr'><strong>id</strong></span> <span class='ocrx_word' id='word_1_38' title='bbox 3206 410 3327 473; x_wconf 87' lang='lat' dir='ltr'><strong>est,</strong></span> <span class='ocrx_word' id='word_1_39' title='bbox 3379 404 3572 461; x_wconf 90' lang='lat' dir='ltr'><strong>oculos</strong></span> <span class='ocrx_word' id='word_1_40' title='bbox 3626 402 3751 459; x_wconf 80' lang='lat' dir='ltr'><strong>fidei</strong></span> <span class='ocrx_word' id='word_1_41' title='bbox 3779 422 3798 462; x_wconf 86' lang='lat'><strong>:</strong></span> 
     </span>
    </p>
   </div>
   <div class='ocr_carea' id='block_1_4' title="bbox 499 498 3795 584">
    <p class='ocr_par' dir='ltr' id='par_1_4' title="bbox 499 498 3795 584">
     <span class='ocr_line' id='line_1_4' title="bbox 499 498 3795 584; baseline -0.006 -12"><span class='ocrx_word' id='word_1_42' title='bbox 499 516 636 584; x_wconf 85' lang='lat' dir='ltr'><strong>illis,</strong></span> <span class='ocrx_word' id='word_1_43' title='bbox 667 518 718 573; x_wconf 90' lang='lat' dir='ltr'><strong>id</strong></span> <span class='ocrx_word' id='word_1_44' title='bbox 745 523 847 580; x_wconf 89' lang='lat' dir='ltr'><strong>est,</strong></span> <span class='ocrx_word' id='word_1_45' title='bbox 878 526 977 582; x_wconf 87' lang='lat' dir='ltr'><strong>pro</strong></span> <span class='ocrx_word' id='word_1_46' title='bbox 1010 517 1162 580; x_wconf 87' lang='lat' dir='ltr'><strong>parte</strong></span> <span class='ocrx_word' id='word_1_47' title='bbox 1191 510 1391 564; x_wconf 88' lang='lat' dir='ltr'><strong>carnis.</strong></span> <span class='ocrx_word' id='word_1_48' title='bbox 1415 505 1731 562; x_wconf 75' lang='lat' dir='ltr'><strong>Nicodemus</strong></span> <span class='ocrx_word' id='word_1_49' title='bbox 1770 514 1915 561; x_wconf 88' lang='lat' dir='ltr'><strong>nocte</strong></span> <span class='ocrx_word' id='word_1_50' title='bbox 1952 506 2082 561; x_wconf 80' lang='lat' dir='ltr'><strong>venit</strong></span> <span class='ocrx_word' id='word_1_51' title='bbox 2193 506 2341 562; x_wconf 85' lang='lat' dir='ltr'><strong>albas</strong></span> <span class='ocrx_word' id='word_1_52' title='bbox 2363 522 2570 573; x_wconf 88' lang='lat' dir='ltr'><strong>messes,</strong></span> <span class='ocrx_word' id='word_1_53' title='bbox 2600 501 2651 559; x_wconf 92' lang='lat' dir='ltr'><strong>id</strong></span> <span class='ocrx_word' id='word_1_54' title='bbox 2674 514 2777 571; x_wconf 91' lang='lat' dir='ltr'><strong>est,</strong></span> <span class='ocrx_word' id='word_1_55' title='bbox 2806 502 2969 559; x_wconf 77' lang='lat' dir='ltr'><strong>co&#39;l&#39;da</strong></span> <span class='ocrx_word' id='word_1_56' title='bbox 2993 498 3233 557; x_wconf 80' lang='lat' dir='ltr'><strong>ﬁdelium</strong></span> <span class='ocrx_word' id='word_1_57' title='bbox 3260 500 3380 573; x_wconf 90' lang='lat' dir='ltr'><strong>:qui</strong></span> <span class='ocrx_word' id='word_1_58' title='bbox 3396 498 3795 566; x_wconf 76' lang='lat' dir='ltr'><strong>seminaverunt,</strong></span> 
     </span>
    </p>
   </div>
   <div class='ocr_carea' id='block_1_5' title="bbox 504 600 2092 675">
    <p class='ocr_par' dir='ltr' id='par_1_5' title="bbox 504 600 2092 675">
     <span class='ocr_line' id='line_1_5' title="bbox 504 600 2092 675; baseline -0.006 -11"><span class='ocrx_word' id='word_1_59' title='bbox 504 610 574 664; x_wconf 88' lang='lat' dir='ltr'><strong>ad</strong></span> <span class='ocrx_word' id='word_1_60' title='bbox 603 611 774 672; x_wconf 85' lang='lat' dir='ltr'><strong>illum,</strong></span> <span class='ocrx_word' id='word_1_61' title='bbox 817 620 916 675; x_wconf 87' lang='lat' dir='ltr'><strong>per</strong></span> <span class='ocrx_word' id='word_1_62' title='bbox 944 611 1161 658; x_wconf 85' lang='lat' dir='ltr'><strong>noctem</strong></span> <span class='ocrx_word' id='word_1_63' title='bbox 1201 602 1439 657; x_wconf 90' lang='lat' dir='ltr'><strong>ostendit</strong></span> <span class='ocrx_word' id='word_1_64' title='bbox 1478 601 1713 656; x_wconf 74' lang='lat' dir='ltr'><strong>litteram</strong></span> <span class='ocrx_word' id='word_1_65' title='bbox 1755 600 1937 671; x_wconf 85' lang='lat' dir='ltr'><strong>Legis,</strong></span> <span class='ocrx_word' id='word_1_66' title='bbox 1978 602 2092 655; x_wconf 91' lang='lat' dir='ltr'><strong>sive</strong></span> 
     </span>
    </p>
   </div>
   <div class='ocr_carea' id='block_1_6' title="bbox 503 694 2095 772">
    <p class='ocr_par' dir='ltr' id='par_1_6' title="bbox 503 694 2095 772">
     <span class='ocr_line' id='line_1_6' title="bbox 503 694 2095 772; baseline -0.005 -13"><span class='ocrx_word' id='word_1_67' title='bbox 503 699 863 772; x_wconf 72' lang='lat' dir='ltr'><strong>ignorantiam</strong></span> <span class='ocrx_word' id='word_1_68' title='bbox 894 697 1108 763; x_wconf 82' lang='lat' dir='ltr'><strong>cordis,</strong></span> <span class='ocrx_word' id='word_1_69' title='bbox 1137 706 1194 751; x_wconf 90' lang='lat' dir='ltr'><strong>ut</strong></span> <span class='ocrx_word' id='word_1_70' title='bbox 1242 696 1611 750; x_wconf 83' lang='lat' dir='ltr'><strong>illustraretur</strong></span> <span class='ocrx_word' id='word_1_71' title='bbox 1638 710 1667 750; x_wconf 92' lang='lat' dir='ltr'><strong>a</strong></span> <span class='ocrx_word' id='word_1_72' title='bbox 1692 695 1893 750; x_wconf 85' lang='lat' dir='ltr'><strong>lumine</strong></span> <span class='ocrx_word' id='word_1_73' title='bbox 1917 694 2095 752; x_wconf 88' lang='lat' dir='ltr'><strong>scien-</strong></span> 
     </span>
    </p>
   </div>
   <div class='ocr_carea' id='block_1_7' title="bbox 504 788 2094 862">
    <p class='ocr_par' dir='ltr' id='par_1_7' title="bbox 504 788 2094 862">
     <span class='ocr_line' id='line_1_7' title="bbox 504 788 2094 862; baseline -0.004 -12"><span class='ocrx_word' id='word_1_74' title='bbox 504 794 597 850; x_wconf 70' lang='lat' dir='ltr'><strong>tiae</strong></span> <span class='ocrx_word' id='word_1_75' title='bbox 618 794 736 849; x_wconf 90' lang='lat' dir='ltr'><strong>Dei.</strong></span> <span class='ocrx_word' id='word_1_76' title='bbox 768 791 978 847; x_wconf 87' lang='lat' dir='ltr'><strong>Scimus</strong></span> <span class='ocrx_word' id='word_1_77' title='bbox 1018 790 1159 862; x_wconf 83' lang='lat' dir='ltr'><strong>quod</strong></span> <span class='ocrx_word' id='word_1_78' title='bbox 1183 806 1216 842; x_wconf 92' lang='lat' dir='ltr'><strong>a</strong></span> <span class='ocrx_word' id='word_1_79' title='bbox 1261 788 1370 842; x_wconf 81' lang='lat' dir='ltr'><strong>Deo</strong></span> <span class='ocrx_word' id='word_1_80' title='bbox 1416 788 1597 840; x_wconf 78' lang='lat' dir='ltr'><strong>venisti</strong></span> <span class='ocrx_word' id='word_1_81' title='bbox 1625 828 1640 853; x_wconf 95' lang='lat'><strong>,</strong></span> <span class='ocrx_word' id='word_1_82' title='bbox 1694 789 1930 842; x_wconf 80' lang='lat' dir='ltr'><strong>ostendit</strong></span> <span class='ocrx_word' id='word_1_83' title='bbox 1958 800 2053 843; x_wconf 87' lang='lat' dir='ltr'><strong>eos</strong></span> <span class='ocrx_word' id='word_1_84' title='bbox 2078 829 2094 856; x_wconf 93' lang='lat'><strong>,</strong></span> 
     </span>
    </p>
   </div>
   <div class='ocr_carea' id='block_1_8' title="bbox 505 880 2100 957">
    <p class='ocr_par' dir='ltr' id='par_1_8' title="bbox 505 880 2100 957">
     <span class='ocr_line' id='line_1_8' title="bbox 505 880 2100 957; baseline -0.005 -14"><span class='ocrx_word' id='word_1_85' title='bbox 505 886 597 957; x_wconf 78' lang='lat' dir='ltr'><strong>qui</strong></span> <span class='ocrx_word' id='word_1_86' title='bbox 620 892 943 957; x_wconf 82' lang='lat' dir='ltr'><strong>receperunt</strong></span> <span class='ocrx_word' id='word_1_87' title='bbox 968 883 1242 940; x_wconf 77' lang='lat' dir='ltr'><strong>Christum</strong></span> <span class='ocrx_word' id='word_1_88' title='bbox 1275 890 1370 953; x_wconf 87' lang='lat' dir='ltr'><strong>per</strong></span> <span class='ocrx_word' id='word_1_89' title='bbox 1394 880 1553 937; x_wconf 87' lang='lat' dir='ltr'><strong>fidem</strong></span> <span class='ocrx_word' id='word_1_90' title='bbox 1591 898 1601 933; x_wconf 92' lang='lat'>:</span> <span class='ocrx_word' id='word_1_91' title='bbox 1631 897 1755 936; x_wconf 86' lang='lat' dir='ltr'><strong>caro</strong></span> <span class='ocrx_word' id='word_1_92' title='bbox 1780 882 2011 936; x_wconf 84' lang='lat' dir='ltr'><strong>nascitur</strong></span> <span class='ocrx_word' id='word_1_93' title='bbox 2036 895 2100 936; x_wconf 81' lang='lat' dir='ltr'><strong>ea:</strong></span> 
     </span>
    </p>
   </div>
   <div class='ocr_carea' id='block_1_9' title="bbox 504 974 2099 1049">
    <p class='ocr_par' dir='ltr' id='par_1_9' title="bbox 504 974 2099 1049">
     <span class='ocr_line' id='line_1_9' title="bbox 504 974 2099 1049; baseline -0.003 -16"><span class='ocrx_word' id='word_1_94' title='bbox 504 995 687 1044; x_wconf 84' lang='lat' dir='ltr'><strong>carne,</strong></span> <span class='ocrx_word' id='word_1_95' title='bbox 720 988 768 1033; x_wconf 85' lang='lat' dir='ltr'><strong>et</strong></span> <span class='ocrx_word' id='word_1_96' title='bbox 794 979 1068 1049; x_wconf 72' lang='lat' dir='ltr'><strong>sanguine,</strong></span> <span class='ocrx_word' id='word_1_97' title='bbox 1104 985 1164 1032; x_wconf 84' lang='lat' dir='ltr'><strong>ut</strong></span> <span class='ocrx_word' id='word_1_98' title='bbox 1192 978 1332 1032; x_wconf 84' lang='lat' dir='ltr'><strong>vivat</strong></span> <span class='ocrx_word' id='word_1_99' title='bbox 1364 974 1725 1046; x_wconf 85' lang='lat' dir='ltr'><strong>corporaliter</strong></span> <span class='ocrx_word' id='word_1_100' title='bbox 1758 978 1813 1030; x_wconf 91' lang='lat' dir='ltr'><strong>in</strong></span> <span class='ocrx_word' id='word_1_101' title='bbox 1858 974 2060 1031; x_wconf 87' lang='lat' dir='ltr'><strong>mundo</strong></span> <span class='ocrx_word' id='word_1_102' title='bbox 2084 1017 2099 1042; x_wconf 95' lang='lat'><strong>,</strong></span> 
     </span>
    </p>
   </div>
   <div class='ocr_carea' id='block_1_10' title="bbox 504 1069 2104 1141">
    <p class='ocr_par' dir='ltr' id='par_1_10' title="bbox 504 1069 2104 1141">
     <span class='ocr_line' id='line_1_10' title="bbox 504 1069 2104 1141; baseline -0.004 -12"><span class='ocrx_word' id='word_1_103' title='bbox 504 1073 701 1130; x_wconf 81' lang='lat' dir='ltr'><strong>iterum</strong></span> <span class='ocrx_word' id='word_1_104' title='bbox 767 1072 1075 1129; x_wconf 84' lang='lat' dir='ltr'><strong>renascitur</strong></span> <span class='ocrx_word' id='word_1_105' title='bbox 1128 1073 1307 1128; x_wconf 82' lang='lat' dir='ltr'><strong>anima</strong></span> <span class='ocrx_word' id='word_1_106' title='bbox 1371 1070 1718 1127; x_wconf 82' lang='lat' dir='ltr'><strong>inetl&#39;abiliter</strong></span> <span class='ocrx_word' id='word_1_107' title='bbox 1770 1082 1838 1126; x_wconf 79' lang='lat' dir='ltr'><strong>ex</strong></span> <span class='ocrx_word' id='word_1_108' title='bbox 1901 1069 2104 1141; x_wconf 79' lang='lat' dir='ltr'><strong>Spiritu</strong></span> 
     </span>
    </p>
   </div>
   <div class='ocr_carea' id='block_1_11' title="bbox 507 1165 1355 1235">
    <p class='ocr_par' dir='ltr' id='par_1_11' title="bbox 507 1165 1355 1235">
     <span class='ocr_line' id='line_1_11' title="bbox 507 1165 1355 1235; baseline -0.002 -14"><span class='ocrx_word' id='word_1_109' title='bbox 507 1177 717 1235; x_wconf 88' lang='lat' dir='ltr'><strong>sancto,</strong></span> <span class='ocrx_word' id='word_1_110' title='bbox 741 1174 802 1221; x_wconf 92' lang='lat' dir='ltr'><strong>ut</strong></span> <span class='ocrx_word' id='word_1_111' title='bbox 822 1165 966 1220; x_wconf 87' lang='lat' dir='ltr'><strong>vivat</strong></span> <span class='ocrx_word' id='word_1_112' title='bbox 990 1167 1040 1220; x_wconf 92' lang='lat' dir='ltr'><strong>in</strong></span> <span class='ocrx_word' id='word_1_113' title='bbox 1071 1174 1355 1221; x_wconf 66' lang='lat' dir='ltr'><strong>aeternum.</strong></span> 
     </span>
    </p>
   </div>
   <div class='ocr_carea' id='block_1_12' title="bbox 580 1253 2109 1330">
    <p class='ocr_par' dir='ltr' id='par_1_12' title="bbox 580 1253 2109 1330">
     <span class='ocr_line' id='line_1_12' title="bbox 580 1253 2109 1330; baseline -0.005 -15"><span class='ocrx_word' id='word_1_114' title='bbox 580 1260 810 1330; x_wconf 74' lang='lat' dir='ltr'><strong>Spiritus</strong></span> <span class='ocrx_word' id='word_1_115' title='bbox 842 1258 926 1314; x_wconf 82' lang='lat' dir='ltr'><strong>ubi</strong></span> <span class='ocrx_word' id='word_1_116' title='bbox 951 1259 1277 1330; x_wconf 34' lang='lat' dir='ltr'><strong>vultgspirat,</strong></span> <span class='ocrx_word' id='word_1_117' title='bbox 1322 1257 1376 1313; x_wconf 96' lang='lat' dir='ltr'><strong>id</strong></span> <span class='ocrx_word' id='word_1_118' title='bbox 1413 1265 1526 1325; x_wconf 74' lang='lat' dir='ltr'><strong>est,</strong></span> <span class='ocrx_word' id='word_1_119' title='bbox 1554 1270 1716 1328; x_wconf 85' lang='lat' dir='ltr'><strong>quem</strong></span> <span class='ocrx_word' id='word_1_120' title='bbox 1746 1254 1865 1310; x_wconf 79' lang='lat' dir='ltr'><strong>vult</strong></span> <span class='ocrx_word' id='word_1_121' title='bbox 1908 1253 2109 1310; x_wconf 86' lang='lat' dir='ltr'><strong>illumi-</strong></span> 
     </span>
    </p>
   </div>
   <div class='ocr_carea' id='block_1_13' title="bbox 511 1348 2107 1422">
    <p class='ocr_par' dir='ltr' id='par_1_13' title="bbox 511 1348 2107 1422">
     <span class='ocr_line' id='line_1_13' title="bbox 511 1348 2107 1422; baseline -0.005 -13"><span class='ocrx_word' id='word_1_122' title='bbox 511 1364 627 1419; x_wconf 85' lang='lat' dir='ltr'><strong>nat,</strong></span> <span class='ocrx_word' id='word_1_123' title='bbox 650 1353 793 1409; x_wconf 84' lang='lat' dir='ltr'><strong>sicut</strong></span> <span class='ocrx_word' id='word_1_124' title='bbox 820 1352 953 1408; x_wconf 90' lang='lat' dir='ltr'><strong>dicit</strong></span> <span class='ocrx_word' id='word_1_125' title='bbox 986 1352 1278 1422; x_wconf 80' lang='lat' dir='ltr'><strong>Apostolus</strong></span> <span class='ocrx_word' id='word_1_126' title='bbox 1304 1395 1319 1421; x_wconf 88' lang='lat'><strong>,</strong></span> <span class='ocrx_word' id='word_1_127' title='bbox 1357 1351 1444 1421; x_wconf 89' lang='lat' dir='ltr'><strong>qui</strong></span> <span class='ocrx_word' id='word_1_128' title='bbox 1466 1352 1602 1405; x_wconf 87' lang='lat' dir='ltr'><strong>enim</strong></span> <span class='ocrx_word' id='word_1_129' title='bbox 1628 1350 1859 1404; x_wconf 73' lang='lat' dir='ltr'><strong>adliceret</strong></span> <span class='ocrx_word' id='word_1_130' title='bbox 1883 1348 2107 1415; x_wconf 82' lang='lat' dir='ltr'><strong>Christo,</strong></span> 
     </span>
    </p>
   </div>
   <div class='ocr_carea' id='block_1_14' title="bbox 512 1441 2110 1520">
    <p class='ocr_par' dir='ltr' id='par_1_14' title="bbox 512 1441 2110 1520">
     <span class='ocr_line' id='line_1_14' title="bbox 512 1441 2110 1520; baseline -0.004 -18"><span class='ocrx_word' id='word_1_131' title='bbox 512 1466 651 1503; x_wconf 81' lang='lat' dir='ltr'><strong>unus</strong></span> <span class='ocrx_word' id='word_1_132' title='bbox 682 1447 919 1520; x_wconf 85' lang='lat' dir='ltr'><strong>Spiritus</strong></span> <span class='ocrx_word' id='word_1_133' title='bbox 938 1456 1034 1502; x_wconf 86' lang='lat' dir='ltr'><strong>est.</strong></span> <span class='ocrx_word' id='word_1_134' title='bbox 1074 1444 1261 1500; x_wconf 85' lang='lat' dir='ltr'><strong>Vocem</strong></span> <span class='ocrx_word' id='word_1_135' title='bbox 1288 1447 1401 1511; x_wconf 84' lang='lat' dir='ltr'><strong>eius</strong></span> <span class='ocrx_word' id='word_1_136' title='bbox 1429 1444 1600 1513; x_wconf 86' lang='lat' dir='ltr'><strong>audis,</strong></span> <span class='ocrx_word' id='word_1_137' title='bbox 1645 1441 1938 1498; x_wconf 86' lang='lat' dir='ltr'><strong>ostendunt</strong></span> <span class='ocrx_word' id='word_1_138' title='bbox 1987 1442 2110 1497; x_wconf 84' lang='lat' dir='ltr'><strong>illn-</strong></span> 
     </span>
    </p>
   </div>
   <div class='ocr_carea' id='block_1_15' title="bbox 515 1534 2115 1608">
    <p class='ocr_par' dir='ltr' id='par_1_15' title="bbox 515 1534 2115 1608">
     <span class='ocr_line' id='line_1_15' title="bbox 515 1534 2115 1608; baseline -0.004 -13"><span class='ocrx_word' id='word_1_139' title='bbox 515 1539 867 1595; x_wconf 88' lang='lat' dir='ltr'><strong>minationem</strong></span> <span class='ocrx_word' id='word_1_140' title='bbox 895 1538 1041 1594; x_wconf 82' lang='lat' dir='ltr'><strong>auris</strong></span> <span class='ocrx_word' id='word_1_141' title='bbox 1064 1538 1276 1602; x_wconf 88' lang='lat' dir='ltr'><strong>cordis;</strong></span> <span class='ocrx_word' id='word_1_142' title='bbox 1308 1536 1449 1592; x_wconf 87' lang='lat' dir='ltr'><strong>unde</strong></span> <span class='ocrx_word' id='word_1_143' title='bbox 1478 1535 1739 1608; x_wconf 80' lang='lat' dir='ltr'><strong>propheta</strong></span> <span class='ocrx_word' id='word_1_144' title='bbox 1767 1536 1863 1602; x_wconf 86' lang='lat' dir='ltr'><strong>ait,</strong></span> <span class='ocrx_word' id='word_1_145' title='bbox 1888 1534 2115 1589; x_wconf 86' lang='lat' dir='ltr'><strong>Audiam</strong></span> 
     </span>
    </p>
   </div>
   <div class='ocr_carea' id='block_1_16' title="bbox 514 1629 2113 1704">
    <p class='ocr_par' dir='ltr' id='par_1_16' title="bbox 514 1629 2113 1704">
     <span class='ocr_line' id='line_1_16' title="bbox 514 1629 2113 1704; baseline -0.003 -18"><span class='ocrx_word' id='word_1_146' title='bbox 514 1633 639 1704; x_wconf 88' lang='lat' dir='ltr'><strong>quid</strong></span> <span class='ocrx_word' id='word_1_147' title='bbox 661 1633 905 1703; x_wconf 89' lang='lat' dir='ltr'><strong>loquatur</strong></span> <span class='ocrx_word' id='word_1_148' title='bbox 929 1634 985 1686; x_wconf 89' lang='lat' dir='ltr'><strong>in</strong></span> <span class='ocrx_word' id='word_1_149' title='bbox 1016 1648 1094 1687; x_wconf 86' lang='lat' dir='ltr'><strong>me</strong></span> <span class='ocrx_word' id='word_1_150' title='bbox 1127 1631 1378 1685; x_wconf 82' lang='lat' dir='ltr'><strong>Dominus</strong></span> <span class='ocrx_word' id='word_1_151' title='bbox 1404 1670 1419 1697; x_wconf 90' lang='lat'><strong>,</strong></span> <span class='ocrx_word' id='word_1_152' title='bbox 1475 1630 1631 1684; x_wconf 82' lang='lat' dir='ltr'><strong>Deus.</strong></span> <span class='ocrx_word' id='word_1_153' title='bbox 1689 1629 1841 1695; x_wconf 90' lang='lat' dir='ltr'><strong>Quod</strong></span> <span class='ocrx_word' id='word_1_154' title='bbox 1886 1629 2073 1682; x_wconf 85' lang='lat' dir='ltr'><strong>scimus</strong></span> <span class='ocrx_word' id='word_1_155' title='bbox 2096 1668 2113 1695; x_wconf 96' lang='lat'><strong>,</strong></span> 
     </span>
    </p>
   </div>
   <div class='ocr_carea' id='block_1_17' title="bbox 2195 594 3803 672">
    <p class='ocr_par' dir='ltr' id='par_1_17' title="bbox 2195 594 3803 672">
     <span class='ocr_line' id='line_1_17' title="bbox 2195 594 3803 672; baseline -0.005 -15"><span class='ocrx_word' id='word_1_156' title='bbox 2195 600 2248 657; x_wconf 88' lang='lat' dir='ltr'><strong>id</strong></span> <span class='ocrx_word' id='word_1_157' title='bbox 2276 610 2378 670; x_wconf 88' lang='lat' dir='ltr'><strong>est,</strong></span> <span class='ocrx_word' id='word_1_158' title='bbox 2405 600 2695 672; x_wconf 81' lang='lat' dir='ltr'><strong>prophetas</strong></span> <span class='ocrx_word' id='word_1_159' title='bbox 2722 617 2735 654; x_wconf 87' lang='lat'><strong>:</strong></span> <span class='ocrx_word' id='word_1_160' title='bbox 2772 598 2862 669; x_wconf 87' lang='lat' dir='ltr'><strong>qui</strong></span> <span class='ocrx_word' id='word_1_161' title='bbox 2889 602 3114 665; x_wconf 86' lang='lat' dir='ltr'><strong>metunt,</strong></span> <span class='ocrx_word' id='word_1_162' title='bbox 3144 604 3274 651; x_wconf 87' lang='lat' dir='ltr'><strong>sunt</strong></span> <span class='ocrx_word' id='word_1_163' title='bbox 3303 594 3554 667; x_wconf 81' lang='lat' dir='ltr'><strong>apostoli.</strong></span> <span class='ocrx_word' id='word_1_164' title='bbox 3604 594 3803 649; x_wconf 77' lang='lat' dir='ltr'><strong>Mansit</strong></span> 
     </span>
    </p>
   </div>
   <div class='ocr_carea' id='block_1_18' title="bbox 2197 684 3809 767">
    <p class='ocr_par' dir='ltr' id='par_1_18' title="bbox 2197 684 3809 767">
     <span class='ocr_line' id='line_1_18' title="bbox 2197 684 3809 767; baseline -0.004 -19"><span class='ocrx_word' id='word_1_165' title='bbox 2197 696 2338 767; x_wconf 87' lang='lat' dir='ltr'><strong>apud</strong></span> <span class='ocrx_word' id='word_1_166' title='bbox 2359 709 2443 748; x_wconf 83' lang='lat' dir='ltr'><strong>eos</strong></span> <span class='ocrx_word' id='word_1_167' title='bbox 2466 694 2599 747; x_wconf 86' lang='lat' dir='ltr'><strong>duos</strong></span> <span class='ocrx_word' id='word_1_168' title='bbox 2622 692 2751 761; x_wconf 85' lang='lat' dir='ltr'><strong>dies,</strong></span> <span class='ocrx_word' id='word_1_169' title='bbox 2785 691 2836 745; x_wconf 89' lang='lat' dir='ltr'><strong>id</strong></span> <span class='ocrx_word' id='word_1_170' title='bbox 2867 700 2971 759; x_wconf 88' lang='lat' dir='ltr'><strong>est,</strong></span> <span class='ocrx_word' id='word_1_171' title='bbox 2998 698 3121 759; x_wconf 89' lang='lat' dir='ltr'><strong>post</strong></span> <span class='ocrx_word' id='word_1_172' title='bbox 3164 689 3277 745; x_wconf 92' lang='lat' dir='ltr'><strong>duo</strong></span> <span class='ocrx_word' id='word_1_173' title='bbox 3328 684 3672 745; x_wconf 84' lang='lat' dir='ltr'><strong>Testamenta</strong></span> <span class='ocrx_word' id='word_1_174' title='bbox 3701 696 3809 743; x_wconf 86' lang='lat' dir='ltr'><strong>tra-</strong></span> 
     </span>
    </p>
   </div>
   <div class='ocr_carea' id='block_1_19' title="bbox 2200 781 3800 854">
    <p class='ocr_par' dir='ltr' id='par_1_19' title="bbox 2200 781 3800 854">
     <span class='ocr_line' id='line_1_19' title="bbox 2200 781 3800 854; baseline -0.006 -10"><span class='ocrx_word' id='word_1_175' title='bbox 2200 788 2311 845; x_wconf 91' lang='lat' dir='ltr'><strong>dita</strong></span> <span class='ocrx_word' id='word_1_176' title='bbox 2334 784 2537 843; x_wconf 68' lang='lat' dir='ltr'><strong>Iudaeis</strong></span> <span class='ocrx_word' id='word_1_177' title='bbox 2566 803 2579 841; x_wconf 92' lang='lat'>:</span> <span class='ocrx_word' id='word_1_178' title='bbox 2610 786 2732 839; x_wconf 88' lang='lat' dir='ltr'><strong>abiit</strong></span> <span class='ocrx_word' id='word_1_179' title='bbox 2755 785 2805 839; x_wconf 86' lang='lat' dir='ltr'><strong>in</strong></span> <span class='ocrx_word' id='word_1_180' title='bbox 2834 781 3109 839; x_wconf 73' lang='lat' dir='ltr'><strong>Galitazam</strong></span> <span class='ocrx_word' id='word_1_181' title='bbox 3136 824 3151 850; x_wconf 96' lang='lat'><strong>,</strong></span> <span class='ocrx_word' id='word_1_182' title='bbox 3210 781 3265 839; x_wconf 88' lang='lat' dir='ltr'><strong>id</strong></span> <span class='ocrx_word' id='word_1_183' title='bbox 3311 788 3436 851; x_wconf 85' lang='lat' dir='ltr'><strong>est,</strong></span> <span class='ocrx_word' id='word_1_184' title='bbox 3492 781 3559 837; x_wconf 91' lang='lat' dir='ltr'><strong>ad</strong></span> <span class='ocrx_word' id='word_1_185' title='bbox 3589 789 3800 854; x_wconf 80' lang='lat' dir='ltr'><strong>gentes.</strong></span> 
     </span>
    </p>
   </div>
   <div class='ocr_carea' id='block_1_20' title="bbox 2203 876 3806 950">
    <p class='ocr_par' dir='ltr' id='par_1_20' title="bbox 2203 876 3806 950">
     <span class='ocr_line' id='line_1_20' title="bbox 2203 876 3806 950; baseline -0.004 -13"><span class='ocrx_word' id='word_1_186' title='bbox 2203 879 2301 938; x_wconf 80' lang='lat' dir='ltr'><strong>llic</strong></span> <span class='ocrx_word' id='word_1_187' title='bbox 2327 880 2507 947; x_wconf 88' lang='lat' dir='ltr'><strong>aliter,</strong></span> <span class='ocrx_word' id='word_1_188' title='bbox 2540 879 2633 950; x_wconf 84' lang='lat' dir='ltr'><strong>qui</strong></span> <span class='ocrx_word' id='word_1_189' title='bbox 2662 878 2860 934; x_wconf 85' lang='lat' dir='ltr'><strong>mortui</strong></span> <span class='ocrx_word' id='word_1_190' title='bbox 2911 887 3041 933; x_wconf 89' lang='lat' dir='ltr'><strong>sunt</strong></span> <span class='ocrx_word' id='word_1_191' title='bbox 3087 876 3469 947; x_wconf 83' lang='lat' dir='ltr'><strong>corpOraliter,</strong></span> <span class='ocrx_word' id='word_1_192' title='bbox 3519 876 3571 931; x_wconf 88' lang='lat' dir='ltr'><strong>in</strong></span> <span class='ocrx_word' id='word_1_193' title='bbox 3624 876 3806 931; x_wconf 88' lang='lat' dir='ltr'><strong>futuro</strong></span> 
     </span>
    </p>
   </div>
   <div class='ocr_carea' id='block_1_21' title="bbox 2205 968 3810 1042">
    <p class='ocr_par' dir='ltr' id='par_1_21' title="bbox 2205 968 3810 1042">
     <span class='ocr_line' id='line_1_21' title="bbox 2205 968 3810 1042; baseline -0.004 -13"><span class='ocrx_word' id='word_1_194' title='bbox 2205 974 2432 1029; x_wconf 86' lang='lat' dir='ltr'><strong>audiunt</strong></span> <span class='ocrx_word' id='word_1_195' title='bbox 2454 985 2642 1029; x_wconf 89' lang='lat' dir='ltr'><strong>vocem</strong></span> <span class='ocrx_word' id='word_1_196' title='bbox 2676 971 2797 1042; x_wconf 79' lang='lat' dir='ltr'><strong>ejus</strong></span> <span class='ocrx_word' id='word_1_197' title='bbox 2820 1013 2835 1040; x_wconf 87' lang='lat'><strong>,</strong></span> <span class='ocrx_word' id='word_1_198' title='bbox 2869 978 2925 1025; x_wconf 90' lang='lat' dir='ltr'><strong>et</strong></span> <span class='ocrx_word' id='word_1_199' title='bbox 2965 968 3380 1025; x_wconf 82' lang='lat' dir='ltr'><strong>resbscitantur.</strong></span> <span class='ocrx_word' id='word_1_200' title='bbox 3434 969 3586 1025; x_wconf 86' lang='lat' dir='ltr'><strong>Sicut</strong></span> <span class='ocrx_word' id='word_1_201' title='bbox 3645 968 3810 1025; x_wconf 89' lang='lat' dir='ltr'><strong>habet</strong></span> 
     </span>
    </p>
   </div>
   <div class='ocr_carea' id='block_1_22' title="bbox 2206 1061 3805 1143">
    <p class='ocr_par' dir='ltr' id='par_1_22' title="bbox 2206 1061 3805 1143">
     <span class='ocr_line' id='line_1_22' title="bbox 2206 1061 3805 1143; baseline -0.006 -18"><span class='ocrx_word' id='word_1_202' title='bbox 2206 1069 2260 1125; x_wconf 86' lang='lat' dir='ltr'><strong>in</strong></span> <span class='ocrx_word' id='word_1_203' title='bbox 2292 1081 2351 1124; x_wconf 92' lang='lat' dir='ltr'><strong>se</strong></span> <span class='ocrx_word' id='word_1_204' title='bbox 2378 1067 2541 1123; x_wconf 90' lang='lat' dir='ltr'><strong>vitam</strong></span> <span class='ocrx_word' id='word_1_205' title='bbox 2576 1066 2689 1123; x_wconf 88' lang='lat' dir='ltr'><strong>:ita</strong></span> <span class='ocrx_word' id='word_1_206' title='bbox 2712 1074 2767 1121; x_wconf 91' lang='lat' dir='ltr'><strong>et</strong></span> <span class='ocrx_word' id='word_1_207' title='bbox 2798 1064 2979 1119; x_wconf 82' lang='lat' dir='ltr'><strong>ﬁlius:</strong></span> <span class='ocrx_word' id='word_1_208' title='bbox 3012 1063 3156 1143; x_wconf 76' lang='lat' dir='ltr'><strong>quod</strong></span> <span class='ocrx_word' id='word_1_209' title='bbox 3198 1062 3416 1127; x_wconf 71' lang='lat' dir='ltr'><strong>dicitItr,</strong></span> <span class='ocrx_word' id='word_1_210' title='bbox 3467 1063 3608 1117; x_wconf 85' lang='lat' dir='ltr'><strong>dedit</strong></span> <span class='ocrx_word' id='word_1_211' title='bbox 3653 1061 3763 1133; x_wconf 81' lang='lat' dir='ltr'><strong>ﬁlio</strong></span> <span class='ocrx_word' id='word_1_212' title='bbox 3789 1106 3805 1130; x_wconf 90' lang='lat'><strong>,</strong></span> 
     </span>
    </p>
   </div>
   <div class='ocr_carea' id='block_1_23' title="bbox 2207 1146 3809 1233">
    <p class='ocr_par' dir='ltr' id='par_1_23' title="bbox 2207 1146 3809 1233">
     <span class='ocr_line' id='line_1_23' title="bbox 2207 1146 3809 1233; baseline -0.006 -14"><span class='ocrx_word' id='word_1_213' title='bbox 2207 1162 2312 1219; x_wconf 86' lang='lat' dir='ltr'><strong>hoc</strong></span> <span class='ocrx_word' id='word_1_214' title='bbox 2338 1171 2444 1229; x_wconf 88' lang='lat' dir='ltr'><strong>est,</strong></span> <span class='ocrx_word' id='word_1_215' title='bbox 2472 1177 2572 1233; x_wconf 89' lang='lat' dir='ltr'><strong>pro</strong></span> <span class='ocrx_word' id='word_1_216' title='bbox 2603 1168 2757 1232; x_wconf 86' lang='lat' dir='ltr'><strong>parte</strong></span> <span class='ocrx_word' id='word_1_217' title='bbox 2782 1156 2984 1215; x_wconf 82' lang='lat' dir='ltr'><strong>carnis.</strong></span> <span class='ocrx_word' id='word_1_218' title='bbox 3037 1146 3141 1225; x_wconf 86' lang='lat' dir='ltr'><strong>Qui</strong></span> <span class='ocrx_word' id='word_1_219' title='bbox 3169 1155 3301 1211; x_wconf 89' lang='lat' dir='ltr'><strong>bona</strong></span> <span class='ocrx_word' id='word_1_220' title='bbox 3352 1158 3580 1227; x_wconf 81' lang='lat' dir='ltr'><strong>fecerunt</strong></span> <span class='ocrx_word' id='word_1_221' title='bbox 3628 1156 3683 1210; x_wconf 88' lang='lat' dir='ltr'><strong>in</strong></span> <span class='ocrx_word' id='word_1_222' title='bbox 3728 1172 3809 1211; x_wconf 86' lang='lat' dir='ltr'><strong>re-</strong></span> 
     </span>
    </p>
   </div>
   <div class='ocr_carea' id='block_1_24' title="bbox 2210 1248 3810 1321">
    <p class='ocr_par' dir='ltr' id='par_1_24' title="bbox 2210 1248 3810 1321">
     <span class='ocr_line' id='line_1_24' title="bbox 2210 1248 3810 1321; baseline -0.005 -10"><span class='ocrx_word' id='word_1_223' title='bbox 2210 1258 2586 1311; x_wconf 84' lang='lat' dir='ltr'><strong>surrectionem</strong></span> <span class='ocrx_word' id='word_1_224' title='bbox 2614 1256 2749 1321; x_wconf 73' lang='lat' dir='ltr'><strong>vitta,</strong></span> <span class='ocrx_word' id='word_1_225' title='bbox 2784 1254 2886 1309; x_wconf 89' lang='lat' dir='ltr'><strong>hoc</strong></span> <span class='ocrx_word' id='word_1_226' title='bbox 2916 1258 3021 1321; x_wconf 87' lang='lat' dir='ltr'><strong>est,</strong></span> <span class='ocrx_word' id='word_1_227' title='bbox 3054 1251 3146 1321; x_wconf 89' lang='lat' dir='ltr'><strong>qui</strong></span> <span class='ocrx_word' id='word_1_228' title='bbox 3177 1251 3413 1321; x_wconf 88' lang='lat' dir='ltr'><strong>seipsum</strong></span> <span class='ocrx_word' id='word_1_229' title='bbox 3440 1248 3653 1321; x_wconf 83' lang='lat' dir='ltr'><strong>judicat</strong></span> <span class='ocrx_word' id='word_1_230' title='bbox 3678 1295 3692 1320; x_wconf 91' lang='lat'><strong>,</strong></span> <span class='ocrx_word' id='word_1_231' title='bbox 3721 1265 3810 1304; x_wconf 82' lang='lat' dir='ltr'><strong>re-</strong></span> 
     </span>
    </p>
   </div>
   <div class='ocr_carea' id='block_1_25' title="bbox 2213 1330 3813 1421">
    <p class='ocr_par' dir='ltr' id='par_1_25' title="bbox 2213 1330 3813 1421">
     <span class='ocr_line' id='line_1_25' title="bbox 2213 1330 3813 1421; baseline -0.006 -15"><span class='ocrx_word' id='word_1_232' title='bbox 2213 1351 2385 1421; x_wconf 82' lang='lat' dir='ltr'><strong>surgit</strong></span> <span class='ocrx_word' id='word_1_233' title='bbox 2414 1365 2428 1403; x_wconf 87' lang='lat'><strong>:</strong></span> <span class='ocrx_word' id='word_1_234' title='bbox 2457 1357 2512 1404; x_wconf 89' lang='lat' dir='ltr'><strong>et</strong></span> <span class='ocrx_word' id='word_1_235' title='bbox 2533 1348 2714 1415; x_wconf 83' lang='lat' dir='ltr'><strong>aliter,</strong></span> <span class='ocrx_word' id='word_1_236' title='bbox 2746 1347 2835 1420; x_wconf 86' lang='lat' dir='ltr'><strong>qui</strong></span> <span class='ocrx_word' id='word_1_237' title='bbox 2871 1330 3069 1401; x_wconf 74' lang='lat' dir='ltr'><strong>mortui</strong></span> <span class='ocrx_word' id='word_1_238' title='bbox 3116 1350 3243 1399; x_wconf 87' lang='lat' dir='ltr'><strong>sunt</strong></span> <span class='ocrx_word' id='word_1_239' title='bbox 3291 1344 3342 1399; x_wconf 90' lang='lat' dir='ltr'><strong>in</strong></span> <span class='ocrx_word' id='word_1_240' title='bbox 3375 1340 3607 1414; x_wconf 83' lang='lat' dir='ltr'><strong>peccatis</strong></span> <span class='ocrx_word' id='word_1_241' title='bbox 3638 1388 3653 1413; x_wconf 89' lang='lat'><strong>,</strong></span> <span class='ocrx_word' id='word_1_242' title='bbox 3712 1358 3813 1412; x_wconf 86' lang='lat' dir='ltr'><strong>per</strong></span> 
     </span>
    </p>
   </div>
   <div class='ocr_carea' id='block_1_26' title="bbox 2214 1426 3816 1513">
    <p class='ocr_par' dir='ltr' id='par_1_26' title="bbox 2214 1426 3816 1513">
     <span class='ocr_line' id='line_1_26' title="bbox 2214 1426 3816 1513; baseline -0.007 -14"><span class='ocrx_word' id='word_1_243' title='bbox 2214 1442 2629 1499; x_wconf 85' lang='lat' dir='ltr'><strong>conversionem</strong></span> <span class='ocrx_word' id='word_1_244' title='bbox 2656 1438 2783 1496; x_wconf 85' lang='lat' dir='ltr'><strong>tidei</strong></span> <span class='ocrx_word' id='word_1_245' title='bbox 2812 1439 3001 1495; x_wconf 87' lang='lat' dir='ltr'><strong>vivunt</strong></span> <span class='ocrx_word' id='word_1_246' title='bbox 3030 1434 3097 1492; x_wconf 86' lang='lat' dir='ltr'><strong>ad</strong></span> <span class='ocrx_word' id='word_1_247' title='bbox 3124 1435 3286 1493; x_wconf 79' lang='lat' dir='ltr'><strong>vitam</strong></span> <span class='ocrx_word' id='word_1_248' title='bbox 3318 1455 3332 1513; x_wconf 67' lang='grc' dir='ltr'><strong><em>ς</em></strong></span> <span class='ocrx_word' id='word_1_249' title='bbox 3376 1426 3476 1508; x_wconf 80' lang='lat' dir='ltr'><strong>ipsi</strong></span> <span class='ocrx_word' id='word_1_250' title='bbox 3524 1445 3816 1508; x_wconf 85' lang='lat' dir='ltr'><strong>resurgunt</strong></span> 
     </span>
    </p>
   </div>
   <div class='ocr_carea' id='block_1_27' title="bbox 2216 1526 3818 1609">
    <p class='ocr_par' dir='ltr' id='par_1_27' title="bbox 2216 1526 3818 1609">
     <span class='ocr_line' id='line_1_27' title="bbox 2216 1526 3818 1609; baseline -0.004 -18"><span class='ocrx_word' id='word_1_251' title='bbox 2216 1537 2286 1591; x_wconf 87' lang='lat' dir='ltr'><strong>ad</strong></span> <span class='ocrx_word' id='word_1_252' title='bbox 2300 1536 2585 1609; x_wconf 85' lang='lat' dir='ltr'><strong>judicium,</strong></span> <span class='ocrx_word' id='word_1_253' title='bbox 2617 1535 2707 1606; x_wconf 90' lang='lat' dir='ltr'><strong>qui</strong></span> <span class='ocrx_word' id='word_1_254' title='bbox 2738 1534 2826 1589; x_wconf 88' lang='lat' dir='ltr'><strong>hic</strong></span> <span class='ocrx_word' id='word_1_255' title='bbox 2849 1533 2989 1589; x_wconf 88' lang='lat' dir='ltr'><strong>male</strong></span> <span class='ocrx_word' id='word_1_256' title='bbox 3019 1526 3265 1605; x_wconf 83' lang='lat' dir='ltr'><strong>egerunt.</strong></span> <span class='ocrx_word' id='word_1_257' title='bbox 3299 1528 3449 1600; x_wconf 87' lang='lat' dir='ltr'><strong>Quod</strong></span> <span class='ocrx_word' id='word_1_258' title='bbox 3475 1528 3607 1586; x_wconf 87' lang='lat' dir='ltr'><strong>dicit</strong></span> <span class='ocrx_word' id='word_1_259' title='bbox 3640 1575 3655 1599; x_wconf 89' lang='lat'><strong>,</strong></span> <span class='ocrx_word' id='word_1_260' title='bbox 3702 1548 3818 1584; x_wconf 85' lang='lat' dir='ltr'><strong>non</strong></span> 
     </span>
    </p>
   </div>
   <div class='ocr_carea' id='block_1_28' title="bbox 2219 1623 3817 1701">
    <p class='ocr_par' dir='ltr' id='par_1_28' title="bbox 2219 1623 3817 1701">
     <span class='ocr_line' id='line_1_28' title="bbox 2219 1623 3817 1701; baseline -0.003 -18"><span class='ocrx_word' id='word_1_261' title='bbox 2219 1629 2357 1701; x_wconf 77' lang='lat' dir='ltr'><strong>facio</strong></span> <span class='ocrx_word' id='word_1_262' title='bbox 2388 1638 2419 1683; x_wconf 88' lang='lat' dir='ltr'><strong>a</strong></span> <span class='ocrx_word' id='word_1_263' title='bbox 2444 1646 2522 1684; x_wconf 89' lang='lat' dir='ltr'><strong>me</strong></span> <span class='ocrx_word' id='word_1_264' title='bbox 2551 1628 2856 1699; x_wconf 79' lang='lat' dir='ltr'><strong>quidquam;</strong></span> <span class='ocrx_word' id='word_1_265' title='bbox 2897 1628 3137 1684; x_wconf 88' lang='lat' dir='ltr'><strong>ostendit</strong></span> <span class='ocrx_word' id='word_1_266' title='bbox 3189 1640 3286 1697; x_wconf 89' lang='lat' dir='ltr'><strong>pro</strong></span> <span class='ocrx_word' id='word_1_267' title='bbox 3339 1632 3489 1696; x_wconf 88' lang='lat' dir='ltr'><strong>parte</strong></span> <span class='ocrx_word' id='word_1_268' title='bbox 3518 1623 3772 1696; x_wconf 75' lang='lat' dir='ltr'><strong>corporis</strong></span> <span class='ocrx_word' id='word_1_269' title='bbox 3802 1642 3817 1678; x_wconf 87' lang='lat'>:</span> 
     </span>
    </p>
   </div>
   <div class='ocr_carea' id='block_1_29' title="bbox 515 1712 3819 1795">
    <p class='ocr_par' dir='ltr' id='par_1_29' title="bbox 515 1712 3819 1795">
     <span class='ocr_line' id='line_1_29' title="bbox 515 1712 3819 1795; baseline -0.002 -16"><span class='ocrx_word' id='word_1_270' title='bbox 515 1724 798 1795; x_wconf 82' lang='lat' dir='ltr'><strong>loquimur,</strong></span> <span class='ocrx_word' id='word_1_271' title='bbox 829 1722 967 1794; x_wconf 88' lang='lat' dir='ltr'><strong>quod</strong></span> <span class='ocrx_word' id='word_1_272' title='bbox 995 1722 1216 1778; x_wconf 80' lang='lat' dir='ltr'><strong>uidimus</strong></span> <span class='ocrx_word' id='word_1_273' title='bbox 1247 1730 1512 1786; x_wconf 81' lang='lat' dir='ltr'><strong>testamur,</strong></span> <span class='ocrx_word' id='word_1_274' title='bbox 1545 1720 1685 1791; x_wconf 90' lang='lat' dir='ltr'><strong>quod</strong></span> <span class='ocrx_word' id='word_1_275' title='bbox 1717 1720 1973 1787; x_wconf 86' lang='lat' dir='ltr'><strong>dicimus,</strong></span> <span class='ocrx_word' id='word_1_276' title='bbox 2002 1720 2112 1773; x_wconf 87' lang='lat' dir='ltr'><strong>sci-</strong></span> <span class='ocrx_word' id='word_1_277' title='bbox 2141 1716 2191 1777; x_wconf 89' lang='lat' dir='ltr'><strong>B</strong></span> <span class='ocrx_word' id='word_1_278' title='bbox 2218 1726 2349 1778; x_wconf 85' lang='lat' dir='ltr'><strong>sicut</strong></span> <span class='ocrx_word' id='word_1_279' title='bbox 2366 1722 2545 1789; x_wconf 90' lang='lat' dir='ltr'><strong>audio,</strong></span> <span class='ocrx_word' id='word_1_280' title='bbox 2578 1732 2624 1777; x_wconf 90' lang='lat' dir='ltr'><strong>et</strong></span> <span class='ocrx_word' id='word_1_281' title='bbox 2637 1720 2824 1795; x_wconf 85' lang='lat' dir='ltr'><strong>judico</strong></span> <span class='ocrx_word' id='word_1_282' title='bbox 2854 1737 2871 1775; x_wconf 88' lang='lat'><em>:</em></span> <span class='ocrx_word' id='word_1_283' title='bbox 2899 1721 3166 1792; x_wconf 85' lang='lat' dir='ltr'><strong>judicium</strong></span> <span class='ocrx_word' id='word_1_284' title='bbox 3194 1736 3375 1777; x_wconf 89' lang='lat' dir='ltr'><strong>meum</strong></span> <span class='ocrx_word' id='word_1_285' title='bbox 3425 1712 3629 1790; x_wconf 89' lang='lat' dir='ltr'><strong>justum</strong></span> <span class='ocrx_word' id='word_1_286' title='bbox 3683 1729 3771 1774; x_wconf 90' lang='lat' dir='ltr'><strong>est</strong></span> <span class='ocrx_word' id='word_1_287' title='bbox 3805 1736 3819 1773; x_wconf 88' lang='lat'><strong>:</strong></span> 
     </span>
    </p>
   </div>
   <div class='ocr_carea' id='block_1_30' title="bbox 517 1812 2116 1887">
    <p class='ocr_par' dir='ltr' id='par_1_30' title="bbox 517 1812 2116 1887">
     <span class='ocr_line' id='line_1_30' title="bbox 517 1812 2116 1887; baseline -0.003 -17"><span class='ocrx_word' id='word_1_288' title='bbox 517 1831 657 1882; x_wconf 80' lang='lat' dir='ltr'><strong>ntus,</strong></span> <span class='ocrx_word' id='word_1_289' title='bbox 687 1817 927 1872; x_wconf 87' lang='lat' dir='ltr'><strong>ostendit</strong></span> <span class='ocrx_word' id='word_1_290' title='bbox 951 1833 1048 1887; x_wconf 91' lang='lat' dir='ltr'><strong>per</strong></span> <span class='ocrx_word' id='word_1_291' title='bbox 1077 1816 1266 1873; x_wconf 83' lang='lat' dir='ltr'><strong>modos</strong></span> <span class='ocrx_word' id='word_1_292' title='bbox 1294 1814 1582 1871; x_wconf 88' lang='lat' dir='ltr'><strong>locutionis</strong></span> <span class='ocrx_word' id='word_1_293' title='bbox 1608 1853 1624 1880; x_wconf 94' lang='lat'><strong>,</strong></span> <span class='ocrx_word' id='word_1_294' title='bbox 1654 1815 1769 1868; x_wconf 86' lang='lat' dir='ltr'><strong>sive</strong></span> <span class='ocrx_word' id='word_1_295' title='bbox 1799 1822 1910 1867; x_wconf 90' lang='lat' dir='ltr'><strong>tota</strong></span> <span class='ocrx_word' id='word_1_296' title='bbox 1937 1812 2116 1867; x_wconf 83' lang='lat' dir='ltr'><strong>Trini-</strong></span> 
     </span>
    </p>
   </div>
   <div class='ocr_carea' id='block_1_31' title="bbox 519 1905 2114 1977">
    <p class='ocr_par' dir='ltr' id='par_1_31' title="bbox 519 1905 2114 1977">
     <span class='ocr_line' id='line_1_31' title="bbox 519 1905 2114 1977; baseline -0.005 -12"><span class='ocrx_word' id='word_1_297' title='bbox 519 1920 602 1966; x_wconf 85' lang='lat' dir='ltr'><strong>tas</strong></span> <span class='ocrx_word' id='word_1_298' title='bbox 621 1950 637 1977; x_wconf 91' lang='lat'><strong>,</strong></span> <span class='ocrx_word' id='word_1_299' title='bbox 661 1911 747 1968; x_wconf 83' lang='lat' dir='ltr'><strong>vel</strong></span> <span class='ocrx_word' id='word_1_300' title='bbox 776 1909 1023 1965; x_wconf 83' lang='lat' dir='ltr'><strong>Christus</strong></span> <span class='ocrx_word' id='word_1_301' title='bbox 1066 1923 1197 1963; x_wconf 88' lang='lat' dir='ltr'><strong>cum</strong></span> <span class='ocrx_word' id='word_1_302' title='bbox 1220 1907 1482 1977; x_wconf 82' lang='lat' dir='ltr'><strong>apostolis</strong></span> <span class='ocrx_word' id='word_1_303' title='bbox 1511 1914 1567 1961; x_wconf 92' lang='lat' dir='ltr'><strong>et</strong></span> <span class='ocrx_word' id='word_1_304' title='bbox 1593 1905 1874 1975; x_wconf 88' lang='lat' dir='ltr'><strong>prophetis</strong></span> <span class='ocrx_word' id='word_1_305' title='bbox 1908 1920 1921 1958; x_wconf 91' lang='lat'><strong>:</strong></span> <span class='ocrx_word' id='word_1_306' title='bbox 1952 1913 2114 1959; x_wconf 86' lang='lat' dir='ltr'><strong>testa-</strong></span> 
     </span>
    </p>
   </div>
   <div class='ocr_carea' id='block_1_32' title="bbox 521 2000 2118 2071">
    <p class='ocr_par' dir='ltr' id='par_1_32' title="bbox 521 2000 2118 2071">
     <span class='ocr_line' id='line_1_32' title="bbox 521 2000 2118 2071; baseline -0.003 -13"><span class='ocrx_word' id='word_1_307' title='bbox 521 2021 679 2069; x_wconf 84' lang='lat' dir='ltr'><strong>mur,</strong></span> <span class='ocrx_word' id='word_1_308' title='bbox 729 2003 781 2059; x_wconf 90' lang='lat' dir='ltr'><strong>id</strong></span> <span class='ocrx_word' id='word_1_309' title='bbox 839 2014 967 2071; x_wconf 85' lang='lat' dir='ltr'><strong>est,</strong></span> <span class='ocrx_word' id='word_1_310' title='bbox 1019 2002 1383 2058; x_wconf 87' lang='lat' dir='ltr'><strong>testimonium</strong></span> <span class='ocrx_word' id='word_1_311' title='bbox 1454 2001 1650 2056; x_wconf 86' lang='lat' dir='ltr'><strong>damus</strong></span> <span class='ocrx_word' id='word_1_312' title='bbox 1699 2018 1713 2055; x_wconf 86' lang='lat'><strong>:</strong></span> <span class='ocrx_word' id='word_1_313' title='bbox 1772 2000 2118 2054; x_wconf 86' lang='lat' dir='ltr'><strong>testimonium</strong></span> 
     </span>
    </p>
   </div>
   <div class='ocr_carea' id='block_1_33' title="bbox 521 2094 2117 2169">
    <p class='ocr_par' dir='ltr' id='par_1_33' title="bbox 521 2094 2117 2169">
     <span class='ocr_line' id='line_1_33' title="bbox 521 2094 2117 2169; baseline -0.003 -17"><span class='ocrx_word' id='word_1_314' title='bbox 521 2108 753 2153; x_wconf 84' lang='lat' dir='ltr'><strong>nostrum</strong></span> <span class='ocrx_word' id='word_1_315' title='bbox 774 2115 876 2153; x_wconf 79' lang='lat' dir='ltr'><strong>non</strong></span> <span class='ocrx_word' id='word_1_316' title='bbox 906 2097 1163 2169; x_wconf 80' lang='lat' dir='ltr'><strong>accipitis,</strong></span> <span class='ocrx_word' id='word_1_317' title='bbox 1190 2096 1242 2150; x_wconf 91' lang='lat' dir='ltr'><strong>id</strong></span> <span class='ocrx_word' id='word_1_318' title='bbox 1274 2106 1379 2165; x_wconf 84' lang='lat' dir='ltr'><strong>est,</strong></span> <span class='ocrx_word' id='word_1_319' title='bbox 1409 2094 1849 2166; x_wconf 59' lang='lat' dir='ltr'><strong>praedicationem</strong></span> <span class='ocrx_word' id='word_1_320' title='bbox 1879 2101 2117 2149; x_wconf 84' lang='lat' dir='ltr'><strong>nostram</strong></span> 
     </span>
    </p>
   </div>
   <div class='ocr_carea' id='block_1_34' title="bbox 519 2188 2119 2248">
    <p class='ocr_par' dir='ltr' id='par_1_34' title="bbox 519 2188 2119 2248">
     <span class='ocr_line' id='line_1_34' title="bbox 519 2188 2119 2248; baseline -0.003 0"><span class='ocrx_word' id='word_1_321' title='bbox 519 2205 628 2248; x_wconf 85' lang='lat' dir='ltr'><strong>non</strong></span> <span class='ocrx_word' id='word_1_322' title='bbox 649 2192 873 2247; x_wconf 87' lang='lat' dir='ltr'><strong>creditis</strong></span> <span class='ocrx_word' id='word_1_323' title='bbox 905 2209 919 2247; x_wconf 89' lang='lat'><strong>:</strong></span> <span class='ocrx_word' id='word_1_324' title='bbox 944 2188 1191 2246; x_wconf 84' lang='lat' dir='ltr'><strong>Christus</strong></span> <span class='ocrx_word' id='word_1_325' title='bbox 1218 2190 1288 2246; x_wconf 92' lang='lat' dir='ltr'><strong>de</strong></span> <span class='ocrx_word' id='word_1_326' title='bbox 1311 2190 1451 2246; x_wconf 70' lang='lat' dir='ltr'><strong>cmlo</strong></span> <span class='ocrx_word' id='word_1_327' title='bbox 1479 2188 1759 2245; x_wconf 83' lang='lat' dir='ltr'><strong>descendit</strong></span> <span class='ocrx_word' id='word_1_328' title='bbox 1795 2188 2119 2244; x_wconf 83' lang='lat' dir='ltr'><strong>assumendo</strong></span> 
     </span>
    </p>
   </div>
   <div class='ocr_carea' id='block_1_35' title="bbox 518 2300 760 2341">
    <p class='ocr_par' dir='ltr' id='par_1_35' title="bbox 518 2300 760 2341">
     <span class='ocr_line' id='line_1_35' title="bbox 518 2300 760 2341; baseline -0.008 0"><span class='ocrx_word' id='word_1_329' title='bbox 518 2300 735 2341; x_wconf 83' lang='lat' dir='ltr'><strong>carnem</strong></span> <span class='ocrx_word' id='word_1_330' title='bbox 746 2322 760 2339; x_wconf 78' lang='grc' dir='ltr'><strong><em>ο</em></strong></span> 
     </span>
    </p>
   </div>
   <div class='ocr_carea' id='block_1_36' title="bbox 598 2378 2123 2448">
    <p class='ocr_par' dir='ltr' id='par_1_36' title="bbox 598 2378 2123 2448">
     <span class='ocr_line' id='line_1_36' title="bbox 598 2378 2123 2448; baseline -0.003 -12"><span class='ocrx_word' id='word_1_331' title='bbox 598 2381 773 2437; x_wconf 86' lang='lat' dir='ltr'><strong>Nemo</strong></span> <span class='ocrx_word' id='word_1_332' title='bbox 793 2380 1026 2436; x_wconf 73' lang='lat' dir='ltr'><strong>ascendit</strong></span> <span class='ocrx_word' id='word_1_333' title='bbox 1054 2381 1126 2435; x_wconf 84' lang='lat' dir='ltr'><strong>ad</strong></span> <span class='ocrx_word' id='word_1_334' title='bbox 1150 2380 1367 2448; x_wconf 71' lang='lat' dir='ltr'><strong>ctutum,</strong></span> <span class='ocrx_word' id='word_1_335' title='bbox 1416 2379 1518 2434; x_wconf 89' lang='lat' dir='ltr'><strong>nisi</strong></span> <span class='ocrx_word' id='word_1_336' title='bbox 1546 2378 1823 2444; x_wconf 89' lang='lat' dir='ltr'><strong>Christus;</strong></span> <span class='ocrx_word' id='word_1_337' title='bbox 1873 2393 1989 2432; x_wconf 88' lang='lat' dir='ltr'><strong>cum</strong></span> <span class='ocrx_word' id='word_1_338' title='bbox 2036 2394 2123 2431; x_wconf 80' lang='lat' dir='ltr'><strong>ar—</strong></span> 
     </span>
    </p>
   </div>
   <div class='ocr_carea' id='block_1_37' title="bbox 525 2472 2125 2546">
    <p class='ocr_par' dir='ltr' id='par_1_37' title="bbox 525 2472 2125 2546">
     <span class='ocr_line' id='line_1_37' title="bbox 525 2472 2125 2546; baseline -0.003 -14"><span class='ocrx_word' id='word_1_339' title='bbox 525 2476 671 2541; x_wconf 84' lang='lat' dir='ltr'><strong>bore,</strong></span> <span class='ocrx_word' id='word_1_340' title='bbox 702 2476 757 2531; x_wconf 88' lang='lat' dir='ltr'><strong>id</strong></span> <span class='ocrx_word' id='word_1_341' title='bbox 787 2484 892 2541; x_wconf 86' lang='lat' dir='ltr'><strong>est,</strong></span> <span class='ocrx_word' id='word_1_342' title='bbox 915 2475 1193 2541; x_wconf 81' lang='lat' dir='ltr'><strong>Ecclesia;</strong></span> <span class='ocrx_word' id='word_1_343' title='bbox 1223 2475 1360 2529; x_wconf 86' lang='lat' dir='ltr'><strong>sicut</strong></span> <span class='ocrx_word' id='word_1_344' title='bbox 1384 2475 1642 2529; x_wconf 76' lang='lat' dir='ltr'><strong>exaltatus</strong></span> <span class='ocrx_word' id='word_1_345' title='bbox 1666 2489 1877 2546; x_wconf 84' lang='lat' dir='ltr'><strong>serpens</strong></span> <span class='ocrx_word' id='word_1_346' title='bbox 1924 2474 1977 2527; x_wconf 85' lang='lat' dir='ltr'><strong>in</strong></span> <span class='ocrx_word' id='word_1_347' title='bbox 2035 2472 2125 2527; x_wconf 87' lang='lat' dir='ltr'><strong>de-</strong></span> 
     </span>
    </p>
   </div>
   <div class='ocr_carea' id='block_1_38' title="bbox 523 2566 2120 2636">
    <p class='ocr_par' dir='ltr' id='par_1_38' title="bbox 523 2566 2120 2636">
     <span class='ocr_line' id='line_1_38' title="bbox 523 2566 2120 2636; baseline -0.004 -11"><span class='ocrx_word' id='word_1_348' title='bbox 523 2580 686 2636; x_wconf 82' lang='lat' dir='ltr'><strong>serto,</strong></span> <span class='ocrx_word' id='word_1_349' title='bbox 713 2579 771 2624; x_wconf 88' lang='lat' dir='ltr'><strong>et</strong></span> <span class='ocrx_word' id='word_1_350' title='bbox 792 2566 1038 2624; x_wconf 85' lang='lat' dir='ltr'><strong>Christus</strong></span> <span class='ocrx_word' id='word_1_351' title='bbox 1068 2566 1338 2622; x_wconf 78' lang='lat' dir='ltr'><strong>esaltatus</strong></span> <span class='ocrx_word' id='word_1_352' title='bbox 1382 2576 1465 2621; x_wconf 87' lang='lat' dir='ltr'><strong>est</strong></span> <span class='ocrx_word' id='word_1_353' title='bbox 1514 2566 1568 2621; x_wconf 92' lang='lat' dir='ltr'><strong>in</strong></span> <span class='ocrx_word' id='word_1_354' title='bbox 1622 2566 1772 2636; x_wconf 87' lang='lat' dir='ltr'><strong>ligno</strong></span> <span class='ocrx_word' id='word_1_355' title='bbox 1826 2572 1854 2603; x_wconf 81' lang='grc' dir='ltr'>ι</span> <span class='ocrx_word' id='word_1_356' title='bbox 1908 2566 2120 2621; x_wconf 84' lang='lat' dir='ltr'><strong>crucis:</strong></span> 
     </span>
    </p>
   </div>
   <div class='ocr_carea' id='block_1_39' title="bbox 522 2660 2124 2731">
    <p class='ocr_par' dir='ltr' id='par_1_39' title="bbox 522 2660 2124 2731">
     <span class='ocr_line' id='line_1_39' title="bbox 522 2660 2124 2731; baseline -0.002 -12"><span class='ocrx_word' id='word_1_357' title='bbox 522 2663 660 2719; x_wconf 88' lang='lat' dir='ltr'><strong>sicut</strong></span> <span class='ocrx_word' id='word_1_358' title='bbox 690 2662 769 2717; x_wconf 87' lang='lat' dir='ltr'><strong>illi</strong></span> <span class='ocrx_word' id='word_1_359' title='bbox 791 2661 1037 2731; x_wconf 82' lang='lat' dir='ltr'><strong>percussi</strong></span> <span class='ocrx_word' id='word_1_360' title='bbox 1064 2676 1092 2715; x_wconf 92' lang='lat' dir='ltr'><strong>a</strong></span> <span class='ocrx_word' id='word_1_361' title='bbox 1124 2660 1495 2730; x_wconf 87' lang='lat' dir='ltr'><strong>serpentibus,</strong></span> <span class='ocrx_word' id='word_1_362' title='bbox 1524 2675 1622 2730; x_wconf 91' lang='lat' dir='ltr'><strong>per</strong></span> <span class='ocrx_word' id='word_1_363' title='bbox 1651 2662 1822 2715; x_wconf 86' lang='lat' dir='ltr'><strong>visum</strong></span> <span class='ocrx_word' id='word_1_364' title='bbox 1854 2660 2124 2731; x_wconf 89' lang='lat' dir='ltr'><strong>serpentis</strong></span> 
     </span>
    </p>
   </div>
   <div class='ocr_carea' id='block_1_40' title="bbox 525 2754 2121 2825">
    <p class='ocr_par' dir='ltr' id='par_1_40' title="bbox 525 2754 2121 2825">
     <span class='ocr_line' id='line_1_40' title="bbox 525 2754 2121 2825; baseline -0.001 -14"><span class='ocrx_word' id='word_1_365' title='bbox 525 2756 653 2811; x_wconf 70' lang='lat' dir='ltr'><strong>aerei</strong></span> <span class='ocrx_word' id='word_1_366' title='bbox 686 2754 1061 2811; x_wconf 81' lang='lat' dir='ltr'><strong>liberabantur</strong></span> <span class='ocrx_word' id='word_1_367' title='bbox 1092 2773 1104 2808; x_wconf 87' lang='lat'>:</span> <span class='ocrx_word' id='word_1_368' title='bbox 1134 2755 1207 2809; x_wconf 90' lang='lat' dir='ltr'><strong>ita</strong></span> <span class='ocrx_word' id='word_1_369' title='bbox 1235 2763 1291 2810; x_wconf 90' lang='lat' dir='ltr'><strong>et</strong></span> <span class='ocrx_word' id='word_1_370' title='bbox 1320 2754 1484 2809; x_wconf 91' lang='lat' dir='ltr'><strong>homo</strong></span> <span class='ocrx_word' id='word_1_371' title='bbox 1510 2768 1795 2825; x_wconf 85' lang='lat' dir='ltr'><strong>percussus</strong></span> <span class='ocrx_word' id='word_1_372' title='bbox 1815 2769 1844 2809; x_wconf 91' lang='lat' dir='ltr'><strong>a</strong></span> <span class='ocrx_word' id='word_1_373' title='bbox 1874 2754 2121 2825; x_wconf 88' lang='lat' dir='ltr'><strong>diabolo,</strong></span> 
     </span>
    </p>
   </div>
   <div class='ocr_carea' id='block_1_41' title="bbox 524 2846 2127 2918">
    <p class='ocr_par' dir='ltr' id='par_1_41' title="bbox 524 2846 2127 2918">
     <span class='ocr_line' id='line_1_41' title="bbox 524 2846 2127 2918; baseline 0 -15"><span class='ocrx_word' id='word_1_374' title='bbox 524 2850 617 2918; x_wconf 89' lang='lat' dir='ltr'><strong>qui</strong></span> <span class='ocrx_word' id='word_1_375' title='bbox 643 2847 819 2903; x_wconf 89' lang='lat' dir='ltr'><strong>credit</strong></span> <span class='ocrx_word' id='word_1_376' title='bbox 848 2849 1152 2918; x_wconf 86' lang='lat' dir='ltr'><strong>passionem</strong></span> <span class='ocrx_word' id='word_1_377' title='bbox 1182 2846 1416 2916; x_wconf 86' lang='lat' dir='ltr'><strong>Christi,</strong></span> <span class='ocrx_word' id='word_1_378' title='bbox 1462 2848 1801 2905; x_wconf 85' lang='lat' dir='ltr'><strong>liberabitur.</strong></span> <span class='ocrx_word' id='word_1_379' title='bbox 1868 2849 2024 2903; x_wconf 81' lang='lat' dir='ltr'><strong>Venit</strong></span> <span class='ocrx_word' id='word_1_380' title='bbox 2072 2850 2127 2903; x_wconf 90' lang='lat' dir='ltr'><strong>in</strong></span> 
     </span>
    </p>
   </div>
   <div class='ocr_carea' id='block_1_42' title="bbox 524 2940 2125 3009">
    <p class='ocr_par' dir='ltr' id='par_1_42' title="bbox 524 2940 2125 3009">
     <span class='ocr_line' id='line_1_42' title="bbox 524 2940 2125 3009; baseline -0.001 -13"><span class='ocrx_word' id='word_1_381' title='bbox 524 2951 713 2997; x_wconf 86' lang='lat' dir='ltr'><strong>terram</strong></span> <span class='ocrx_word' id='word_1_382' title='bbox 740 2940 1015 3008; x_wconf 69' lang='lat' dir='ltr'><strong>Iudicum,</strong></span> <span class='ocrx_word' id='word_1_383' title='bbox 1048 2941 1100 2997; x_wconf 90' lang='lat' dir='ltr'><strong>in</strong></span> <span class='ocrx_word' id='word_1_384' title='bbox 1133 2950 1335 2997; x_wconf 85' lang='lat' dir='ltr'><strong>terram</strong></span> <span class='ocrx_word' id='word_1_385' title='bbox 1389 2941 1752 2998; x_wconf 86' lang='lat' dir='ltr'><strong>confessionis</strong></span> <span class='ocrx_word' id='word_1_386' title='bbox 1789 2961 1803 2996; x_wconf 89' lang='lat'>:</span> <span class='ocrx_word' id='word_1_387' title='bbox 1844 2942 1899 2996; x_wconf 89' lang='lat' dir='ltr'><strong>in</strong></span> <span class='ocrx_word' id='word_1_388' title='bbox 1926 2940 2078 2995; x_wconf 89' lang='lat' dir='ltr'><strong>Enon</strong></span> <span class='ocrx_word' id='word_1_389' title='bbox 2111 2984 2125 3009; x_wconf 92' lang='lat'><strong>,</strong></span> 
     </span>
    </p>
   </div>
   <div class='ocr_carea' id='block_1_43' title="bbox 526 3033 2127 3103">
    <p class='ocr_par' dir='ltr' id='par_1_43' title="bbox 526 3033 2127 3103">
     <span class='ocr_line' id='line_1_43' title="bbox 526 3033 2127 3103; baseline 0.002 -15"><span class='ocrx_word' id='word_1_390' title='bbox 526 3033 578 3088; x_wconf 92' lang='lat' dir='ltr'><strong>id</strong></span> <span class='ocrx_word' id='word_1_391' title='bbox 601 3042 704 3103; x_wconf 88' lang='lat' dir='ltr'><strong>est,</strong></span> <span class='ocrx_word' id='word_1_392' title='bbox 730 3049 926 3089; x_wconf 90' lang='lat' dir='ltr'><strong>nomen</strong></span> <span class='ocrx_word' id='word_1_393' title='bbox 957 3035 1079 3101; x_wconf 90' lang='lat' dir='ltr'><strong>loci,</strong></span> <span class='ocrx_word' id='word_1_394' title='bbox 1114 3033 1201 3089; x_wconf 87' lang='lat' dir='ltr'><strong>ubi</strong></span> <span class='ocrx_word' id='word_1_395' title='bbox 1234 3034 1652 3090; x_wconf 86' lang='lat' dir='ltr'><strong>immolaverunt</strong></span> <span class='ocrx_word' id='word_1_396' title='bbox 1697 3034 1840 3089; x_wconf 87' lang='lat' dir='ltr'><strong>filios</strong></span> <span class='ocrx_word' id='word_1_397' title='bbox 1883 3042 1939 3090; x_wconf 81' lang='lat' dir='ltr'><strong>et</strong></span> <span class='ocrx_word' id='word_1_398' title='bbox 1988 3033 2127 3091; x_wconf 87' lang='lat' dir='ltr'><strong>filias</strong></span> 
     </span>
    </p>
   </div>
   <div class='ocr_carea' id='block_1_44' title="bbox 2220 1812 3817 1889">
    <p class='ocr_par' dir='ltr' id='par_1_44' title="bbox 2220 1812 3817 1889">
     <span class='ocr_line' id='line_1_44' title="bbox 2220 1812 3817 1889; baseline -0.004 -16"><span class='ocrx_word' id='word_1_399' title='bbox 2220 1828 2321 1873; x_wconf 83' lang='lat' dir='ltr'><strong>non</strong></span> <span class='ocrx_word' id='word_1_400' title='bbox 2351 1836 2525 1889; x_wconf 73' lang='lat' dir='ltr'><strong>qurere</strong></span> <span class='ocrx_word' id='word_1_401' title='bbox 2549 1820 2865 1873; x_wconf 75' lang='lat' dir='ltr'><strong>voluntatem</strong></span> <span class='ocrx_word' id='word_1_402' title='bbox 2886 1834 3071 1883; x_wconf 88' lang='lat' dir='ltr'><strong>meam,</strong></span> <span class='ocrx_word' id='word_1_403' title='bbox 3106 1817 3197 1873; x_wconf 83' lang='lat' dir='ltr'><strong>sed</strong></span> <span class='ocrx_word' id='word_1_404' title='bbox 3222 1817 3309 1888; x_wconf 87' lang='lat' dir='ltr'><strong>qui</strong></span> <span class='ocrx_word' id='word_1_405' title='bbox 3340 1814 3479 1869; x_wconf 80' lang='lat' dir='ltr'><strong>misit</strong></span> <span class='ocrx_word' id='word_1_406' title='bbox 3510 1831 3588 1869; x_wconf 90' lang='lat' dir='ltr'><strong>me</strong></span> <span class='ocrx_word' id='word_1_407' title='bbox 3612 1812 3817 1881; x_wconf 82' lang='lat' dir='ltr'><strong>Patris,</strong></span> 
     </span>
    </p>
   </div>
   <div class='ocr_carea' id='block_1_45' title="bbox 2221 1908 3537 1983">
    <p class='ocr_par' dir='ltr' id='par_1_45' title="bbox 2221 1908 3537 1983">
     <span class='ocr_line' id='line_1_45' title="bbox 2221 1908 3537 1983; baseline -0.002 -16"><span class='ocrx_word' id='word_1_408' title='bbox 2221 1911 2307 1968; x_wconf 87' lang='lat' dir='ltr'><strong>hic</strong></span> <span class='ocrx_word' id='word_1_409' title='bbox 2337 1914 2673 1969; x_wconf 86' lang='lat' dir='ltr'><strong>voluntatem</strong></span> <span class='ocrx_word' id='word_1_410' title='bbox 2704 1928 2857 1968; x_wconf 87' lang='lat' dir='ltr'><strong>suam</strong></span> <span class='ocrx_word' id='word_1_411' title='bbox 2887 1911 3086 1983; x_wconf 82' lang='lat' dir='ltr'><strong>posuit,</strong></span> <span class='ocrx_word' id='word_1_412' title='bbox 3117 1926 3216 1982; x_wconf 91' lang='lat' dir='ltr'><strong>pro</strong></span> <span class='ocrx_word' id='word_1_413' title='bbox 3256 1908 3537 1965; x_wconf 84' lang='lat' dir='ltr'><strong>membris.</strong></span> 
     </span>
    </p>
   </div>
   <div class='ocr_carea' id='block_1_46' title="bbox 2309 1998 3821 2079">
    <p class='ocr_par' dir='ltr' id='par_1_46' title="bbox 2309 1998 3821 2079">
     <span class='ocr_line' id='line_1_46' title="bbox 2309 1998 3821 2079; baseline -0.005 -14"><span class='ocrx_word' id='word_1_414' title='bbox 2309 2008 2369 2065; x_wconf 85' lang='lat' dir='ltr'><strong>Si</strong></span> <span class='ocrx_word' id='word_1_415' title='bbox 2400 2010 2745 2064; x_wconf 83' lang='lat' dir='ltr'><strong>testimonium</strong></span> <span class='ocrx_word' id='word_1_416' title='bbox 2782 2008 3022 2079; x_wconf 85' lang='lat' dir='ltr'><strong>perhibeo</strong></span> <span class='ocrx_word' id='word_1_417' title='bbox 3054 1998 3115 2061; x_wconf 78' lang='lat' dir='ltr'><strong>de</strong></span> <span class='ocrx_word' id='word_1_418' title='bbox 3144 2025 3247 2076; x_wconf 87' lang='lat' dir='ltr'><strong>me,</strong></span> <span class='ocrx_word' id='word_1_419' title='bbox 3275 2005 3627 2061; x_wconf 85' lang='lat' dir='ltr'><strong>testimonium</strong></span> <span class='ocrx_word' id='word_1_420' title='bbox 3652 2019 3821 2059; x_wconf 85' lang='lat' dir='ltr'><strong>meum</strong></span> 
     </span>
    </p>
   </div>
   <div class='ocr_carea' id='block_1_47' title="bbox 2223 2099 3822 2167">
    <p class='ocr_par' dir='ltr' id='par_1_47' title="bbox 2223 2099 3822 2167">
     <span class='ocr_line' id='line_1_47' title="bbox 2223 2099 3822 2167; baseline -0.003 -9"><span class='ocrx_word' id='word_1_421' title='bbox 2223 2120 2325 2158; x_wconf 88' lang='lat' dir='ltr'><strong>non</strong></span> <span class='ocrx_word' id='word_1_422' title='bbox 2347 2111 2423 2157; x_wconf 92' lang='lat' dir='ltr'><strong>est</strong></span> <span class='ocrx_word' id='word_1_423' title='bbox 2451 2117 2661 2166; x_wconf 88' lang='lat' dir='ltr'><strong>verum;</strong></span> <span class='ocrx_word' id='word_1_424' title='bbox 2686 2101 2826 2157; x_wconf 88' lang='lat' dir='ltr'><strong>sicut</strong></span> <span class='ocrx_word' id='word_1_425' title='bbox 2864 2102 2945 2156; x_wconf 88' lang='lat' dir='ltr'><strong>ait</strong></span> <span class='ocrx_word' id='word_1_426' title='bbox 2976 2100 3269 2167; x_wconf 87' lang='lat' dir='ltr'><strong>Salomon,</strong></span> <span class='ocrx_word' id='word_1_427' title='bbox 3297 2100 3502 2153; x_wconf 86' lang='lat' dir='ltr'><strong>Laudet</strong></span> <span class='ocrx_word' id='word_1_428' title='bbox 3525 2109 3571 2154; x_wconf 88' lang='lat' dir='ltr'><strong>te</strong></span> <span class='ocrx_word' id='word_1_429' title='bbox 3600 2099 3822 2165; x_wconf 82' lang='lat' dir='ltr'><strong>alienus,</strong></span> 
     </span>
    </p>
   </div>
   <div class='ocr_carea' id='block_1_48' title="bbox 2221 2192 3822 2265">
    <p class='ocr_par' dir='ltr' id='par_1_48' title="bbox 2221 2192 3822 2265">
     <span class='ocr_line' id='line_1_48' title="bbox 2221 2192 3822 2265; baseline -0.004 -15"><span class='ocrx_word' id='word_1_430' title='bbox 2221 2214 2328 2250; x_wconf 84' lang='lat' dir='ltr'><strong>non</strong></span> <span class='ocrx_word' id='word_1_431' title='bbox 2374 2212 2427 2249; x_wconf 84' lang='lat' dir='ltr'><strong>os</strong></span> <span class='ocrx_word' id='word_1_432' title='bbox 2477 2205 2640 2248; x_wconf 88' lang='lat' dir='ltr'><strong>tuum.</strong></span> <span class='ocrx_word' id='word_1_433' title='bbox 2687 2193 2868 2265; x_wconf 77' lang='lat' dir='ltr'><strong>Neque</strong></span> <span class='ocrx_word' id='word_1_434' title='bbox 2907 2209 3081 2248; x_wconf 86' lang='lat' dir='ltr'><strong>vocem</strong></span> <span class='ocrx_word' id='word_1_435' title='bbox 3124 2196 3242 2255; x_wconf 81' lang='lat' dir='ltr'><strong>eius</strong></span> <span class='ocrx_word' id='word_1_436' title='bbox 3282 2192 3509 2246; x_wconf 86' lang='lat' dir='ltr'><strong>audiunt</strong></span> <span class='ocrx_word' id='word_1_437' title='bbox 3554 2207 3822 2262; x_wconf 85' lang='lat' dir='ltr'><strong>umquam,</strong></span> 
     </span>
    </p>
   </div>
   <div class='ocr_carea' id='block_1_49' title="bbox 2224 2286 3829 2360">
    <p class='ocr_par' dir='ltr' id='par_1_49' title="bbox 2224 2286 3829 2360">
     <span class='ocr_line' id='line_1_49' title="bbox 2224 2286 3829 2360; baseline -0.004 -12"><span class='ocrx_word' id='word_1_438' title='bbox 2224 2288 2467 2348; x_wconf 81' lang='lat' dir='ltr'><strong>ostendit</strong></span> <span class='ocrx_word' id='word_1_439' title='bbox 2494 2288 2768 2360; x_wconf 83' lang='lat' dir='ltr'><strong>infideles,</strong></span> <span class='ocrx_word' id='word_1_440' title='bbox 2797 2286 2888 2360; x_wconf 90' lang='lat' dir='ltr'><strong>qui</strong></span> <span class='ocrx_word' id='word_1_441' title='bbox 2920 2286 3366 2360; x_wconf 61' lang='lat' dir='ltr'><strong>prtedicationem</strong></span> <span class='ocrx_word' id='word_1_442' title='bbox 3397 2286 3514 2357; x_wconf 84' lang='lat' dir='ltr'><strong>ejus</strong></span> <span class='ocrx_word' id='word_1_443' title='bbox 3538 2300 3642 2341; x_wconf 89' lang='lat' dir='ltr'><strong>non</strong></span> <span class='ocrx_word' id='word_1_444' title='bbox 3665 2300 3829 2341; x_wconf 84' lang='lat' dir='ltr'><strong>rece-</strong></span> 
     </span>
    </p>
   </div>
   <div class='ocr_carea' id='block_1_50' title="bbox 2224 2378 3827 2459">
    <p class='ocr_par' dir='ltr' id='par_1_50' title="bbox 2224 2378 3827 2459">
     <span class='ocr_line' id='line_1_50' title="bbox 2224 2378 3827 2459; baseline -0.005 -18"><span class='ocrx_word' id='word_1_445' title='bbox 2224 2394 2444 2459; x_wconf 87' lang='lat' dir='ltr'><strong>perunt.</strong></span> <span class='ocrx_word' id='word_1_446' title='bbox 2501 2381 2745 2439; x_wconf 81' lang='lat' dir='ltr'><strong>Ascendit</strong></span> <span class='ocrx_word' id='word_1_447' title='bbox 2784 2384 2837 2437; x_wconf 87' lang='lat' dir='ltr'><strong>in</strong></span> <span class='ocrx_word' id='word_1_448' title='bbox 2888 2392 3111 2438; x_wconf 88' lang='lat' dir='ltr'><strong>montem</strong></span> <span class='ocrx_word' id='word_1_449' title='bbox 3148 2398 3267 2435; x_wconf 89' lang='lat' dir='ltr'><strong>cum</strong></span> <span class='ocrx_word' id='word_1_450' title='bbox 3297 2378 3567 2450; x_wconf 80' lang='lat' dir='ltr'><strong>discipulis</strong></span> <span class='ocrx_word' id='word_1_451' title='bbox 3600 2380 3729 2446; x_wconf 87' lang='lat' dir='ltr'><strong>suis,</strong></span> <span class='ocrx_word' id='word_1_452' title='bbox 3763 2378 3827 2433; x_wconf 84' lang='lat' dir='ltr'><strong>id</strong></span> 
     </span>
    </p>
   </div>
   <div class='ocr_carea' id='block_1_51' title="bbox 2226 2469 3831 2543">
    <p class='ocr_par' dir='ltr' id='par_1_51' title="bbox 2226 2469 3831 2543">
     <span class='ocr_line' id='line_1_51' title="bbox 2226 2469 3831 2543; baseline -0.005 -11"><span class='ocrx_word' id='word_1_453' title='bbox 2226 2486 2331 2543; x_wconf 89' lang='lat' dir='ltr'><strong>est,</strong></span> <span class='ocrx_word' id='word_1_454' title='bbox 2378 2470 2445 2530; x_wconf 89' lang='lat' dir='ltr'><strong>ad</strong></span> <span class='ocrx_word' id='word_1_455' title='bbox 2476 2475 2727 2531; x_wconf 90' lang='lat' dir='ltr'><strong>altiorem</strong></span> <span class='ocrx_word' id='word_1_456' title='bbox 2776 2475 2942 2531; x_wconf 89' lang='lat' dir='ltr'><strong>vitam</strong></span> <span class='ocrx_word' id='word_1_457' title='bbox 2973 2472 3275 2531; x_wconf 87' lang='lat' dir='ltr'><strong>ascendere</strong></span> <span class='ocrx_word' id='word_1_458' title='bbox 3323 2482 3532 2529; x_wconf 89' lang='lat' dir='ltr'><strong>tentaus</strong></span> <span class='ocrx_word' id='word_1_459' title='bbox 3565 2490 3578 2525; x_wconf 87' lang='lat'>:</span> <span class='ocrx_word' id='word_1_460' title='bbox 3608 2469 3831 2543; x_wconf 85' lang='lat' dir='ltr'><strong>Philip-</strong></span> 
     </span>
    </p>
   </div>
   <div class='ocr_carea' id='block_1_52' title="bbox 2228 2564 3827 2641">
    <p class='ocr_par' dir='ltr' id='par_1_52' title="bbox 2228 2564 3827 2641">
     <span class='ocr_line' id='line_1_52' title="bbox 2228 2564 3827 2641; baseline -0.004 -16"><span class='ocrx_word' id='word_1_461' title='bbox 2228 2584 2377 2641; x_wconf 90' lang='lat' dir='ltr'><strong>pum,</strong></span> <span class='ocrx_word' id='word_1_462' title='bbox 2415 2568 2467 2625; x_wconf 91' lang='lat' dir='ltr'><strong>id</strong></span> <span class='ocrx_word' id='word_1_463' title='bbox 2514 2578 2620 2638; x_wconf 88' lang='lat' dir='ltr'><strong>est,</strong></span> <span class='ocrx_word' id='word_1_464' title='bbox 2670 2569 2736 2623; x_wconf 91' lang='lat' dir='ltr'><strong>ad</strong></span> <span class='ocrx_word' id='word_1_465' title='bbox 2785 2566 3151 2639; x_wconf 88' lang='lat' dir='ltr'><strong>probandum,</strong></span> <span class='ocrx_word' id='word_1_466' title='bbox 3194 2582 3305 2624; x_wconf 87' lang='lat' dir='ltr'><strong>non</strong></span> <span class='ocrx_word' id='word_1_467' title='bbox 3348 2566 3415 2623; x_wconf 86' lang='lat' dir='ltr'><strong>ad</strong></span> <span class='ocrx_word' id='word_1_468' title='bbox 3459 2564 3827 2638; x_wconf 88' lang='lat' dir='ltr'><strong>perdendum.</strong></span> 
     </span>
    </p>
   </div>
   <div class='ocr_carea' id='block_1_53' title="bbox 2233 2656 3827 2736">
    <p class='ocr_par' dir='ltr' id='par_1_53' title="bbox 2233 2656 3827 2736">
     <span class='ocr_line' id='line_1_53' title="bbox 2233 2656 3827 2736; baseline -0.004 -18"><span class='ocrx_word' id='word_1_469' title='bbox 2233 2664 2473 2734; x_wconf 89' lang='lat' dir='ltr'><strong>Quinque</strong></span> <span class='ocrx_word' id='word_1_470' title='bbox 2500 2680 2679 2736; x_wconf 90' lang='lat' dir='ltr'><strong>panes,</strong></span> <span class='ocrx_word' id='word_1_471' title='bbox 2702 2662 2940 2734; x_wconf 88' lang='lat' dir='ltr'><strong>quinque</strong></span> <span class='ocrx_word' id='word_1_472' title='bbox 2964 2661 3089 2717; x_wconf 88' lang='lat' dir='ltr'><strong>libri</strong></span> <span class='ocrx_word' id='word_1_473' title='bbox 3116 2656 3323 2734; x_wconf 81' lang='lat' dir='ltr'><strong>Moysi;</strong></span> <span class='ocrx_word' id='word_1_474' title='bbox 3349 2676 3448 2733; x_wconf 88' lang='lat' dir='ltr'><strong>per</strong></span> <span class='ocrx_word' id='word_1_475' title='bbox 3471 2657 3827 2729; x_wconf 89' lang='lat' dir='ltr'><strong>ordeaceum,</strong></span> 
     </span>
    </p>
   </div>
   <div class='ocr_carea' id='block_1_54' title="bbox 2230 2752 3827 2828">
    <p class='ocr_par' dir='ltr' id='par_1_54' title="bbox 2230 2752 3827 2828">
     <span class='ocr_line' id='line_1_54' title="bbox 2230 2752 3827 2828; baseline -0.005 -15"><span class='ocrx_word' id='word_1_476' title='bbox 2230 2755 2553 2828; x_wconf 81' lang='lat' dir='ltr'><strong>intelligitur</strong></span> <span class='ocrx_word' id='word_1_477' title='bbox 2601 2756 2865 2825; x_wconf 88' lang='lat' dir='ltr'><strong>asperitas</strong></span> <span class='ocrx_word' id='word_1_478' title='bbox 2900 2753 3061 2827; x_wconf 79' lang='lat' dir='ltr'><strong>Legis</strong></span> <span class='ocrx_word' id='word_1_479' title='bbox 3097 2755 3293 2811; x_wconf 61' lang='lat' dir='ltr'><strong>littera:</strong></span> <span class='ocrx_word' id='word_1_480' title='bbox 3328 2773 3340 2809; x_wconf 86' lang='lat'><strong>:</strong></span> <span class='ocrx_word' id='word_1_481' title='bbox 3376 2755 3554 2825; x_wconf 78' lang='lat' dir='ltr'><strong>fenum</strong></span> <span class='ocrx_word' id='word_1_482' title='bbox 3585 2752 3827 2817; x_wconf 85' lang='lat' dir='ltr'><strong>multum,</strong></span> 
     </span>
    </p>
   </div>
   <div class='ocr_carea' id='block_1_55' title="bbox 2232 2845 3822 2923">
    <p class='ocr_par' dir='ltr' id='par_1_55' title="bbox 2232 2845 3822 2923">
     <span class='ocr_line' id='line_1_55' title="bbox 2232 2845 3822 2923; baseline -0.004 -17"><span class='ocrx_word' id='word_1_483' title='bbox 2232 2850 2627 2923; x_wconf 82' lang='lat' dir='ltr'><strong>perfectionem</strong></span> <span class='ocrx_word' id='word_1_484' title='bbox 2684 2848 2873 2920; x_wconf 84' lang='lat' dir='ltr'><strong>pOpuli</strong></span> <span class='ocrx_word' id='word_1_485' title='bbox 2919 2847 3160 2905; x_wconf 87' lang='lat' dir='ltr'><strong>ostendit</strong></span> <span class='ocrx_word' id='word_1_486' title='bbox 3195 2866 3209 2906; x_wconf 88' lang='lat'><strong>:</strong></span> <span class='ocrx_word' id='word_1_487' title='bbox 3248 2864 3311 2901; x_wconf 87' lang='lat' dir='ltr'><strong>ne</strong></span> <span class='ocrx_word' id='word_1_488' title='bbox 3364 2847 3493 2917; x_wconf 86' lang='lat' dir='ltr'><strong>quid</strong></span> <span class='ocrx_word' id='word_1_489' title='bbox 3542 2856 3715 2918; x_wconf 84' lang='lat' dir='ltr'><strong>pereat</strong></span> <span class='ocrx_word' id='word_1_490' title='bbox 3753 2845 3822 2899; x_wconf 86' lang='lat' dir='ltr'><strong>de</strong></span> 
     </span>
    </p>
   </div>
   <div class='ocr_carea' id='block_1_56' title="bbox 2232 2938 3833 3016">
    <p class='ocr_par' dir='ltr' id='par_1_56' title="bbox 2232 2938 3833 3016">
     <span class='ocr_line' id='line_1_56' title="bbox 2232 2938 3833 3016; baseline -0.004 -16"><span class='ocrx_word' id='word_1_491' title='bbox 2232 2945 2472 3016; x_wconf 84' lang='lat' dir='ltr'><strong>reliquis,</strong></span> <span class='ocrx_word' id='word_1_492' title='bbox 2524 2942 2577 2999; x_wconf 91' lang='lat' dir='ltr'><strong>id</strong></span> <span class='ocrx_word' id='word_1_493' title='bbox 2619 2955 2733 3010; x_wconf 89' lang='lat' dir='ltr'><strong>est,</strong></span> <span class='ocrx_word' id='word_1_494' title='bbox 2763 2942 2932 2999; x_wconf 82' lang='lat' dir='ltr'><strong>nolite</strong></span> <span class='ocrx_word' id='word_1_495' title='bbox 2979 2942 3197 2998; x_wconf 89' lang='lat' dir='ltr'><strong>mittere</strong></span> <span class='ocrx_word' id='word_1_496' title='bbox 3241 2940 3546 2996; x_wconf 84' lang='lat' dir='ltr'><strong>doctrinam</strong></span> <span class='ocrx_word' id='word_1_497' title='bbox 3592 2938 3687 2994; x_wconf 91' lang='lat' dir='ltr'><strong>ubi</strong></span> <span class='ocrx_word' id='word_1_498' title='bbox 3722 2952 3833 2993; x_wconf 89' lang='lat' dir='ltr'><strong>non</strong></span> 
     </span>
    </p>
   </div>
   <div class='ocr_carea' id='block_1_57' title="bbox 2235 3029 3830 3102">
    <p class='ocr_par' dir='ltr' id='par_1_57' title="bbox 2235 3029 3830 3102">
     <span class='ocr_line' id='line_1_57' title="bbox 2235 3029 3830 3102; baseline -0.006 -8"><span class='ocrx_word' id='word_1_499' title='bbox 2235 3038 2491 3094; x_wconf 85' lang='lat' dir='ltr'><strong>aedificat.</strong></span> <span class='ocrx_word' id='word_1_500' title='bbox 2518 3036 2766 3092; x_wconf 82' lang='lat' dir='ltr'><strong>Ascendit</strong></span> <span class='ocrx_word' id='word_1_501' title='bbox 2781 3036 2919 3091; x_wconf 85' lang='lat' dir='ltr'><strong>solus</strong></span> <span class='ocrx_word' id='word_1_502' title='bbox 2942 3036 2994 3091; x_wconf 88' lang='lat' dir='ltr'><strong>in</strong></span> <span class='ocrx_word' id='word_1_503' title='bbox 3016 3043 3257 3100; x_wconf 83' lang='lat' dir='ltr'><strong>montem,</strong></span> <span class='ocrx_word' id='word_1_504' title='bbox 3280 3032 3333 3088; x_wconf 89' lang='lat' dir='ltr'><strong>id</strong></span> <span class='ocrx_word' id='word_1_505' title='bbox 3353 3041 3458 3102; x_wconf 89' lang='lat' dir='ltr'><strong>est,</strong></span> <span class='ocrx_word' id='word_1_506' title='bbox 3486 3032 3554 3087; x_wconf 85' lang='lat' dir='ltr'><strong>ad</strong></span> <span class='ocrx_word' id='word_1_507' title='bbox 3577 3029 3830 3096; x_wconf 85' lang='lat' dir='ltr'><strong>Patrem;</strong></span> 
     </span>
    </p>
   </div>
   <div class='ocr_carea' id='block_1_58' title="bbox 524 3107 3831 3202">
    <p class='ocr_par' dir='ltr' id='par_1_58' title="bbox 524 3107 3831 3202">
     <span class='ocr_line' id='line_1_58' title="bbox 524 3107 3831 3202; baseline -0.001 -19"><span class='ocrx_word' id='word_1_508' title='bbox 524 3142 652 3184; x_wconf 86' lang='lat' dir='ltr'><strong>suas</strong></span> <span class='ocrx_word' id='word_1_509' title='bbox 678 3127 981 3193; x_wconf 63' lang='lat' dir='ltr'><strong>darmoniis,</strong></span> <span class='ocrx_word' id='word_1_510' title='bbox 1012 3127 1154 3183; x_wconf 86' lang='lat' dir='ltr'><strong>unde</strong></span> <span class='ocrx_word' id='word_1_511' title='bbox 1182 3126 1393 3198; x_wconf 86' lang='lat' dir='ltr'><strong>accepit</strong></span> <span class='ocrx_word' id='word_1_512' title='bbox 1422 3143 1618 3183; x_wconf 88' lang='lat' dir='ltr'><strong>nomen</strong></span> <span class='ocrx_word' id='word_1_513' title='bbox 1642 3126 1899 3184; x_wconf 86' lang='lat' dir='ltr'><strong>Gehenna</strong></span> <span class='ocrx_word' id='word_1_514' title='bbox 1929 3146 1943 3183; x_wconf 89' lang='lat'><strong>:</strong></span> <span class='ocrx_word' id='word_1_515' title='bbox 1976 3130 2125 3198; x_wconf 77' lang='lat' dir='ltr'><strong>iuxta</strong></span> <span class='ocrx_word' id='word_1_516' title='bbox 2153 3107 2203 3174; x_wconf 68' lang='grc' dir='ltr'><strong>(ἶ</strong></span> <span class='ocrx_word' id='word_1_517' title='bbox 2233 3129 2605 3185; x_wconf 86' lang='lat' dir='ltr'><strong>descenderunt</strong></span> <span class='ocrx_word' id='word_1_518' title='bbox 2642 3128 2885 3202; x_wconf 85' lang='lat' dir='ltr'><strong>discipuli</strong></span> <span class='ocrx_word' id='word_1_519' title='bbox 2932 3125 3001 3181; x_wconf 87' lang='lat' dir='ltr'><strong>ad</strong></span> <span class='ocrx_word' id='word_1_520' title='bbox 3032 3144 3194 3196; x_wconf 90' lang='lat' dir='ltr'><strong>mare,</strong></span> <span class='ocrx_word' id='word_1_521' title='bbox 3238 3125 3342 3181; x_wconf 91' lang='lat' dir='ltr'><strong>hoc</strong></span> <span class='ocrx_word' id='word_1_522' title='bbox 3378 3135 3465 3181; x_wconf 87' lang='lat' dir='ltr'><strong>est</strong></span> <span class='ocrx_word' id='word_1_523' title='bbox 3494 3123 3562 3180; x_wconf 89' lang='lat' dir='ltr'><strong>ad</strong></span> <span class='ocrx_word' id='word_1_524' title='bbox 3593 3134 3784 3196; x_wconf 81' lang='lat' dir='ltr'><strong>gentes</strong></span> <span class='ocrx_word' id='word_1_525' title='bbox 3814 3142 3831 3179; x_wconf 89' lang='lat'><strong>:</strong></span> 
     </span>
    </p>
   </div>
   <div class='ocr_carea' id='block_1_59' title="bbox 525 3218 2128 3292">
    <p class='ocr_par' dir='ltr' id='par_1_59' title="bbox 525 3218 2128 3292">
     <span class='ocr_line' id='line_1_59' title="bbox 525 3218 2128 3292; baseline -0.001 -15"><span class='ocrx_word' id='word_1_526' title='bbox 525 3219 722 3290; x_wconf 72' lang='lat' dir='ltr'><strong>Satine,</strong></span> <span class='ocrx_word' id='word_1_527' title='bbox 752 3235 875 3291; x_wconf 73' lang='lat' dir='ltr'><strong>qua:</strong></span> <span class='ocrx_word' id='word_1_528' title='bbox 921 3220 1309 3292; x_wconf 88' lang='lat' dir='ltr'><strong>interpretatur</strong></span> <span class='ocrx_word' id='word_1_529' title='bbox 1358 3221 1501 3292; x_wconf 83' lang='lat' dir='ltr'><strong>pacis</strong></span> <span class='ocrx_word' id='word_1_530' title='bbox 1524 3262 1539 3286; x_wconf 94' lang='lat'><strong>,</strong></span> <span class='ocrx_word' id='word_1_531' title='bbox 1569 3224 1745 3291; x_wconf 64' lang='lat' dir='ltr'><strong>Tquam</strong></span> <span class='ocrx_word' id='word_1_532' title='bbox 1798 3218 2128 3276; x_wconf 84' lang='lat' dir='ltr'><strong>vocaverunt</strong></span> 
     </span>
    </p>
   </div>
   <div class='ocr_carea' id='block_1_60' title="bbox 524 3311 2129 3386">
    <p class='ocr_par' dir='ltr' id='par_1_60' title="bbox 524 3311 2129 3386">
     <span class='ocr_line' id='line_1_60' title="bbox 524 3311 2129 3386; baseline 0 -18"><span class='ocrx_word' id='word_1_533' title='bbox 524 3311 714 3381; x_wconf 79' lang='lat' dir='ltr'><strong>Iebus,</strong></span> <span class='ocrx_word' id='word_1_534' title='bbox 775 3314 919 3370; x_wconf 90' lang='lat' dir='ltr'><strong>unde</strong></span> <span class='ocrx_word' id='word_1_535' title='bbox 972 3323 1302 3386; x_wconf 88' lang='lat' dir='ltr'><strong>acceperunt</strong></span> <span class='ocrx_word' id='word_1_536' title='bbox 1357 3327 1557 3370; x_wconf 89' lang='lat' dir='ltr'><strong>nomen</strong></span> <span class='ocrx_word' id='word_1_537' title='bbox 1600 3312 1859 3381; x_wconf 88' lang='lat' dir='ltr'><strong>Jebusei;</strong></span> <span class='ocrx_word' id='word_1_538' title='bbox 1900 3314 2129 3369; x_wconf 80' lang='lat' dir='ltr'><strong>nondum</strong></span> 
     </span>
    </p>
   </div>
   <div class='ocr_carea' id='block_1_61' title="bbox 527 3406 2127 3480">
    <p class='ocr_par' dir='ltr' id='par_1_61' title="bbox 527 3406 2127 3480">
     <span class='ocr_line' id='line_1_61' title="bbox 527 3406 2127 3480; baseline 0 -17"><span class='ocrx_word' id='word_1_539' title='bbox 527 3407 663 3463; x_wconf 84' lang='lat' dir='ltr'><strong>enim</strong></span> <span class='ocrx_word' id='word_1_540' title='bbox 684 3417 794 3463; x_wconf 86' lang='lat' dir='ltr'><strong>erat</strong></span> <span class='ocrx_word' id='word_1_541' title='bbox 814 3406 1045 3463; x_wconf 81' lang='lat' dir='ltr'><strong>Ioannes</strong></span> <span class='ocrx_word' id='word_1_542' title='bbox 1070 3410 1127 3463; x_wconf 75' lang='lat' dir='ltr'><strong>in</strong></span> <span class='ocrx_word' id='word_1_543' title='bbox 1149 3424 1372 3476; x_wconf 82' lang='lat' dir='ltr'><strong>carcere,</strong></span> <span class='ocrx_word' id='word_1_544' title='bbox 1402 3408 1660 3473; x_wconf 83' lang='lat' dir='ltr'><strong>ostendit,</strong></span> <span class='ocrx_word' id='word_1_545' title='bbox 1722 3408 1843 3480; x_wconf 88' lang='lat' dir='ltr'><strong>quia</strong></span> <span class='ocrx_word' id='word_1_546' title='bbox 1888 3409 2127 3464; x_wconf 91' lang='lat' dir='ltr'><strong>nondum</strong></span> 
     </span>
    </p>
   </div>
   <div class='ocr_carea' id='block_1_62' title="bbox 527 3501 2130 3574">
    <p class='ocr_par' dir='ltr' id='par_1_62' title="bbox 527 3501 2130 3574">
     <span class='ocr_line' id='line_1_62' title="bbox 527 3501 2130 3574; baseline -0.001 -15"><span class='ocrx_word' id='word_1_547' title='bbox 527 3512 644 3559; x_wconf 81' lang='lat' dir='ltr'><strong>erat</strong></span> <span class='ocrx_word' id='word_1_548' title='bbox 690 3505 1091 3559; x_wconf 85' lang='lat' dir='ltr'><strong>consummatio</strong></span> <span class='ocrx_word' id='word_1_549' title='bbox 1119 3502 1281 3574; x_wconf 87' lang='lat' dir='ltr'><strong>Legis</strong></span> <span class='ocrx_word' id='word_1_550' title='bbox 1320 3503 1535 3559; x_wconf 66' lang='lat' dir='ltr'><strong>littera.</strong></span> <span class='ocrx_word' id='word_1_551' title='bbox 1570 3501 1733 3557; x_wconf 89' lang='lat' dir='ltr'><strong>Illum</strong></span> <span class='ocrx_word' id='word_1_552' title='bbox 1764 3508 1965 3573; x_wconf 86' lang='lat' dir='ltr'><strong>oportet</strong></span> <span class='ocrx_word' id='word_1_553' title='bbox 1996 3519 2130 3558; x_wconf 87' lang='lat' dir='ltr'><strong>cres-</strong></span> 
     </span>
    </p>
   </div>
   <div class='ocr_carea' id='block_1_63' title="bbox 528 3597 2126 3669">
    <p class='ocr_par' dir='ltr' id='par_1_63' title="bbox 528 3597 2126 3669">
     <span class='ocr_line' id='line_1_63' title="bbox 528 3597 2126 3669; baseline 0.002 -19"><span class='ocrx_word' id='word_1_554' title='bbox 528 3613 677 3662; x_wconf 84' lang='lat' dir='ltr'><strong>cere,</strong></span> <span class='ocrx_word' id='word_1_555' title='bbox 697 3613 777 3651; x_wconf 84' lang='lat' dir='ltr'><strong>me</strong></span> <span class='ocrx_word' id='word_1_556' title='bbox 800 3607 971 3652; x_wconf 75' lang='lat' dir='ltr'><strong>autem</strong></span> <span class='ocrx_word' id='word_1_557' title='bbox 1004 3599 1166 3651; x_wconf 85' lang='lat' dir='ltr'><strong>minui</strong></span> <span class='ocrx_word' id='word_1_558' title='bbox 1190 3615 1206 3650; x_wconf 92' lang='lat'><strong><em>:</em></strong></span> <span class='ocrx_word' id='word_1_559' title='bbox 1238 3598 1327 3669; x_wconf 83' lang='lat' dir='ltr'><strong>qui</strong></span> <span class='ocrx_word' id='word_1_560' title='bbox 1362 3598 1655 3667; x_wconf 81' lang='lat' dir='ltr'><strong>putabatur</strong></span> <span class='ocrx_word' id='word_1_561' title='bbox 1674 3612 1794 3653; x_wconf 88' lang='lat' dir='ltr'><strong>esse</strong></span> <span class='ocrx_word' id='word_1_562' title='bbox 1823 3597 2084 3669; x_wconf 86' lang='lat' dir='ltr'><strong>propheta</strong></span> <span class='ocrx_word' id='word_1_563' title='bbox 2111 3641 2126 3668; x_wconf 96' lang='lat'><strong>,</strong></span> 
     </span>
    </p>
   </div>
   <div class='ocr_carea' id='block_1_64' title="bbox 530 3689 2126 3761">
    <p class='ocr_par' dir='ltr' id='par_1_64' title="bbox 530 3689 2126 3761">
     <span class='ocr_line' id='line_1_64' title="bbox 530 3689 2126 3761; baseline 0.003 -18"><span class='ocrx_word' id='word_1_564' title='bbox 530 3689 789 3745; x_wconf 81' lang='lat' dir='ltr'><strong>inventus</strong></span> <span class='ocrx_word' id='word_1_565' title='bbox 808 3701 891 3745; x_wconf 89' lang='lat' dir='ltr'><strong>est</strong></span> <span class='ocrx_word' id='word_1_566' title='bbox 918 3691 1202 3761; x_wconf 80' lang='lat' dir='ltr'><strong>propheta.</strong></span> <span class='ocrx_word' id='word_1_567' title='bbox 1233 3691 1385 3758; x_wconf 84' lang='lat' dir='ltr'><strong>Quod</strong></span> <span class='ocrx_word' id='word_1_568' title='bbox 1405 3692 1512 3745; x_wconf 83' lang='lat' dir='ltr'><strong>vidi</strong></span> <span class='ocrx_word' id='word_1_569' title='bbox 1540 3702 1585 3746; x_wconf 85' lang='lat' dir='ltr'><strong>et</strong></span> <span class='ocrx_word' id='word_1_570' title='bbox 1607 3693 1806 3758; x_wconf 83' lang='lat' dir='ltr'><strong>audivi,</strong></span> <span class='ocrx_word' id='word_1_571' title='bbox 1832 3691 2126 3749; x_wconf 89' lang='lat' dir='ltr'><strong>secundum</strong></span> 
     </span>
    </p>
   </div>
   <div class='ocr_carea' id='block_1_65' title="bbox 533 3785 2125 3851">
    <p class='ocr_par' dir='ltr' id='par_1_65' title="bbox 533 3785 2125 3851">
     <span class='ocr_line' id='line_1_65' title="bbox 533 3785 2125 3851; baseline 0.002 -11"><span class='ocrx_word' id='word_1_572' title='bbox 533 3785 898 3851; x_wconf 85' lang='lat' dir='ltr'><strong>divinitatem,</strong></span> <span class='ocrx_word' id='word_1_573' title='bbox 926 3785 1027 3841; x_wconf 90' lang='lat' dir='ltr'><strong>hoc</strong></span> <span class='ocrx_word' id='word_1_574' title='bbox 1057 3788 1377 3842; x_wconf 77' lang='lat' dir='ltr'><strong>testificatur</strong></span> <span class='ocrx_word' id='word_1_575' title='bbox 1420 3806 1431 3839; x_wconf 92' lang='lat'>:</span> <span class='ocrx_word' id='word_1_576' title='bbox 1464 3788 1759 3843; x_wconf 88' lang='lat' dir='ltr'><strong>secundum</strong></span> <span class='ocrx_word' id='word_1_577' title='bbox 1794 3788 2125 3845; x_wconf 89' lang='lat' dir='ltr'><strong>divinitatem</strong></span> 
     </span>
    </p>
   </div>
   <div class='ocr_carea' id='block_1_66' title="bbox 534 3876 2131 3955">
    <p class='ocr_par' dir='ltr' id='par_1_66' title="bbox 534 3876 2131 3955">
     <span class='ocr_line' id='line_1_66' title="bbox 534 3876 2131 3955; baseline 0.005 -23"><span class='ocrx_word' id='word_1_578' title='bbox 534 3876 905 3932; x_wconf 85' lang='lat' dir='ltr'><strong>testimonium</strong></span> <span class='ocrx_word' id='word_1_579' title='bbox 934 3878 1053 3949; x_wconf 83' lang='lat' dir='ltr'><strong>ejus</strong></span> <span class='ocrx_word' id='word_1_580' title='bbox 1077 3892 1238 3933; x_wconf 83' lang='lat' dir='ltr'><strong>nemo</strong></span> <span class='ocrx_word' id='word_1_581' title='bbox 1268 3881 1497 3949; x_wconf 86' lang='lat' dir='ltr'><strong>accepit.</strong></span> <span class='ocrx_word' id='word_1_582' title='bbox 1516 3879 1615 3936; x_wconf 86' lang='lat' dir='ltr'><strong>Hic</strong></span> <span class='ocrx_word' id='word_1_583' title='bbox 1647 3888 1815 3937; x_wconf 91' lang='lat' dir='ltr'><strong>totum</strong></span> <span class='ocrx_word' id='word_1_584' title='bbox 1848 3894 1947 3954; x_wconf 86' lang='lat' dir='ltr'><strong>pro</strong></span> <span class='ocrx_word' id='word_1_585' title='bbox 1978 3893 2131 3955; x_wconf 87' lang='lat' dir='ltr'><strong>parte</strong></span> 
     </span>
    </p>
   </div>
   <div class='ocr_carea' id='block_1_67' title="bbox 534 3970 1852 4043">
    <p class='ocr_par' dir='ltr' id='par_1_67' title="bbox 534 3970 1852 4043">
     <span class='ocr_line' id='line_1_67' title="bbox 534 3970 1852 4043; baseline 0.005 -19"><span class='ocrx_word' id='word_1_586' title='bbox 534 3970 782 4041; x_wconf 76' lang='lat' dir='ltr'><strong>ponitur;</strong></span> <span class='ocrx_word' id='word_1_587' title='bbox 808 3970 937 4025; x_wconf 88' lang='lat' dir='ltr'><strong>item</strong></span> <span class='ocrx_word' id='word_1_588' title='bbox 966 3972 1195 4039; x_wconf 84' lang='lat' dir='ltr'><strong>credite,</strong></span> <span class='ocrx_word' id='word_1_589' title='bbox 1227 3973 1353 4043; x_wconf 78' lang='lat' dir='ltr'><strong>quia</strong></span> <span class='ocrx_word' id='word_1_590' title='bbox 1387 3972 1530 4028; x_wconf 92' lang='lat' dir='ltr'><strong>Deus</strong></span> <span class='ocrx_word' id='word_1_591' title='bbox 1561 3982 1724 4030; x_wconf 78' lang='lat' dir='ltr'><strong>verax</strong></span> <span class='ocrx_word' id='word_1_592' title='bbox 1752 3984 1852 4032; x_wconf 90' lang='lat' dir='ltr'><strong>est.</strong></span> 
     </span>
    </p>
   </div>
   <div class='ocr_carea' id='block_1_68' title="bbox 608 4061 2127 4137">
    <p class='ocr_par' dir='ltr' id='par_1_68' title="bbox 608 4061 2127 4137">
     <span class='ocr_line' id='line_1_68' title="bbox 608 4061 2127 4137; baseline 0.006 -22"><span class='ocrx_word' id='word_1_593' title='bbox 608 4061 892 4133; x_wconf 81' lang='lat' dir='ltr'><strong>Oportebat</strong></span> <span class='ocrx_word' id='word_1_594' title='bbox 920 4080 1033 4119; x_wconf 85' lang='lat' dir='ltr'><strong>eum</strong></span> <span class='ocrx_word' id='word_1_595' title='bbox 1059 4065 1275 4117; x_wconf 84' lang='lat' dir='ltr'><strong>transire</strong></span> <span class='ocrx_word' id='word_1_596' title='bbox 1324 4081 1416 4135; x_wconf 85' lang='lat' dir='ltr'><strong>per</strong></span> <span class='ocrx_word' id='word_1_597' title='bbox 1445 4064 1739 4121; x_wconf 83' lang='lat' dir='ltr'><strong>Samariam</strong></span> <span class='ocrx_word' id='word_1_598' title='bbox 1773 4110 1787 4133; x_wconf 91' lang='lat'><strong>,</strong></span> <span class='ocrx_word' id='word_1_599' title='bbox 1846 4068 2082 4124; x_wconf 83' lang='lat' dir='ltr'><strong>ostendit</strong></span> <span class='ocrx_word' id='word_1_600' title='bbox 2112 4111 2127 4137; x_wconf 93' lang='lat'><strong>,</strong></span> 
     </span>
    </p>
   </div>
   <div class='ocr_carea' id='block_1_69' title="bbox 535 4155 2128 4232">
    <p class='ocr_par' dir='ltr' id='par_1_69' title="bbox 535 4155 2128 4232">
     <span class='ocr_line' id='line_1_69' title="bbox 535 4155 2128 4232; baseline 0.003 -21"><span class='ocrx_word' id='word_1_601' title='bbox 535 4155 681 4211; x_wconf 91' lang='lat' dir='ltr'><strong>sicut</strong></span> <span class='ocrx_word' id='word_1_602' title='bbox 708 4156 1022 4226; x_wconf 65' lang='lat' dir='ltr'><strong>praedicavit</strong></span> <span class='ocrx_word' id='word_1_603' title='bbox 1068 4155 1271 4212; x_wconf 69' lang='lat' dir='ltr'><strong>Iudaeis</strong></span> <span class='ocrx_word' id='word_1_604' title='bbox 1304 4198 1319 4225; x_wconf 91' lang='lat'><strong>,</strong></span> <span class='ocrx_word' id='word_1_605' title='bbox 1353 4159 1692 4230; x_wconf 67' lang='lat' dir='ltr'><strong>praedicaret</strong></span> <span class='ocrx_word' id='word_1_606' title='bbox 1738 4169 1792 4216; x_wconf 90' lang='lat' dir='ltr'><strong>et</strong></span> <span class='ocrx_word' id='word_1_607' title='bbox 1835 4162 2085 4232; x_wconf 81' lang='lat' dir='ltr'><strong>gentibus</strong></span> <span class='ocrx_word' id='word_1_608' title='bbox 2115 4179 2128 4215; x_wconf 90' lang='lat'><strong>:</strong></span> 
     </span>
    </p>
   </div>
   <div class='ocr_carea' id='block_1_70' title="bbox 535 4249 2130 4325">
    <p class='ocr_par' dir='ltr' id='par_1_70' title="bbox 535 4249 2130 4325">
     <span class='ocr_line' id='line_1_70' title="bbox 535 4249 2130 4325; baseline 0.003 -21"><span class='ocrx_word' id='word_1_609' title='bbox 535 4251 809 4321; x_wconf 72' lang='lat' dir='ltr'><strong>prcdium,</strong></span> <span class='ocrx_word' id='word_1_610' title='bbox 837 4249 891 4304; x_wconf 93' lang='lat' dir='ltr'><strong>id</strong></span> <span class='ocrx_word' id='word_1_611' title='bbox 922 4260 1026 4314; x_wconf 88' lang='lat' dir='ltr'><strong>est,</strong></span> <span class='ocrx_word' id='word_1_612' title='bbox 1054 4266 1242 4322; x_wconf 80' lang='lat' dir='ltr'><strong>agrum</strong></span> <span class='ocrx_word' id='word_1_613' title='bbox 1270 4269 1283 4305; x_wconf 92' lang='lat'><strong>:</strong></span> <span class='ocrx_word' id='word_1_614' title='bbox 1319 4252 1439 4308; x_wconf 86' lang='lat' dir='ltr'><strong>fons</strong></span> <span class='ocrx_word' id='word_1_615' title='bbox 1468 4254 1531 4307; x_wconf 89' lang='lat' dir='ltr'><strong>ad</strong></span> <span class='ocrx_word' id='word_1_616' title='bbox 1576 4253 1850 4309; x_wconf 71' lang='lat' dir='ltr'><strong>[luendum</strong></span> <span class='ocrx_word' id='word_1_617' title='bbox 1881 4297 1896 4325; x_wconf 93' lang='lat'><strong>,</strong></span> <span class='ocrx_word' id='word_1_618' title='bbox 1940 4263 2130 4325; x_wconf 87' lang='lat' dir='ltr'><strong>puteus</strong></span> 
     </span>
    </p>
   </div>
   <div class='ocr_carea' id='block_1_71' title="bbox 533 4341 2129 4417">
    <p class='ocr_par' dir='ltr' id='par_1_71' title="bbox 533 4341 2129 4417">
     <span class='ocr_line' id='line_1_71' title="bbox 533 4341 2129 4417; baseline 0.005 -21"><span class='ocrx_word' id='word_1_619' title='bbox 533 4341 912 4413; x_wconf 31' lang='lat' dir='ltr'><strong>adlpotaudum</strong></span> <span class='ocrx_word' id='word_1_620' title='bbox 932 4360 944 4396; x_wconf 90' lang='lat'><strong>:</strong></span> <span class='ocrx_word' id='word_1_621' title='bbox 963 4341 1247 4417; x_wconf 80' lang='lat' dir='ltr'><strong>Fatigatus</strong></span> <span class='ocrx_word' id='word_1_622' title='bbox 1268 4342 1425 4399; x_wconf 85' lang='lat' dir='ltr'><strong>Iesus</strong></span> <span class='ocrx_word' id='word_1_623' title='bbox 1451 4360 1513 4399; x_wconf 77' lang='lat' dir='ltr'><strong>ex</strong></span> <span class='ocrx_word' id='word_1_624' title='bbox 1535 4346 1737 4415; x_wconf 85' lang='lat' dir='ltr'><strong>itinere,</strong></span> <span class='ocrx_word' id='word_1_625' title='bbox 1764 4348 1999 4403; x_wconf 86' lang='lat' dir='ltr'><strong>ostendit</strong></span> <span class='ocrx_word' id='word_1_626' title='bbox 2031 4363 2129 4404; x_wconf 75' lang='lat' dir='ltr'><strong>ve-</strong></span> 
     </span>
    </p>
   </div>
   <div class='ocr_carea' id='block_1_72' title="bbox 532 4436 2130 4513">
    <p class='ocr_par' dir='ltr' id='par_1_72' title="bbox 532 4436 2130 4513">
     <span class='ocr_line' id='line_1_72' title="bbox 532 4436 2130 4513; baseline 0.004 -22"><span class='ocrx_word' id='word_1_627' title='bbox 532 4436 787 4492; x_wconf 80' lang='lat' dir='ltr'><strong>niendum</strong></span> <span class='ocrx_word' id='word_1_628' title='bbox 816 4452 917 4508; x_wconf 85' lang='lat' dir='ltr'><strong>per</strong></span> <span class='ocrx_word' id='word_1_629' title='bbox 964 4436 1389 4493; x_wconf 86' lang='lat' dir='ltr'><strong>incarnationem</strong></span> <span class='ocrx_word' id='word_1_630' title='bbox 1436 4452 1600 4507; x_wconf 85' lang='lat' dir='ltr'><strong>super</strong></span> <span class='ocrx_word' id='word_1_631' title='bbox 1642 4437 1921 4493; x_wconf 87' lang='lat' dir='ltr'><strong>historiam</strong></span> <span class='ocrx_word' id='word_1_632' title='bbox 1968 4439 2130 4513; x_wconf 82' lang='lat' dir='ltr'><strong>Legis</strong></span> 
     </span>
    </p>
   </div>
   <div class='ocr_carea' id='block_1_73' title="bbox 2234 3215 3837 3289">
    <p class='ocr_par' dir='ltr' id='par_1_73' title="bbox 2234 3215 3837 3289">
     <span class='ocr_line' id='line_1_73' title="bbox 2234 3215 3837 3289; baseline -0.005 -11"><span class='ocrx_word' id='word_1_633' title='bbox 2234 3223 2576 3279; x_wconf 82' lang='lat' dir='ltr'><strong>ascenderunt</strong></span> <span class='ocrx_word' id='word_1_634' title='bbox 2606 3222 2659 3276; x_wconf 88' lang='lat' dir='ltr'><strong>in</strong></span> <span class='ocrx_word' id='word_1_635' title='bbox 2684 3237 2886 3289; x_wconf 86' lang='lat' dir='ltr'><strong>navem,</strong></span> <span class='ocrx_word' id='word_1_636' title='bbox 2910 3219 2965 3276; x_wconf 91' lang='lat' dir='ltr'><strong>id</strong></span> <span class='ocrx_word' id='word_1_637' title='bbox 2991 3228 3103 3288; x_wconf 91' lang='lat' dir='ltr'><strong>est,</strong></span> <span class='ocrx_word' id='word_1_638' title='bbox 3138 3219 3191 3275; x_wconf 88' lang='lat' dir='ltr'><strong>in</strong></span> <span class='ocrx_word' id='word_1_639' title='bbox 3226 3216 3557 3275; x_wconf 87' lang='lat' dir='ltr'><strong>Ecclesiam.</strong></span> <span class='ocrx_word' id='word_1_640' title='bbox 3588 3215 3837 3273; x_wconf 69' lang='lat' dir='ltr'><strong>Tenebras</strong></span> 
     </span>
    </p>
   </div>
   <div class='ocr_carea' id='block_1_74' title="bbox 2235 3311 3834 3389">
    <p class='ocr_par' dir='ltr' id='par_1_74' title="bbox 2235 3311 3834 3389">
     <span class='ocr_line' id='line_1_74' title="bbox 2235 3311 3834 3389; baseline -0.002 -19"><span class='ocrx_word' id='word_1_641' title='bbox 2235 3320 2388 3389; x_wconf 74' lang='lat' dir='ltr'><strong>facta:</strong></span> <span class='ocrx_word' id='word_1_642' title='bbox 2414 3321 2553 3383; x_wconf 86' lang='lat' dir='ltr'><strong>sunt,</strong></span> <span class='ocrx_word' id='word_1_643' title='bbox 2589 3313 2645 3369; x_wconf 90' lang='lat' dir='ltr'><strong>id</strong></span> <span class='ocrx_word' id='word_1_644' title='bbox 2674 3324 2783 3383; x_wconf 91' lang='lat' dir='ltr'><strong>est,</strong></span> <span class='ocrx_word' id='word_1_645' title='bbox 2813 3321 3239 3385; x_wconf 89' lang='lat' dir='ltr'><strong>vesperascente</strong></span> <span class='ocrx_word' id='word_1_646' title='bbox 3268 3311 3495 3381; x_wconf 90' lang='lat' dir='ltr'><strong>mundo,</strong></span> <span class='ocrx_word' id='word_1_647' title='bbox 3522 3321 3616 3368; x_wconf 88' lang='lat' dir='ltr'><strong>aut</strong></span> <span class='ocrx_word' id='word_1_648' title='bbox 3642 3311 3834 3383; x_wconf 83' lang='lat' dir='ltr'><strong>impe-</strong></span> 
     </span>
    </p>
   </div>
   <div class='ocr_carea' id='block_1_75' title="bbox 2236 3405 3840 3481">
    <p class='ocr_par' dir='ltr' id='par_1_75' title="bbox 2236 3405 3840 3481">
     <span class='ocr_line' id='line_1_75' title="bbox 2236 3405 3840 3481; baseline -0.004 -15"><span class='ocrx_word' id='word_1_649' title='bbox 2236 3420 2347 3466; x_wconf 91' lang='lat' dir='ltr'><strong>tum</strong></span> <span class='ocrx_word' id='word_1_650' title='bbox 2380 3406 2785 3481; x_wconf 89' lang='lat' dir='ltr'><strong>persecutionis</strong></span> <span class='ocrx_word' id='word_1_651' title='bbox 2817 3419 2942 3480; x_wconf 89' lang='lat' dir='ltr'><strong>post</strong></span> <span class='ocrx_word' id='word_1_652' title='bbox 2972 3408 3352 3464; x_wconf 87' lang='lat' dir='ltr'><strong>ascensionem</strong></span> <span class='ocrx_word' id='word_1_653' title='bbox 3396 3405 3601 3463; x_wconf 88' lang='lat' dir='ltr'><strong>Christi</strong></span> <span class='ocrx_word' id='word_1_654' title='bbox 3634 3424 3647 3462; x_wconf 90' lang='lat'><strong>:</strong></span> <span class='ocrx_word' id='word_1_655' title='bbox 3680 3407 3840 3462; x_wconf 84' lang='lat' dir='ltr'><strong>renti—</strong></span> 
     </span>
    </p>
   </div>
   <div class='ocr_carea' id='block_1_76' title="bbox 2233 3497 3481 3578">
    <p class='ocr_par' dir='ltr' id='par_1_76' title="bbox 2233 3497 3481 3578">
     <span class='ocr_line' id='line_1_76' title="bbox 2233 3497 3481 3578; baseline -0.001 -20"><span class='ocrx_word' id='word_1_656' title='bbox 2233 3510 2432 3578; x_wconf 74' lang='lat' dir='ltr'><strong>ganm,</strong></span> <span class='ocrx_word' id='word_1_657' title='bbox 2466 3500 2519 3558; x_wconf 91' lang='lat' dir='ltr'><strong>id</strong></span> <span class='ocrx_word' id='word_1_658' title='bbox 2547 3510 2655 3570; x_wconf 89' lang='lat' dir='ltr'><strong>est,</strong></span> <span class='ocrx_word' id='word_1_659' title='bbox 2688 3500 3065 3574; x_wconf 85' lang='lat' dir='ltr'><strong>confugientes</strong></span> <span class='ocrx_word' id='word_1_660' title='bbox 3087 3500 3155 3557; x_wconf 83' lang='lat' dir='ltr'><strong>ad</strong></span> <span class='ocrx_word' id='word_1_661' title='bbox 3178 3497 3481 3557; x_wconf 86' lang='lat' dir='ltr'><strong>Christum.</strong></span> 
     </span>
    </p>
   </div>
   <div class='ocr_carea' id='block_1_77' title="bbox 2306 3591 3835 3668">
    <p class='ocr_par' dir='ltr' id='par_1_77' title="bbox 2306 3591 3835 3668">
     <span class='ocr_line' id='line_1_77' title="bbox 2306 3591 3835 3668; baseline -0.003 -17"><span class='ocrx_word' id='word_1_662' title='bbox 2306 3594 2487 3652; x_wconf 85' lang='lat' dir='ltr'><strong>Iesum</strong></span> <span class='ocrx_word' id='word_1_663' title='bbox 2516 3594 2866 3650; x_wconf 82' lang='lat' dir='ltr'><strong>ambulantem</strong></span> <span class='ocrx_word' id='word_1_664' title='bbox 2909 3612 3064 3668; x_wconf 83' lang='lat' dir='ltr'><strong>super</strong></span> <span class='ocrx_word' id='word_1_665' title='bbox 3086 3611 3252 3662; x_wconf 91' lang='lat' dir='ltr'><strong>mare,</strong></span> <span class='ocrx_word' id='word_1_666' title='bbox 3291 3593 3345 3649; x_wconf 91' lang='lat' dir='ltr'><strong>id</strong></span> <span class='ocrx_word' id='word_1_667' title='bbox 3388 3602 3492 3661; x_wconf 91' lang='lat' dir='ltr'><strong>est,</strong></span> <span class='ocrx_word' id='word_1_668' title='bbox 3524 3591 3835 3649; x_wconf 87' lang='lat' dir='ltr'><strong>calcantem</strong></span> 
     </span>
    </p>
   </div>
   <div class='ocr_carea' id='block_1_78' title="bbox 2236 3688 3839 3757">
    <p class='ocr_par' dir='ltr' id='par_1_78' title="bbox 2236 3688 3839 3757">
     <span class='ocr_line' id='line_1_78' title="bbox 2236 3688 3839 3757; baseline -0.004 -11"><span class='ocrx_word' id='word_1_669' title='bbox 2236 3690 2365 3746; x_wconf 90' lang='lat' dir='ltr'><strong>vitia</strong></span> <span class='ocrx_word' id='word_1_670' title='bbox 2391 3689 2579 3747; x_wconf 89' lang='lat' dir='ltr'><strong>mundi</strong></span> <span class='ocrx_word' id='word_1_671' title='bbox 2612 3709 2626 3746; x_wconf 92' lang='lat'><strong>:</strong></span> <span class='ocrx_word' id='word_1_672' title='bbox 2655 3690 2831 3745; x_wconf 84' lang='lat' dir='ltr'><strong>turbas</strong></span> <span class='ocrx_word' id='word_1_673' title='bbox 2859 3689 3194 3744; x_wconf 88' lang='lat' dir='ltr'><strong>ascendentes</strong></span> <span class='ocrx_word' id='word_1_674' title='bbox 3239 3688 3296 3743; x_wconf 85' lang='lat' dir='ltr'><strong>in</strong></span> <span class='ocrx_word' id='word_1_675' title='bbox 3331 3701 3513 3743; x_wconf 79' lang='lat' dir='ltr'><strong>navem</strong></span> <span class='ocrx_word' id='word_1_676' title='bbox 3544 3695 3839 3757; x_wconf 62' lang='lat' dir='ltr'><strong>querentes</strong></span> 
     </span>
    </p>
   </div>
   <div class='ocr_carea' id='block_1_79' title="bbox 2234 3776 3840 3855">
    <p class='ocr_par' dir='ltr' id='par_1_79' title="bbox 2234 3776 3840 3855">
     <span class='ocr_line' id='line_1_79' title="bbox 2234 3776 3840 3855; baseline -0.003 -12"><span class='ocrx_word' id='word_1_677' title='bbox 2234 3784 2438 3855; x_wconf 80' lang='lat' dir='ltr'><strong>Iesum,</strong></span> <span class='ocrx_word' id='word_1_678' title='bbox 2486 3785 2748 3853; x_wconf 90' lang='lat' dir='ltr'><strong>ostendit,</strong></span> <span class='ocrx_word' id='word_1_679' title='bbox 2796 3791 2854 3840; x_wconf 88' lang='lat' dir='ltr'><strong>ut</strong></span> <span class='ocrx_word' id='word_1_680' title='bbox 2885 3799 3077 3840; x_wconf 86' lang='lat' dir='ltr'><strong>omnes</strong></span> <span class='ocrx_word' id='word_1_681' title='bbox 3109 3800 3234 3839; x_wconf 91' lang='lat' dir='ltr'><strong>cum</strong></span> <span class='ocrx_word' id='word_1_682' title='bbox 3271 3776 3490 3855; x_wconf 85' lang='lat' dir='ltr'><strong>proprio</strong></span> <span class='ocrx_word' id='word_1_683' title='bbox 3541 3780 3728 3837; x_wconf 89' lang='lat' dir='ltr'><strong>labore</strong></span> <span class='ocrx_word' id='word_1_684' title='bbox 3750 3796 3840 3838; x_wconf 90' lang='lat' dir='ltr'><strong>re-</strong></span> 
     </span>
    </p>
   </div>
   <div class='ocr_carea' id='block_1_80' title="bbox 2237 3878 3838 3954">
    <p class='ocr_par' dir='ltr' id='par_1_80' title="bbox 2237 3878 3838 3954">
     <span class='ocr_line' id='line_1_80' title="bbox 2237 3878 3838 3954; baseline -0.005 -15"><span class='ocrx_word' id='word_1_685' title='bbox 2237 3881 2460 3954; x_wconf 88' lang='lat' dir='ltr'><strong>quirant</strong></span> <span class='ocrx_word' id='word_1_686' title='bbox 2482 3879 2780 3938; x_wconf 88' lang='lat' dir='ltr'><strong>Christum.</strong></span> <span class='ocrx_word' id='word_1_687' title='bbox 2803 3879 2965 3937; x_wconf 86' lang='lat' dir='ltr'><strong>Manu</strong></span> <span class='ocrx_word' id='word_1_688' title='bbox 2987 3879 3186 3938; x_wconf 89' lang='lat' dir='ltr'><strong>dicitur</strong></span> <span class='ocrx_word' id='word_1_689' title='bbox 3208 3880 3349 3952; x_wconf 90' lang='lat' dir='ltr'><strong>apud</strong></span> <span class='ocrx_word' id='word_1_690' title='bbox 3375 3879 3658 3946; x_wconf 69' lang='lat' dir='ltr'><strong>Hebrazos,</strong></span> <span class='ocrx_word' id='word_1_691' title='bbox 3686 3878 3838 3933; x_wconf 87' lang='lat' dir='ltr'><strong>unde</strong></span> 
     </span>
    </p>
   </div>
   <div class='ocr_carea' id='block_1_81' title="bbox 2235 3968 3840 4047">
    <p class='ocr_par' dir='ltr' id='par_1_81' title="bbox 2235 3968 3840 4047">
     <span class='ocr_line' id='line_1_81' title="bbox 2235 3968 3840 4047; baseline -0.002 -16"><span class='ocrx_word' id='word_1_692' title='bbox 2235 3975 2455 4047; x_wconf 90' lang='lat' dir='ltr'><strong>accepit</strong></span> <span class='ocrx_word' id='word_1_693' title='bbox 2508 3990 2707 4032; x_wconf 89' lang='lat' dir='ltr'><strong>nomen</strong></span> <span class='ocrx_word' id='word_1_694' title='bbox 2748 3989 2974 4039; x_wconf 88' lang='lat' dir='ltr'><strong>manna;</strong></span> <span class='ocrx_word' id='word_1_695' title='bbox 3006 3973 3145 4045; x_wconf 89' lang='lat' dir='ltr'><strong>apud</strong></span> <span class='ocrx_word' id='word_1_696' title='bbox 3177 3968 3400 4027; x_wconf 87' lang='lat' dir='ltr'><strong>Latinos</strong></span> <span class='ocrx_word' id='word_1_697' title='bbox 3432 3972 3535 4028; x_wconf 90' lang='lat' dir='ltr'><strong>hoc</strong></span> <span class='ocrx_word' id='word_1_698' title='bbox 3565 3980 3647 4028; x_wconf 90' lang='lat' dir='ltr'><strong>est</strong></span> <span class='ocrx_word' id='word_1_699' title='bbox 3676 3972 3840 4041; x_wconf 87' lang='lat' dir='ltr'><strong>panis</strong></span> 
     </span>
    </p>
   </div>
   <div class='ocr_carea' id='block_1_82' title="bbox 2236 4063 3833 4140">
    <p class='ocr_par' dir='ltr' id='par_1_82' title="bbox 2236 4063 3833 4140">
     <span class='ocr_line' id='line_1_82' title="bbox 2236 4063 3833 4140; baseline -0.004 -17"><span class='ocrx_word' id='word_1_700' title='bbox 2236 4068 2413 4137; x_wconf 90' lang='lat' dir='ltr'><strong>vivus,</strong></span> <span class='ocrx_word' id='word_1_701' title='bbox 2450 4068 2567 4125; x_wconf 90' lang='lat' dir='ltr'><strong>sive</strong></span> <span class='ocrx_word' id='word_1_702' title='bbox 2598 4080 2799 4140; x_wconf 87' lang='lat' dir='ltr'><strong>corpus</strong></span> <span class='ocrx_word' id='word_1_703' title='bbox 2836 4063 3039 4121; x_wconf 88' lang='lat' dir='ltr'><strong>Christi</strong></span> <span class='ocrx_word' id='word_1_704' title='bbox 3073 4063 3514 4136; x_wconf 87' lang='lat' dir='ltr'><strong>transfiguratum</strong></span> <span class='ocrx_word' id='word_1_705' title='bbox 3549 4063 3833 4133; x_wconf 79' lang='lat' dir='ltr'><strong>mysterio.</strong></span> 
     </span>
    </p>
   </div>
   <div class='ocr_carea' id='block_1_83' title="bbox 2236 4156 3841 4225">
    <p class='ocr_par' dir='ltr' id='par_1_83' title="bbox 2236 4156 3841 4225">
     <span class='ocr_line' id='line_1_83' title="bbox 2236 4156 3841 4225; baseline -0.005 -7"><span class='ocrx_word' id='word_1_706' title='bbox 2236 4160 2439 4218; x_wconf 85' lang='lat' dir='ltr'><strong>Tribus</strong></span> <span class='ocrx_word' id='word_1_707' title='bbox 2457 4161 2636 4217; x_wconf 87' lang='lat' dir='ltr'><strong>modis</strong></span> <span class='ocrx_word' id='word_1_708' title='bbox 2664 4159 2960 4215; x_wconf 90' lang='lat' dir='ltr'><strong>suscitatur</strong></span> <span class='ocrx_word' id='word_1_709' title='bbox 3000 4158 3183 4225; x_wconf 89' lang='lat' dir='ltr'><strong>homo,</strong></span> <span class='ocrx_word' id='word_1_710' title='bbox 3220 4157 3268 4213; x_wconf 88' lang='lat' dir='ltr'><strong>id</strong></span> <span class='ocrx_word' id='word_1_711' title='bbox 3294 4167 3394 4224; x_wconf 74' lang='grc' dir='ltr'>ρει,</span> <span class='ocrx_word' id='word_1_712' title='bbox 3423 4157 3490 4213; x_wconf 90' lang='lat' dir='ltr'><strong>de</strong></span> <span class='ocrx_word' id='word_1_713' title='bbox 3516 4156 3841 4212; x_wconf 81' lang='lat' dir='ltr'><strong>infidelitate</strong></span> 
     </span>
    </p>
   </div>
   <div class='ocr_carea' id='block_1_84' title="bbox 2236 4249 3840 4324">
    <p class='ocr_par' dir='ltr' id='par_1_84' title="bbox 2236 4249 3840 4324">
     <span class='ocr_line' id='line_1_84' title="bbox 2236 4249 3840 4324; baseline -0.004 -14"><span class='ocrx_word' id='word_1_714' title='bbox 2236 4254 2304 4310; x_wconf 89' lang='lat' dir='ltr'><strong>ad</strong></span> <span class='ocrx_word' id='word_1_715' title='bbox 2336 4254 2522 4323; x_wconf 87' lang='lat' dir='ltr'><strong>fidem,</strong></span> <span class='ocrx_word' id='word_1_716' title='bbox 2556 4252 2626 4309; x_wconf 85' lang='lat' dir='ltr'><strong>de</strong></span> <span class='ocrx_word' id='word_1_717' title='bbox 2653 4261 2877 4324; x_wconf 88' lang='lat' dir='ltr'><strong>peccato</strong></span> <span class='ocrx_word' id='word_1_718' title='bbox 2914 4251 2979 4306; x_wconf 91' lang='lat' dir='ltr'><strong>ad</strong></span> <span class='ocrx_word' id='word_1_719' title='bbox 3014 4250 3415 4322; x_wconf 81' lang='lat' dir='ltr'><strong>ptenitcntiam,</strong></span> <span class='ocrx_word' id='word_1_720' title='bbox 3454 4250 3508 4305; x_wconf 92' lang='lat' dir='ltr'><strong>in</strong></span> <span class='ocrx_word' id='word_1_721' title='bbox 3542 4249 3840 4305; x_wconf 86' lang='lat' dir='ltr'><strong>novissima</strong></span> 
     </span>
    </p>
   </div>
   <div class='ocr_carea' id='block_1_85' title="bbox 2238 4344 3838 4419">
    <p class='ocr_par' dir='ltr' id='par_1_85' title="bbox 2238 4344 3838 4419">
     <span class='ocr_line' id='line_1_85' title="bbox 2238 4344 3838 4419; baseline -0.004 -16"><span class='ocrx_word' id='word_1_722' title='bbox 2238 4349 2329 4406; x_wconf 90' lang='lat' dir='ltr'><strong>die</strong></span> <span class='ocrx_word' id='word_1_723' title='bbox 2356 4349 2741 4419; x_wconf 90' lang='lat' dir='ltr'><strong>corporaliter,</strong></span> <span class='ocrx_word' id='word_1_724' title='bbox 2791 4348 2844 4401; x_wconf 90' lang='lat' dir='ltr'><strong>in</strong></span> <span class='ocrx_word' id='word_1_725' title='bbox 2867 4346 3346 4401; x_wconf 87' lang='lat' dir='ltr'><strong>resurrectionem.</strong></span> <span class='ocrx_word' id='word_1_726' title='bbox 3382 4344 3496 4419; x_wconf 85' lang='lat' dir='ltr'><strong>Ego</strong></span> <span class='ocrx_word' id='word_1_727' title='bbox 3536 4346 3642 4400; x_wconf 77' lang='lat' dir='ltr'><strong>vivo</strong></span> <span class='ocrx_word' id='word_1_728' title='bbox 3673 4361 3838 4415; x_wconf 86' lang='lat' dir='ltr'><strong>prop-</strong></span> 
     </span>
    </p>
   </div>
   <div class='ocr_carea' id='block_1_86' title="bbox 2241 4437 3839 4509">
    <p class='ocr_par' dir='ltr' id='par_1_86' title="bbox 2241 4437 3839 4509">
     <span class='ocr_line' id='line_1_86' title="bbox 2241 4437 3839 4509; baseline -0.004 -12"><span class='ocrx_word' id='word_1_729' title='bbox 2241 4452 2313 4497; x_wconf 89' lang='lat' dir='ltr'><strong>ter</strong></span> <span class='ocrx_word' id='word_1_730' title='bbox 2337 4440 2573 4509; x_wconf 88' lang='lat' dir='ltr'><strong>Patrem,</strong></span> <span class='ocrx_word' id='word_1_731' title='bbox 2600 4438 2897 4497; x_wconf 87' lang='lat' dir='ltr'><strong>ostendunt</strong></span> <span class='ocrx_word' id='word_1_732' title='bbox 2926 4439 3225 4496; x_wconf 89' lang='lat' dir='ltr'><strong>secundum</strong></span> <span class='ocrx_word' id='word_1_733' title='bbox 3251 4437 3623 4505; x_wconf 79' lang='lat' dir='ltr'><strong>divinitatem;</strong></span> <span class='ocrx_word' id='word_1_734' title='bbox 3647 4452 3839 4491; x_wconf 86' lang='lat' dir='ltr'><strong>sceno-</strong></span> 
     </span>
    </p>
   </div>
   <div class='ocr_carea' id='block_1_87' title="bbox 532 4512 3841 4607">
    <p class='ocr_par' dir='ltr' id='par_1_87' title="bbox 532 4512 3841 4607">
     <span class='ocr_line' id='line_1_87' title="bbox 532 4512 3841 4607; baseline -0.001 -20"><span class='ocrx_word' id='word_1_735' title='bbox 532 4530 733 4587; x_wconf 77' lang='lat' dir='ltr'><strong>littera:</strong></span> <span class='ocrx_word' id='word_1_736' title='bbox 765 4549 779 4586; x_wconf 93' lang='lat'>:</span> <span class='ocrx_word' id='word_1_737' title='bbox 813 4544 913 4601; x_wconf 87' lang='lat' dir='ltr'><strong>per</strong></span> <span class='ocrx_word' id='word_1_738' title='bbox 964 4528 1152 4585; x_wconf 89' lang='lat' dir='ltr'><strong>horam</strong></span> <span class='ocrx_word' id='word_1_739' title='bbox 1205 4538 1411 4585; x_wconf 81' lang='lat' dir='ltr'><strong>sextam</strong></span> <span class='ocrx_word' id='word_1_740' title='bbox 1472 4530 1606 4586; x_wconf 75' lang='lat' dir='ltr'><strong>fides</strong></span> <span class='ocrx_word' id='word_1_741' title='bbox 1665 4512 2130 4590; x_wconf 86' lang='lat' dir='ltr'><strong>Samaritanorum</strong></span> <span class='ocrx_word' id='word_1_742' title='bbox 2162 4512 2216 4579; x_wconf 72' lang='grc' dir='ltr'>Β</span> <span class='ocrx_word' id='word_1_743' title='bbox 2244 4535 2418 4607; x_wconf 86' lang='lat' dir='ltr'><strong>pegia,</strong></span> <span class='ocrx_word' id='word_1_744' title='bbox 2452 4533 2505 4591; x_wconf 91' lang='lat' dir='ltr'><strong>id</strong></span> <span class='ocrx_word' id='word_1_745' title='bbox 2534 4544 2639 4601; x_wconf 91' lang='lat' dir='ltr'><strong>est,</strong></span> <span class='ocrx_word' id='word_1_746' title='bbox 2673 4533 2821 4589; x_wconf 87' lang='lat' dir='ltr'><strong>fictio</strong></span> <span class='ocrx_word' id='word_1_747' title='bbox 2853 4530 3351 4590; x_wconf 83' lang='lat' dir='ltr'><strong>tabernaculorum.</strong></span> <span class='ocrx_word' id='word_1_748' title='bbox 3394 4530 3500 4587; x_wconf 79' lang='lat' dir='ltr'><strong>Vos</strong></span> <span class='ocrx_word' id='word_1_749' title='bbox 3530 4530 3841 4585; x_wconf 84' lang='lat' dir='ltr'><strong>ascendistis</strong></span> 
     </span>
    </p>
   </div>
   <div class='ocr_carea' id='block_1_88' title="bbox 533 4624 2131 4703">
    <p class='ocr_par' dir='ltr' id='par_1_88' title="bbox 533 4624 2131 4703">
     <span class='ocr_line' id='line_1_88' title="bbox 533 4624 2131 4703; baseline 0.004 -24"><span class='ocrx_word' id='word_1_750' title='bbox 533 4624 864 4695; x_wconf 75' lang='lat' dir='ltr'><strong>intelligitur,</strong></span> <span class='ocrx_word' id='word_1_751' title='bbox 905 4626 997 4696; x_wconf 87' lang='lat' dir='ltr'><strong>qui</strong></span> <span class='ocrx_word' id='word_1_752' title='bbox 1024 4633 1179 4681; x_wconf 81' lang='lat' dir='ltr'><strong>erant</strong></span> <span class='ocrx_word' id='word_1_753' title='bbox 1213 4626 1485 4681; x_wconf 86' lang='lat' dir='ltr'><strong>ferventes</strong></span> <span class='ocrx_word' id='word_1_754' title='bbox 1514 4643 1528 4681; x_wconf 90' lang='lat'><strong>:</strong></span> <span class='ocrx_word' id='word_1_755' title='bbox 1561 4626 1767 4693; x_wconf 86' lang='lat' dir='ltr'><strong>mulier,</strong></span> <span class='ocrx_word' id='word_1_756' title='bbox 1800 4626 1850 4681; x_wconf 89' lang='lat' dir='ltr'><strong>id</strong></span> <span class='ocrx_word' id='word_1_757' title='bbox 1882 4638 2003 4699; x_wconf 88' lang='lat' dir='ltr'><strong>est,</strong></span> <span class='ocrx_word' id='word_1_758' title='bbox 2037 4645 2131 4703; x_wconf 77' lang='lat' dir='ltr'><strong>sy-</strong></span> 
     </span>
    </p>
   </div>
   <div class='ocr_carea' id='block_1_89' title="bbox 532 4719 2133 4793">
    <p class='ocr_par' dir='ltr' id='par_1_89' title="bbox 532 4719 2133 4793">
     <span class='ocr_line' id='line_1_89' title="bbox 532 4719 2133 4793; baseline 0.005 -21"><span class='ocrx_word' id='word_1_759' title='bbox 532 4735 739 4791; x_wconf 81' lang='lat' dir='ltr'><strong>nagoga</strong></span> <span class='ocrx_word' id='word_1_760' title='bbox 764 4737 778 4773; x_wconf 90' lang='lat'><strong>:</strong></span> <span class='ocrx_word' id='word_1_761' title='bbox 810 4720 1017 4774; x_wconf 78' lang='lat' dir='ltr'><strong>haurire</strong></span> <span class='ocrx_word' id='word_1_762' title='bbox 1038 4735 1248 4788; x_wconf 81' lang='lat' dir='ltr'><strong>aquam,</strong></span> <span class='ocrx_word' id='word_1_763' title='bbox 1270 4719 1482 4775; x_wconf 85' lang='lat' dir='ltr'><strong>discere</strong></span> <span class='ocrx_word' id='word_1_764' title='bbox 1497 4719 1779 4776; x_wconf 87' lang='lat' dir='ltr'><strong>historiam</strong></span> <span class='ocrx_word' id='word_1_765' title='bbox 1804 4721 1961 4793; x_wconf 90' lang='lat' dir='ltr'><strong>Legis</strong></span> <span class='ocrx_word' id='word_1_766' title='bbox 1989 4722 2133 4780; x_wconf 86' lang='lat' dir='ltr'><strong>litte—</strong></span> 
     </span>
    </p>
   </div>
   <div class='ocr_carea' id='block_1_90' title="bbox 534 4812 2125 4884">
    <p class='ocr_par' dir='ltr' id='par_1_90' title="bbox 534 4812 2125 4884">
     <span class='ocr_line' id='line_1_90' title="bbox 534 4812 2125 4884; baseline 0.004 -17"><span class='ocrx_word' id='word_1_767' title='bbox 534 4828 611 4867; x_wconf 67' lang='lat' dir='ltr'><strong>ra:</strong></span> <span class='ocrx_word' id='word_1_768' title='bbox 645 4831 661 4866; x_wconf 89' lang='lat'><strong>:</strong></span> <span class='ocrx_word' id='word_1_769' title='bbox 690 4813 817 4883; x_wconf 79' lang='lat' dir='ltr'><strong>petit</strong></span> <span class='ocrx_word' id='word_1_770' title='bbox 841 4812 994 4868; x_wconf 74' lang='lat' dir='ltr'><strong>Iesus</strong></span> <span class='ocrx_word' id='word_1_771' title='bbox 1016 4813 1203 4884; x_wconf 87' lang='lat' dir='ltr'><strong>bibere,</strong></span> <span class='ocrx_word' id='word_1_772' title='bbox 1232 4813 1284 4868; x_wconf 90' lang='lat' dir='ltr'><strong>id</strong></span> <span class='ocrx_word' id='word_1_773' title='bbox 1311 4822 1413 4878; x_wconf 85' lang='lat' dir='ltr'><strong>est,</strong></span> <span class='ocrx_word' id='word_1_774' title='bbox 1440 4822 1626 4882; x_wconf 84' lang='lat' dir='ltr'><strong>petere</strong></span> <span class='ocrx_word' id='word_1_775' title='bbox 1656 4813 1812 4870; x_wconf 81' lang='lat' dir='ltr'><strong>ﬁdem</strong></span> <span class='ocrx_word' id='word_1_776' title='bbox 1844 4817 2125 4874; x_wconf 87' lang='lat' dir='ltr'><strong>mulieris:</strong></span> 
     </span>
    </p>
   </div>
   <div class='ocr_carea' id='block_1_91' title="bbox 536 4904 2130 4980">
    <p class='ocr_par' dir='ltr' id='par_1_91' title="bbox 536 4904 2130 4980">
     <span class='ocr_line' id='line_1_91' title="bbox 536 4904 2130 4980; baseline 0.004 -22"><span class='ocrx_word' id='word_1_777' title='bbox 536 4911 732 4975; x_wconf 85' lang='lat' dir='ltr'><strong>puteus</strong></span> <span class='ocrx_word' id='word_1_778' title='bbox 760 4905 925 4973; x_wconf 85' lang='lat' dir='ltr'><strong>altus,</strong></span> <span class='ocrx_word' id='word_1_779' title='bbox 958 4904 1010 4961; x_wconf 91' lang='lat' dir='ltr'><strong>id</strong></span> <span class='ocrx_word' id='word_1_780' title='bbox 1048 4915 1132 4961; x_wconf 87' lang='lat' dir='ltr'><strong>est</strong></span> <span class='ocrx_word' id='word_1_781' title='bbox 1163 4947 1178 4973; x_wconf 94' lang='lat'><strong>,</strong></span> <span class='ocrx_word' id='word_1_782' title='bbox 1229 4905 1457 4961; x_wconf 77' lang='lat' dir='ltr'><strong>altitudo</strong></span> <span class='ocrx_word' id='word_1_783' title='bbox 1499 4906 1739 4977; x_wconf 83' lang='lat' dir='ltr'><strong>mysterii</strong></span> <span class='ocrx_word' id='word_1_784' title='bbox 1769 4907 1925 4980; x_wconf 78' lang='lat' dir='ltr'><strong>Legis</strong></span> <span class='ocrx_word' id='word_1_785' title='bbox 1964 4927 1978 4963; x_wconf 91' lang='lat'><strong>:</strong></span> <span class='ocrx_word' id='word_1_786' title='bbox 2010 4909 2130 4966; x_wconf 86' lang='lat' dir='ltr'><strong>fons</strong></span> 
     </span>
    </p>
   </div>
   <div class='ocr_carea' id='block_1_92' title="bbox 536 4997 2133 5072">
    <p class='ocr_par' dir='ltr' id='par_1_92' title="bbox 536 4997 2133 5072">
     <span class='ocr_line' id='line_1_92' title="bbox 536 4997 2133 5072; baseline 0.006 -23"><span class='ocrx_word' id='word_1_787' title='bbox 536 4997 957 5066; x_wconf 60' lang='lat' dir='ltr'><strong>aqumsaliemis</strong></span> <span class='ocrx_word' id='word_1_788' title='bbox 984 4999 1051 5052; x_wconf 79' lang='lat' dir='ltr'><strong>ad</strong></span> <span class='ocrx_word' id='word_1_789' title='bbox 1080 4998 1247 5052; x_wconf 84' lang='lat' dir='ltr'><strong>vitam</strong></span> <span class='ocrx_word' id='word_1_790' title='bbox 1268 5006 1525 5053; x_wconf 61' lang='lat' dir='ltr'><strong>aeternam</strong></span> <span class='ocrx_word' id='word_1_791' title='bbox 1550 5044 1563 5066; x_wconf 88' lang='lat'><strong>,</strong></span> <span class='ocrx_word' id='word_1_792' title='bbox 1591 4998 1643 5053; x_wconf 90' lang='lat' dir='ltr'><strong>id</strong></span> <span class='ocrx_word' id='word_1_793' title='bbox 1674 5008 1757 5055; x_wconf 88' lang='lat' dir='ltr'><strong>est</strong></span> <span class='ocrx_word' id='word_1_794' title='bbox 1778 5042 1792 5067; x_wconf 92' lang='lat'><strong>,</strong></span> <span class='ocrx_word' id='word_1_795' title='bbox 1820 5001 2133 5072; x_wconf 58' lang='lat' dir='ltr'><strong>praedicatio</strong></span> 
     </span>
    </p>
   </div>
   <div class='ocr_carea' id='block_1_93' title="bbox 536 5088 2129 5165">
    <p class='ocr_par' dir='ltr' id='par_1_93' title="bbox 536 5088 2129 5165">
     <span class='ocr_line' id='line_1_93' title="bbox 536 5088 2129 5165; baseline 0.005 -20"><span class='ocrx_word' id='word_1_796' title='bbox 536 5088 815 5159; x_wconf 70' lang='lat' dir='ltr'><strong>Evangelii</strong></span> <span class='ocrx_word' id='word_1_797' title='bbox 843 5090 1139 5148; x_wconf 83' lang='lat' dir='ltr'><strong>ebulliente</strong></span> <span class='ocrx_word' id='word_1_798' title='bbox 1168 5106 1233 5147; x_wconf 77' lang='lat' dir='ltr'><strong>ex</strong></span> <span class='ocrx_word' id='word_1_799' title='bbox 1265 5107 1362 5147; x_wconf 90' lang='lat' dir='ltr'><strong>ore</strong></span> <span class='ocrx_word' id='word_1_800' title='bbox 1398 5094 1806 5165; x_wconf 88' lang='lat' dir='ltr'><strong>apostolorum,</strong></span> <span class='ocrx_word' id='word_1_801' title='bbox 1866 5098 1981 5151; x_wconf 80' lang='lat' dir='ltr'><strong>sive</strong></span> <span class='ocrx_word' id='word_1_802' title='bbox 2008 5113 2129 5153; x_wconf 87' lang='lat' dir='ltr'><strong>cre-</strong></span> 
     </span>
    </p>
   </div>
   <div class='ocr_carea' id='block_1_94' title="bbox 536 5183 2131 5262">
    <p class='ocr_par' dir='ltr' id='par_1_94' title="bbox 536 5183 2131 5262">
     <span class='ocr_line' id='line_1_94' title="bbox 536 5183 2131 5262; baseline 0.006 -24"><span class='ocrx_word' id='word_1_803' title='bbox 536 5183 806 5239; x_wconf 86' lang='lat' dir='ltr'><strong>dentium.</strong></span> <span class='ocrx_word' id='word_1_804' title='bbox 856 5183 1095 5257; x_wconf 84' lang='lat' dir='ltr'><strong>Quinque</strong></span> <span class='ocrx_word' id='word_1_805' title='bbox 1149 5187 1327 5253; x_wconf 80' lang='lat' dir='ltr'><strong>viros,</strong></span> <span class='ocrx_word' id='word_1_806' title='bbox 1381 5187 1622 5245; x_wconf 87' lang='lat' dir='ltr'><strong>ostendit</strong></span> <span class='ocrx_word' id='word_1_807' title='bbox 1672 5187 1910 5262; x_wconf 85' lang='lat' dir='ltr'><strong>quinque</strong></span> <span class='ocrx_word' id='word_1_808' title='bbox 1960 5190 2131 5249; x_wconf 89' lang='lat' dir='ltr'><strong>libros</strong></span> 
     </span>
    </p>
   </div>
   <div class='ocr_carea' id='block_1_95' title="bbox 537 5274 2133 5351">
    <p class='ocr_par' dir='ltr' id='par_1_95' title="bbox 537 5274 2133 5351">
     <span class='ocr_line' id='line_1_95' title="bbox 537 5274 2133 5351; baseline 0.006 -20"><span class='ocrx_word' id='word_1_809' title='bbox 537 5274 709 5348; x_wconf 70' lang='grc' dir='ltr'><strong>Μογεί</strong></span> <span class='ocrx_word' id='word_1_810' title='bbox 740 5291 755 5329; x_wconf 91' lang='lat'><strong>:</strong></span> <span class='ocrx_word' id='word_1_811' title='bbox 783 5286 833 5329; x_wconf 84' lang='lat' dir='ltr'><strong>et</strong></span> <span class='ocrx_word' id='word_1_812' title='bbox 864 5293 1000 5331; x_wconf 87' lang='lat' dir='ltr'><strong>nunc</strong></span> <span class='ocrx_word' id='word_1_813' title='bbox 1017 5294 1169 5348; x_wconf 83' lang='lat' dir='ltr'><strong>quem</strong></span> <span class='ocrx_word' id='word_1_814' title='bbox 1200 5277 1372 5341; x_wconf 80' lang='lat' dir='ltr'><strong>habes,</strong></span> <span class='ocrx_word' id='word_1_815' title='bbox 1399 5297 1500 5334; x_wconf 84' lang='lat' dir='ltr'><strong>non</strong></span> <span class='ocrx_word' id='word_1_816' title='bbox 1528 5290 1601 5333; x_wconf 92' lang='lat' dir='ltr'><strong>est</strong></span> <span class='ocrx_word' id='word_1_817' title='bbox 1627 5291 1772 5351; x_wconf 85' lang='lat' dir='ltr'><strong>tuus,</strong></span> <span class='ocrx_word' id='word_1_818' title='bbox 1807 5284 2041 5340; x_wconf 87' lang='lat' dir='ltr'><strong>ostendit</strong></span> <span class='ocrx_word' id='word_1_819' title='bbox 2070 5280 2133 5341; x_wconf 87' lang='lat' dir='ltr'><strong>li-</strong></span> 
     </span>
    </p>
   </div>
   <div class='ocr_carea' id='block_1_96' title="bbox 538 5367 2132 5448">
    <p class='ocr_par' dir='ltr' id='par_1_96' title="bbox 538 5367 2132 5448">
     <span class='ocr_line' id='line_1_96' title="bbox 538 5367 2132 5448; baseline 0.007 -26"><span class='ocrx_word' id='word_1_820' title='bbox 538 5367 694 5423; x_wconf 86' lang='lat' dir='ltr'><strong>brum</strong></span> <span class='ocrx_word' id='word_1_821' title='bbox 723 5369 911 5424; x_wconf 82' lang='lat' dir='ltr'><strong>Iosue.</strong></span> <span class='ocrx_word' id='word_1_822' title='bbox 950 5368 1173 5441; x_wconf 82' lang='lat' dir='ltr'><strong>Reliquit</strong></span> <span class='ocrx_word' id='word_1_823' title='bbox 1203 5371 1441 5441; x_wconf 75' lang='lat' dir='ltr'><strong>hydriam</strong></span> <span class='ocrx_word' id='word_1_824' title='bbox 1468 5389 1616 5427; x_wconf 85' lang='lat' dir='ltr'><strong>suam</strong></span> <span class='ocrx_word' id='word_1_825' title='bbox 1636 5416 1649 5438; x_wconf 96' lang='lat'><strong>,</strong></span> <span class='ocrx_word' id='word_1_826' title='bbox 1683 5373 1736 5428; x_wconf 90' lang='lat' dir='ltr'><strong>id</strong></span> <span class='ocrx_word' id='word_1_827' title='bbox 1767 5383 1851 5430; x_wconf 88' lang='lat' dir='ltr'><strong>est</strong></span> <span class='ocrx_word' id='word_1_828' title='bbox 1882 5417 1898 5444; x_wconf 97' lang='lat'><strong>,</strong></span> <span class='ocrx_word' id='word_1_829' title='bbox 1942 5379 2132 5448; x_wconf 86' lang='lat' dir='ltr'><strong>pristi-</strong></span> 
     </span>
    </p>
   </div>
   <div class='ocr_carea' id='block_1_97' title="bbox 541 5460 2131 5528">
    <p class='ocr_par' dir='ltr' id='par_1_97' title="bbox 541 5460 2131 5528">
     <span class='ocr_line' id='line_1_97' title="bbox 541 5460 2131 5528; baseline 0.008 -12"><span class='ocrx_word' id='word_1_830' title='bbox 541 5478 664 5517; x_wconf 86' lang='lat' dir='ltr'><strong>nam</strong></span> <span class='ocrx_word' id='word_1_831' title='bbox 697 5460 1365 5519; x_wconf 80' lang='lat' dir='ltr'><strong>conversationemzabiit</strong></span> <span class='ocrx_word' id='word_1_832' title='bbox 1418 5466 1472 5520; x_wconf 84' lang='lat' dir='ltr'><strong>in</strong></span> <span class='ocrx_word' id='word_1_833' title='bbox 1520 5466 1769 5521; x_wconf 72' lang='lat' dir='ltr'><strong>ciuitatem</strong></span> <span class='ocrx_word' id='word_1_834' title='bbox 1814 5484 1836 5523; x_wconf 92' lang='lat'><strong><em>:</em></strong></span> <span class='ocrx_word' id='word_1_835' title='bbox 1892 5470 2131 5528; x_wconf 83' lang='lat' dir='ltr'><strong>OStendit</strong></span> 
     </span>
    </p>
   </div>
   <div class='ocr_carea' id='block_1_98' title="bbox 615 5643 2129 5717">
    <p class='ocr_par' dir='ltr' id='par_1_98' title="bbox 615 5643 2129 5717">
     <span class='ocr_line' id='line_1_98' title="bbox 615 5643 2129 5717; baseline 0.012 -23"><span class='ocrx_word' id='word_1_836' title='bbox 615 5643 775 5717; x_wconf 61' lang='grc' dir='ltr'><strong>τι)το</strong></span> <span class='ocrx_word' id='word_1_837' title='bbox 798 5644 938 5717; x_wconf 83' lang='lat' dir='ltr'><strong>ligno</strong></span> <span class='ocrx_word' id='word_1_838' title='bbox 967 5655 1084 5717; x_wconf 85' lang='lat' dir='ltr'><strong>erat</strong></span> <span class='ocrx_word' id='word_1_839' title='bbox 1107 5644 1321 5699; x_wconf 86' lang='lat' dir='ltr'><strong>Libano.</strong></span> <span class='ocrx_word' id='word_1_840' title='bbox 1354 5645 1474 5703; x_wconf 76' lang='lat' dir='ltr'><strong>Mox</strong></span> <span class='ocrx_word' id='word_1_841' title='bbox 1516 5649 1748 5705; x_wconf 73' lang='lat' dir='ltr'><strong>alterum</strong></span> <span class='ocrx_word' id='word_1_842' title='bbox 1805 5653 1885 5707; x_wconf 80' lang='lat' dir='ltr'><strong>ita</strong></span> <span class='ocrx_word' id='word_1_843' title='bbox 1932 5655 2129 5712; x_wconf 75' lang='lat' dir='ltr'><strong>redun-</strong></span> 
     </span>
    </p>
   </div>
   <div class='ocr_carea' id='block_1_99' title="bbox 548 5711 2135 5785">
    <p class='ocr_par' dir='ltr' id='par_1_99' title="bbox 548 5711 2135 5785">
     <span class='ocr_line' id='line_1_99' title="bbox 548 5711 2135 5785; baseline 0.012 -20"><span class='ocrx_word' id='word_1_844' title='bbox 548 5711 715 5766; x_wconf 85' lang='lat' dir='ltr'><strong>dabat</strong></span> <span class='ocrx_word' id='word_1_845' title='bbox 739 5711 863 5769; x_wconf 76' lang='lat' dir='ltr'><strong>ante</strong></span> <span class='ocrx_word' id='word_1_846' title='bbox 892 5716 1054 5770; x_wconf 86' lang='lat' dir='ltr'><strong>verba</strong></span> <span class='ocrx_word' id='word_1_847' title='bbox 1092 5731 1184 5785; x_wconf 82' lang='lat' dir='ltr'><strong>per</strong></span> <span class='ocrx_word' id='word_1_848' title='bbox 1219 5718 1381 5773; x_wconf 81' lang='lat' dir='ltr'><strong>risum</strong></span> <span class='ocrx_word' id='word_1_849' title='bbox 1406 5734 1423 5773; x_wconf 89' lang='lat'><strong><em>:</em></strong></span> <span class='ocrx_word' id='word_1_850' title='bbox 1448 5730 1560 5777; x_wconf 87' lang='lat' dir='ltr'><strong>tum</strong></span> <span class='ocrx_word' id='word_1_851' title='bbox 1612 5711 1982 5781; x_wconf 14' lang='lat' dir='ltr'><strong>liberabantur,</strong></span> <span class='ocrx_word' id='word_1_852' title='bbox 2004 5711 2135 5784; x_wconf 88' lang='lat' dir='ltr'><strong>erat</strong></span> 
     </span>
    </p>
   </div>
   <div class='ocr_carea' id='block_1_100' title="bbox 2242 4624 3840 4699">
    <p class='ocr_par' dir='ltr' id='par_1_100' title="bbox 2242 4624 3840 4699">
     <span class='ocr_line' id='line_1_100' title="bbox 2242 4624 3840 4699; baseline -0.003 -18"><span class='ocrx_word' id='word_1_853' title='bbox 2242 4628 2311 4681; x_wconf 91' lang='lat' dir='ltr'><strong>ad</strong></span> <span class='ocrx_word' id='word_1_854' title='bbox 2334 4626 2473 4681; x_wconf 90' lang='lat' dir='ltr'><strong>diem</strong></span> <span class='ocrx_word' id='word_1_855' title='bbox 2516 4631 2727 4699; x_wconf 83' lang='lat' dir='ltr'><strong>festum,</strong></span> <span class='ocrx_word' id='word_1_856' title='bbox 2758 4642 2851 4699; x_wconf 85' lang='lat' dir='ltr'><strong>ego</strong></span> <span class='ocrx_word' id='word_1_857' title='bbox 2882 4643 2982 4681; x_wconf 90' lang='lat' dir='ltr'><strong>non</strong></span> <span class='ocrx_word' id='word_1_858' title='bbox 3008 4625 3231 4681; x_wconf 89' lang='lat' dir='ltr'><strong>ascendo</strong></span> <span class='ocrx_word' id='word_1_859' title='bbox 3265 4642 3279 4679; x_wconf 88' lang='lat'>:</span> <span class='ocrx_word' id='word_1_860' title='bbox 3316 4640 3414 4680; x_wconf 89' lang='lat' dir='ltr'><strong>vos</strong></span> <span class='ocrx_word' id='word_1_861' title='bbox 3444 4624 3644 4695; x_wconf 86' lang='lat' dir='ltr'><strong>quibus</strong></span> <span class='ocrx_word' id='word_1_862' title='bbox 3682 4638 3840 4677; x_wconf 90' lang='lat' dir='ltr'><strong>mun-</strong></span> 
     </span>
    </p>
   </div>
   <div class='ocr_carea' id='block_1_101' title="bbox 2242 4716 3841 4793">
    <p class='ocr_par' dir='ltr' id='par_1_101' title="bbox 2242 4716 3841 4793">
     <span class='ocr_line' id='line_1_101' title="bbox 2242 4716 3841 4793; baseline -0.004 -14"><span class='ocrx_word' id='word_1_863' title='bbox 2242 4723 2345 4779; x_wconf 90' lang='lat' dir='ltr'><strong>dus</strong></span> <span class='ocrx_word' id='word_1_864' title='bbox 2373 4721 2701 4787; x_wconf 88' lang='lat' dir='ltr'><strong>delectatur,</strong></span> <span class='ocrx_word' id='word_1_865' title='bbox 2734 4737 2838 4793; x_wconf 87' lang='lat' dir='ltr'><strong>ego</strong></span> <span class='ocrx_word' id='word_1_866' title='bbox 2868 4737 2977 4776; x_wconf 88' lang='lat' dir='ltr'><strong>non</strong></span> <span class='ocrx_word' id='word_1_867' title='bbox 3007 4718 3317 4785; x_wconf 90' lang='lat' dir='ltr'><strong>ascendam,</strong></span> <span class='ocrx_word' id='word_1_868' title='bbox 3348 4716 3472 4787; x_wconf 87' lang='lat' dir='ltr'><strong>quia</strong></span> <span class='ocrx_word' id='word_1_869' title='bbox 3494 4732 3603 4771; x_wconf 91' lang='lat' dir='ltr'><strong>non</strong></span> <span class='ocrx_word' id='word_1_870' title='bbox 3632 4732 3751 4772; x_wconf 92' lang='lat' dir='ltr'><strong>sum</strong></span> <span class='ocrx_word' id='word_1_871' title='bbox 3772 4718 3841 4772; x_wconf 84' lang='lat' dir='ltr'><strong>de</strong></span> 
     </span>
    </p>
   </div>
   <div class='ocr_carea' id='block_1_102' title="bbox 2243 4805 3840 4880">
    <p class='ocr_par' dir='ltr' id='par_1_102' title="bbox 2243 4805 3840 4880">
     <span class='ocr_line' id='line_1_102' title="bbox 2243 4805 3840 4880; baseline -0.007 -9"><span class='ocrx_word' id='word_1_872' title='bbox 2243 4814 2469 4871; x_wconf 88' lang='lat' dir='ltr'><strong>mundo.</strong></span> <span class='ocrx_word' id='word_1_873' title='bbox 2505 4814 2603 4869; x_wconf 89' lang='lat' dir='ltr'><strong>Dic</strong></span> <span class='ocrx_word' id='word_1_874' title='bbox 2652 4813 2791 4869; x_wconf 79' lang='lat' dir='ltr'><strong>festo</strong></span> <span class='ocrx_word' id='word_1_875' title='bbox 2824 4812 3131 4880; x_wconf 88' lang='lat' dir='ltr'><strong>mediante,</strong></span> <span class='ocrx_word' id='word_1_876' title='bbox 3160 4809 3404 4864; x_wconf 85' lang='lat' dir='ltr'><strong>Ascendit</strong></span> <span class='ocrx_word' id='word_1_877' title='bbox 3438 4807 3597 4864; x_wconf 90' lang='lat' dir='ltr'><strong>Iesus</strong></span> <span class='ocrx_word' id='word_1_878' title='bbox 3620 4805 3840 4863; x_wconf 84' lang='lat' dir='ltr'><strong>Jeroso-</strong></span> 
     </span>
    </p>
   </div>
   <div class='ocr_carea' id='block_1_103' title="bbox 2245 4899 3843 4982">
    <p class='ocr_par' dir='ltr' id='par_1_103' title="bbox 2245 4899 3843 4982">
     <span class='ocr_line' id='line_1_103' title="bbox 2245 4899 3843 4982; baseline -0.006 -19"><span class='ocrx_word' id='word_1_879' title='bbox 2245 4911 2459 4982; x_wconf 80' lang='lat' dir='ltr'><strong>lymam,</strong></span> <span class='ocrx_word' id='word_1_880' title='bbox 2504 4906 2739 4964; x_wconf 79' lang='lat' dir='ltr'><strong>maxime</strong></span> <span class='ocrx_word' id='word_1_881' title='bbox 2766 4906 3097 4963; x_wconf 87' lang='lat' dir='ltr'><strong>incendente</strong></span> <span class='ocrx_word' id='word_1_882' title='bbox 3151 4900 3269 4959; x_wconf 89' lang='lat' dir='ltr'><strong>zelo</strong></span> <span class='ocrx_word' id='word_1_883' title='bbox 3324 4899 3684 4957; x_wconf 73' lang='lat' dir='ltr'><strong>Judrcorum:</strong></span> <span class='ocrx_word' id='word_1_884' title='bbox 3724 4917 3843 4954; x_wconf 84' lang='lat' dir='ltr'><strong>ntea</strong></span> 
     </span>
    </p>
   </div>
   <div class='ocr_carea' id='block_1_104' title="bbox 2244 4994 3841 5068">
    <p class='ocr_par' dir='ltr' id='par_1_104' title="bbox 2244 4994 3841 5068">
     <span class='ocr_line' id='line_1_104' title="bbox 2244 4994 3841 5068; baseline -0.008 -9"><span class='ocrx_word' id='word_1_885' title='bbox 2244 5004 2481 5059; x_wconf 85' lang='lat' dir='ltr'><strong>doctrina</strong></span> <span class='ocrx_word' id='word_1_886' title='bbox 2512 5020 2616 5057; x_wconf 87' lang='lat' dir='ltr'><strong>non</strong></span> <span class='ocrx_word' id='word_1_887' title='bbox 2644 5012 2717 5057; x_wconf 87' lang='lat' dir='ltr'><strong>est</strong></span> <span class='ocrx_word' id='word_1_888' title='bbox 2748 5018 2894 5068; x_wconf 85' lang='lat' dir='ltr'><strong>mea;</strong></span> <span class='ocrx_word' id='word_1_889' title='bbox 2923 4998 3042 5055; x_wconf 88' lang='lat' dir='ltr'><strong>etsi</strong></span> <span class='ocrx_word' id='word_1_890' title='bbox 3076 5013 3218 5059; x_wconf 86' lang='lat' dir='ltr'><strong>mea.</strong></span> <span class='ocrx_word' id='word_1_891' title='bbox 3247 4995 3518 5067; x_wconf 86' lang='lat' dir='ltr'><strong>quomodo</strong></span> <span class='ocrx_word' id='word_1_892' title='bbox 3541 5011 3647 5049; x_wconf 93' lang='lat' dir='ltr'><strong>non</strong></span> <span class='ocrx_word' id='word_1_893' title='bbox 3677 4994 3841 5048; x_wconf 86' lang='lat' dir='ltr'><strong>mea?</strong></span> 
     </span>
    </p>
   </div>
   <div class='ocr_carea' id='block_1_105' title="bbox 2243 5089 3836 5169">
    <p class='ocr_par' dir='ltr' id='par_1_105' title="bbox 2243 5089 3836 5169">
     <span class='ocr_line' id='line_1_105' title="bbox 2243 5089 3836 5169; baseline -0.011 -10"><span class='ocrx_word' id='word_1_894' title='bbox 2243 5118 2365 5158; x_wconf 91' lang='lat' dir='ltr'><strong>mea</strong></span> <span class='ocrx_word' id='word_1_895' title='bbox 2386 5107 2492 5167; x_wconf 90' lang='lat' dir='ltr'><strong>est,</strong></span> <span class='ocrx_word' id='word_1_896' title='bbox 2517 5114 2638 5169; x_wconf 68' lang='lat' dir='ltr'><strong>qum</strong></span> <span class='ocrx_word' id='word_1_897' title='bbox 2661 5114 2727 5152; x_wconf 79' lang='lat' dir='ltr'><strong>ex</strong></span> <span class='ocrx_word' id='word_1_898' title='bbox 2754 5112 2849 5152; x_wconf 90' lang='lat' dir='ltr'><strong>ore</strong></span> <span class='ocrx_word' id='word_1_899' title='bbox 2876 5110 2998 5151; x_wconf 87' lang='lat' dir='ltr'><strong>meo</strong></span> <span class='ocrx_word' id='word_1_900' title='bbox 3026 5094 3105 5148; x_wconf 91' lang='lat' dir='ltr'><strong>eis</strong></span> <span class='ocrx_word' id='word_1_901' title='bbox 3134 5089 3375 5159; x_wconf 87' lang='lat' dir='ltr'><strong>procedit</strong></span> <span class='ocrx_word' id='word_1_902' title='bbox 3404 5105 3419 5143; x_wconf 73' lang='grc' dir='ltr'>ε</span> <span class='ocrx_word' id='word_1_903' title='bbox 3446 5104 3554 5145; x_wconf 91' lang='lat' dir='ltr'><strong>non</strong></span> <span class='ocrx_word' id='word_1_904' title='bbox 3576 5095 3660 5144; x_wconf 90' lang='lat' dir='ltr'><strong>est</strong></span> <span class='ocrx_word' id='word_1_905' title='bbox 3690 5102 3836 5153; x_wconf 87' lang='lat' dir='ltr'><strong>mea,</strong></span> 
     </span>
    </p>
   </div>
   <div class='ocr_carea' id='block_1_106' title="bbox 2240 5176 3843 5266">
    <p class='ocr_par' dir='ltr' id='par_1_106' title="bbox 2240 5176 3843 5266">
     <span class='ocr_line' id='line_1_106' title="bbox 2240 5176 3843 5266; baseline -0.009 -19"><span class='ocrx_word' id='word_1_906' title='bbox 2240 5195 2366 5266; x_wconf 88' lang='lat' dir='ltr'><strong>quia</strong></span> <span class='ocrx_word' id='word_1_907' title='bbox 2413 5200 2526 5265; x_wconf 65' lang='lat' dir='ltr'><strong>qua!</strong></span> <span class='ocrx_word' id='word_1_908' title='bbox 2554 5208 2586 5244; x_wconf 94' lang='lat' dir='ltr'><strong>a</strong></span> <span class='ocrx_word' id='word_1_909' title='bbox 2633 5186 2793 5243; x_wconf 87' lang='lat' dir='ltr'><strong>Patre</strong></span> <span class='ocrx_word' id='word_1_910' title='bbox 2832 5187 3029 5253; x_wconf 84' lang='lat' dir='ltr'><strong>audivi,</strong></span> <span class='ocrx_word' id='word_1_911' title='bbox 3082 5190 3189 5240; x_wconf 75' lang='lat' dir='ltr'><strong>htec</strong></span> <span class='ocrx_word' id='word_1_912' title='bbox 3233 5184 3415 5253; x_wconf 89' lang='lat' dir='ltr'><strong>loquor</strong></span> <span class='ocrx_word' id='word_1_913' title='bbox 3446 5180 3605 5234; x_wconf 69' lang='lat' dir='ltr'><strong>vobis.</strong></span> <span class='ocrx_word' id='word_1_914' title='bbox 3656 5176 3843 5265; x_wconf 81' lang='lat' dir='ltr'><strong>Aliter</strong></span> 
     </span>
    </p>
   </div>
   <div class='ocr_carea' id='block_1_107' title="bbox 2241 5262 3839 5348">
    <p class='ocr_par' dir='ltr' id='par_1_107' title="bbox 2241 5262 3839 5348">
     <span class='ocr_line' id='line_1_107' title="bbox 2241 5262 3839 5348; baseline -0.01 -5"><span class='ocrx_word' id='word_1_915' title='bbox 2241 5286 2539 5345; x_wconf 88' lang='lat' dir='ltr'><strong>secundum</strong></span> <span class='ocrx_word' id='word_1_916' title='bbox 2566 5299 2786 5339; x_wconf 90' lang='lat' dir='ltr'><strong>carnem</strong></span> <span class='ocrx_word' id='word_1_917' title='bbox 2814 5298 2937 5337; x_wconf 88' lang='lat' dir='ltr'><strong>mea</strong></span> <span class='ocrx_word' id='word_1_918' title='bbox 2967 5289 3072 5348; x_wconf 90' lang='lat' dir='ltr'><strong>est,</strong></span> <span class='ocrx_word' id='word_1_919' title='bbox 3122 5277 3216 5333; x_wconf 91' lang='lat' dir='ltr'><strong>sed</strong></span> <span class='ocrx_word' id='word_1_920' title='bbox 3250 5275 3548 5332; x_wconf 90' lang='lat' dir='ltr'><strong>secundum</strong></span> <span class='ocrx_word' id='word_1_921' title='bbox 3582 5262 3839 5330; x_wconf 50' lang='lat' dir='ltr'><strong>divinita-</strong></span> 
     </span>
    </p>
   </div>
   <div class='ocr_carea' id='block_1_108' title="bbox 2243 5369 3842 5445">
    <p class='ocr_par' dir='ltr' id='par_1_108' title="bbox 2243 5369 3842 5445">
     <span class='ocr_line' id='line_1_108' title="bbox 2243 5369 3842 5445; baseline -0.01 -8"><span class='ocrx_word' id='word_1_922' title='bbox 2243 5394 2351 5437; x_wconf 90' lang='lat' dir='ltr'><strong>tem</strong></span> <span class='ocrx_word' id='word_1_923' title='bbox 2384 5396 2491 5436; x_wconf 90' lang='lat' dir='ltr'><strong>non</strong></span> <span class='ocrx_word' id='word_1_924' title='bbox 2514 5386 2597 5434; x_wconf 90' lang='lat' dir='ltr'><strong>est</strong></span> <span class='ocrx_word' id='word_1_925' title='bbox 2643 5392 2781 5430; x_wconf 92' lang='lat' dir='ltr'><strong>mea.</strong></span> <span class='ocrx_word' id='word_1_926' title='bbox 2830 5374 3006 5431; x_wconf 88' lang='lat' dir='ltr'><strong>Unum</strong></span> <span class='ocrx_word' id='word_1_927' title='bbox 3037 5389 3166 5445; x_wconf 84' lang='lat' dir='ltr'><strong>opus</strong></span> <span class='ocrx_word' id='word_1_928' title='bbox 3212 5369 3334 5440; x_wconf 78' lang='lat' dir='ltr'><strong>feci,</strong></span> <span class='ocrx_word' id='word_1_929' title='bbox 3367 5377 3414 5423; x_wconf 84' lang='lat' dir='ltr'><strong>et</strong></span> <span class='ocrx_word' id='word_1_930' title='bbox 3443 5384 3623 5425; x_wconf 84' lang='lat' dir='ltr'><strong>omnes</strong></span> <span class='ocrx_word' id='word_1_931' title='bbox 3671 5370 3842 5422; x_wconf 88' lang='lat' dir='ltr'><strong>mira-</strong></span> 
     </span>
    </p>
   </div>
   <div class='ocr_carea' id='block_1_109' title="bbox 2241 5458 3843 5535">
    <p class='ocr_par' dir='ltr' id='par_1_109' title="bbox 2241 5458 3843 5535">
     <span class='ocr_line' id='line_1_109' title="bbox 2241 5458 3843 5535; baseline -0.009 -5"><span class='ocrx_word' id='word_1_932' title='bbox 2241 5475 2369 5529; x_wconf 87' lang='lat' dir='ltr'><strong>mini</strong></span> <span class='ocrx_word' id='word_1_933' title='bbox 2399 5480 2563 5525; x_wconf 85' lang='lat' dir='ltr'><strong>totum</strong></span> <span class='ocrx_word' id='word_1_934' title='bbox 2592 5466 2852 5522; x_wconf 77' lang='lat' dir='ltr'><strong>hominem</strong></span> <span class='ocrx_word' id='word_1_935' title='bbox 2902 5483 3085 5523; x_wconf 86' lang='lat' dir='ltr'><strong>sanum</strong></span> <span class='ocrx_word' id='word_1_936' title='bbox 3113 5464 3213 5535; x_wconf 80' lang='lat' dir='ltr'><strong>{cci</strong></span> <span class='ocrx_word' id='word_1_937' title='bbox 3242 5464 3297 5515; x_wconf 90' lang='lat' dir='ltr'><strong>in</strong></span> <span class='ocrx_word' id='word_1_938' title='bbox 3325 5458 3567 5527; x_wconf 84' lang='lat' dir='ltr'><strong>sabbato,</strong></span> <span class='ocrx_word' id='word_1_939' title='bbox 3598 5461 3705 5517; x_wconf 90' lang='lat' dir='ltr'><strong>hoc</strong></span> <span class='ocrx_word' id='word_1_940' title='bbox 3737 5472 3843 5531; x_wconf 90' lang='lat' dir='ltr'><strong>cst,</strong></span> 
     </span>
    </p>
   </div>
   <div class='ocr_carea' id='block_1_110' title="bbox 2262 5638 3852 5724">
    <p class='ocr_par' dir='ltr' id='par_1_110' title="bbox 2262 5638 3852 5724">
     <span class='ocr_line' id='line_1_110' title="bbox 2262 5638 3852 5724; baseline -0.003 -14"><span class='ocrx_word' id='word_1_941' title='bbox 2262 5668 2359 5724; x_wconf 89' lang='lat' dir='ltr'><strong>pro</strong></span> <span class='ocrx_word' id='word_1_942' title='bbox 2389 5647 2772 5724; x_wconf 81' lang='lat' dir='ltr'><strong>liberabuntur,&#39;</strong></span> <span class='ocrx_word' id='word_1_943' title='bbox 2803 5648 2961 5724; x_wconf 61' lang='lat' dir='ltr'><strong>nullo;</strong></span> <span class='ocrx_word' id='word_1_944' title='bbox 2985 5657 3079 5707; x_wconf 89' lang='lat' dir='ltr'><strong>aut</strong></span> <span class='ocrx_word' id='word_1_945' title='bbox 3104 5638 3393 5719; x_wconf 71' lang='lat' dir='ltr'><strong>{contrario</strong></span> <span class='ocrx_word' id='word_1_946' title='bbox 3417 5657 3629 5717; x_wconf 67' lang='lat' dir='ltr'><strong>,sensu.</strong></span> <span class='ocrx_word' id='word_1_947' title='bbox 3670 5644 3852 5722; x_wconf 81' lang='lat' dir='ltr'><strong>Supe-</strong></span> 
     </span>
    </p>
   </div>
   <div class='ocr_carea' id='block_1_111' title="bbox 2248 5720 3067 5791">
    <p class='ocr_par' dir='ltr' id='par_1_111' title="bbox 2248 5720 3067 5791">
     <span class='ocr_line' id='line_1_111' title="bbox 2248 5720 3067 5791; baseline -0.009 -8"><span class='ocrx_word' id='word_1_948' title='bbox 2248 5720 2362 5783; x_wconf 73' lang='lat' dir='ltr'><strong>rius</strong></span> <span class='ocrx_word' id='word_1_949' title='bbox 2391 5722 2493 5779; x_wconf 86' lang='lat' dir='ltr'><strong>alia</strong></span> <span class='ocrx_word' id='word_1_950' title='bbox 2527 5720 2694 5778; x_wconf 86' lang='lat' dir='ltr'><strong>multa</strong></span> <span class='ocrx_word' id='word_1_951' title='bbox 2717 5720 3067 5791; x_wconf 80' lang='lat' dir='ltr'><strong>castigantur.</strong></span> 
     </span>
    </p>
   </div>
  </div>
