4050 6198
826 250 1204 325 ;ΕΧΡο81ΤΙΟ
1243 247 1574 324 QUATUOR
1613 241 2184 307 EVANGELlORUM.
2224 243 2552 304 JOANNES.

224 388 265 425 m
292 385 439 442 genus
472 369 760 425 humanum
792 372 846 425 in
890 384 1033 425 novo
1061 371 1434 427 Testamento.
1466 370 1644 423 Nolite

223 480 324 518 care
346 466 608 518 secundum
641 464 847 535 faciem,
879 464 931 520 id
957 473 1060 531 est,
1093 480 1382 535 personam
1413 463 1645 519 hominis

223 568 263 612 te
282 558 519 627 accipere.
547 557 778 612 Nescitis
805 557 946 611 unde
971 558 1098 623 sim,
1132 558 1188 613 id
1216 562 1321 625 est,
1348 556 1643 613 secundum

230 665 327 706 em.

224 746 335 797 rlltuc
366 743 612 798 modicum
646 745 909 800 vobiscum
933 762 1045 799 sum
1067 788 1079 808 .
1113 745 1355 801 ostendit
1384 758 1554 815 usque
1594 743 1647 798 in

224 837 382 892 ionem
417 854 427 890 :
463 840 702 907 quwretis
740 855 820 893 me
861 848 905 893 et
945 855 1048 892 non
1079 838 1377 905 invenietis,
1428 838 1481 893 id
1530 845 1643 903 est,

225 930 426 986 oraliter
447 948 458 984 :
483 940 526 984 et
550 931 635 985 ubi
666 948 760 1005 ego
791 948 929 998 sum,
964 948 1053 986 vos
1082 949 1185 986 non
1212 933 1421 1003 potestis
1440 933 1611 986 venire
1630 971 1645 993 ,

230 1036 265 1087 t,
295 1041 381 1095 per
406 1025 830 1082 incredulitatem
860 1025 964 1081 nisi
997 1041 1093 1095 per
1116 1024 1300 1081 fidem.
1330 1025 1398 1078 In
1428 1024 1648 1078 novissi-

223 1126 359 1170 mtem
388 1117 462 1170 die
498 1117 787 1188 festivitatis
813 1158 828 1181 ,
862 1116 914 1171 id
945 1125 1029 1171 est
1048 1158 1063 1183 ,
1091 1127 1313 1186 peracta
1360 1115 1649 1169 festivitate

223 1224 385 1263 eorum
408 1223 421 1273 ;
446 1210 530 1278 qui
556 1209 666 1262 sitit
690 1209 876 1271 veniat,
910 1217 957 1261 et
985 1206 1146 1274 bibat,
1182 1205 1233 1260 id
1265 1212 1376 1268 est,
1408 1206 1501 1275 qui
1536 1205 1651 1258 sitit

224 1318 302 1355 um
329 1301 415 1357 Dei
442 1302 650 1366 veniat,
682 1308 737 1355 et
778 1300 929 1354 bibat
971 1297 1277 1353 doctrinam
1322 1296 1598 1367 Evangelii
1632 1312 1646 1349 :

223 1396 299 1447 ina
323 1395 383 1448 de
399 1404 595 1457 ventre,
629 1390 679 1447 id
712 1401 826 1455 est,
862 1390 1108 1446 doctrina
1139 1388 1206 1444 de
1244 1388 1409 1444 corde
1441 1406 1454 1442 :
1487 1391 1649 1458 ﬂuent

223 1485 394 1552 rvivte,
423 1485 469 1539 id
498 1494 603 1551 est,
636 1484 954 1554 prtedicatio
984 1481 1297 1553 Evangelii,
1334 1496 1455 1552 quae
1484 1481 1651 1535 donat

223 1590 387 1634 etuam
415 1579 575 1633 vitam
601 1596 612 1632 :
643 1578 764 1648 quia
789 1576 824 1631 Ι
829 1593 942 1633 esus
958 1577 1191 1632 nondum
1212 1585 1322 1632 erat
1342 1575 1653 1644 honoriﬁca-

224 1672 436 1728 ostendit
456 1670 963 1727 honoriﬁcationem
993 1672 1261 1743 passionis
1290 1680 1345 1725 et
1375 1684 1653 1726 resurrec-

3231 240 3337 301 582

1752 366 1875 431 mei,
1901 365 1969 417 ad
1999 364 2211 418 domum
2239 365 2373 418 servi
2396 364 2566 428 vestri,
2594 363 2639 415 si
2659 362 2831 416 iuveni
2855 362 3076 432 gratiam
3096 360 3150 413 in
3180 361 3340 415 oculis

1750 456 1871 511 tuis.
1900 458 2083 522 Amen,
2117 473 2264 511 amen
2294 455 2589 521 dicavobis,
2622 463 2707 509 est
2737 466 2893 508 amen
2921 455 3229 525 geminatus
3260 454 3340 507 in-

1750 552 2028 619 tellectus,
2058 566 2208 618 vere,
2238 551 2372 619 sive,
2403 550 2635 605 ﬁdeliter
2660 564 2674 603 :
2705 549 3031 603 annuntians
3060 562 3256 603 novum
3286 556 3342 603 et

1747 654 1906 699 vetus
1937 644 2348 699 Testamentum
2383 661 2395 697 :
2438 646 2556 697 ante
2581 639 2847 697 Abraham
2864 656 2955 713 ego
2978 655 3131 694 sunt:
3158 641 3227 695 de
3256 639 3341 693 di-

1746 739 1976 795 vinitate
2006 739 2157 796 locus
2199 748 2302 795 est.
2352 738 2603 794 Tulerunt
2644 736 2879 808 lapides,
2928 745 2985 789 ut
3014 736 3248 806 jacerent
3288 736 3343 789 in

1750 851 1885 903 eum,
1917 832 1970 889 id
1997 844 2101 901 est,
2131 835 2348 906 lapidea
2370 833 2535 890 corda
2551 828 2851 889 habentes:
2876 830 3143 885 abscondit
3161 827 3341 897 Jesus,

1751 928 1992 984 ostendit
2033 942 2093 983 se
2128 930 2455 984 absconsum
2486 943 2514 981 a
2547 927 2802 983 cordibus
2845 940 3055 980 comm.
3089 922 3156 977 Et
3195 922 3345 977 exivit

1752 1020 1817 1076 de
1859 1023 2077 1093 templo,
2132 1022 2186 1076 id
2245 1032 2360 1089 est,
2411 1022 2479 1077 dc
2529 1019 2729 1092 populo
2787 1018 3123 1074 Judaaorum.
3185 1013 3339 1071 Iesus

1753 1114 1961 1166 transiit
1999 1130 2090 1183 per
2114 1114 2344 1168 medium
2367 1129 2566 1179 eorum,
2607 1114 2663 1166 id
2689 1122 2785 1178 est,
2824 1112 2949 1165 abiit
2980 1110 3048 1163 ad
3077 1117 3273 1180 gentes.

1830 1204 1974 1258 Vidit
1991 1203 2255 1259 haminem
2272 1222 2506 1259 ca’cuma
2533 1206 2827 1275 nativitate,
2852 1220 3028 1259 caicus
3051 1203 3347 1257 humanum

1746 1313 1923 1370 genus
1971 1300 2266 1371 signiﬁcat.
2309 1300 2493 1370 Neque
2532 1301 2614 1353 hic
2644 1301 2872 1371 peccavit
2917 1314 3079 1371 neque
3108 1307 3347 1371 parentes

1750 1393 1867 1464 ejus
1892 1434 1908 1459 ,
1942 1400 1999 1447 ut
2039 1392 2312 1463 intelligas
2352 1391 2457 1448 hoc
2486 1391 2631 1463 quod
2662 1391 2809 1447 dixit
2852 1400 3031 1462 neque
3062 1392 3344 1462 peccavit:

1752 1486 1926 1542 Adam
1950 1486 2161 1557 primus
2193 1495 2434 1553 creatus,
2468 1485 2536 1539 ad
2557 1484 2849 1541 videndum
2880 1483 3107 1549 malum,
3135 1466 3365 1539 clausos

1750 1578 1942 1636 habuit
1966 1580 2178 1648 oculos,
2199 1594 2321 1635 cum
2344 1586 2727 1650 transgressus
2749 1578 2847 1633 luit
2872 1575 3187 1632 mandatum
3218 1574 3349 1631 Dei:

1752 1686 1972 1745 apertos
1993 1674 2186 1730 oculos
2206 1674 2381 1729 tenuit
2400 1673 2465 1729 ad
2497 1673 2720 1741 malum,
2749 1671 3014 1728 etclausit
3037 1670 3101 1726 ad
3123 1670 3348 1726 bonum.

223 1782 239 1820 ε
266 1783 278 1817 :
311 1766 489 1818 reversi
515 1772 635 1817 sunt
675 1768 1021 1835 unusquisque
1049 1765 1103 1817 in
1135 1763 1348 1818 domum
1383 1779 1563 1831 suam,
1597 1763 1648 1819 id
1679 1763 1728 1824 B
1754 1770 1895 1836 Quid
1924 1771 2085 1841 igitur
2114 1782 2373 1840 parentes
2403 1769 2507 1825 nisi
2538 1784 2710 1841 genus
2739 1769 3036 1824 humanum
3065 1774 3079 1835 ,
3112 1775 3165 1821 et
3196 1764 3353 1820 insti-

223 1858 267 1911 in
302 1856 550 1911 malitiam
572 1871 751 1911 suam.

223 1948 344 2003 ulier
369 1950 420 2003 in
448 1949 704 2003 adulterio
744 1949 1097 2021 deprehensa,
1150 1948 1391 2003 ostendit
1424 1962 1655 2020 synago-

241 2060 358 2115 qnm
373 2044 688 2099 adniteravit
710 2043 1088 2115 legemMoysi,
1117 2051 1297 2098 secuta
1314 2042 1528 2114 [SuppL
1551 2042 1653 2115 est]

249 2138 593 2192 traditionum
641 2146 1014 2207 paternarum,
1075 2137 1188 2191 slve
1233 2132 1532 2191 Ecclesium
1587 2151 1653 2192 ex

226 2233 345 2300 bus,
375 2248 490 2301 qua:
523 2232 834 2302 relinquens
886 2232 1080 2297 Deum,
1110 2231 1372 2286 fornicata
1421 2241 1504 2286 est
1532 2246 1657 2286 cum

223 2328 412 2381 onibus
439 2344 449 2378 :
473 2328 560 2396 qui
586 2324 853 2379 adducunt
877 2341 989 2378 eam
1012 2326 1068 2378 in
1095 2326 1284 2391 medio,
1318 2324 1550 2379 ostendit
1570 2323 1657 2378 ,ιιι-

226 2462 240 2485 ,
271 2419 359 2488 qui
382 2428 725 2472 accusatores
754 2428 882 2471 sunt
900 2417 1166 2472 Ecclesia:
1193 2414 1414 2471 Christi.
1448 2413 1657 2486 Moyses

224 2511 333 2564 favit
366 2509 594 2580 lapidare
618 2525 638 2563 :
669 2518 725 2562 tu
747 2510 871 2579 quid
901 2508 1078 2563 dicis?
1112 2518 1379 2564 tentantes
1401 2522 1525 2563 eum
1561 2523 1659 2577 pro

224 2620 288 2657 us
311 2604 503 2669 causis,
531 2602 576 2656 si
600 2601 826 2657 dixisset
854 2600 1395 2670 Iapidare,dixissent
1424 2598 1523 2668 illi,
1550 2615 1657 2655 non

239 2695 350 2759 ille,
396 2695 539 2765 quod
568 2693 749 2760 docet,
800 2694 1063 2750 remittite
1088 2693 1153 2748 ad
1187 2707 1323 2748 nos:
1357 2694 1400 2747 si
1433 2693 1660 2749 dixisset

223 2789 449 2856 apidari,
468 2788 769 2844 dixissent:
792 2787 1173 2843 Contradietor
1197 2785 1359 2856 Legis
1376 2794 1481 2841 est.
1503 2786 1535 2840 J
1544 2802 1660 2840 esus

223 2898 337 2935 rans
365 2897 417 2935 se
449 2880 708 2945 deorsum,
741 2880 796 2937 id
822 2891 926 2947 est,
968 2881 1036 2936 de
1068 2880 1288 2936 sedibus
1338 2878 1575 2949 paternis
1605 2879 1659 2933 in

223 2974 332 3027 lum
352 2972 421 3027 ad
442 2973 761 3029 redimenda
791 2984 1009 3044 peccata
1032 2974 1251 3043 generis
1279 2972 1503 3027 humani
1528 2987 1541 3024 :
1574 2970 1660 3025 di-

226 3066 480 3121 scribebat
522 3068 579 3121 in
629 3076 766 3121 terra
792 3109 806 3134 ,
862 3067 1101 3143 ostendit
1143 3075 1367 3134 peccata
1421 3080 1610 3119 eorum
1643 3082 1657 3117 :

1755 1871 1973 1933 gatores
2023 1860 2304 1927 vitiorum,
2334 1871 2427 1915 aut
2471 1862 2587 1932 ipsa
2620 1860 2746 1914 vitia
2794 1857 3209 1930 significantur?
3258 1854 3345 1910 Me

1758 1961 1959 2023 oportet
1988 1954 2216 2023 operari,
2250 1952 2301 2007 id
2332 1962 2447 2019 est,
2485 1950 2769 2021 predicare
2798 1966 2811 2004 :
2843 1951 3007 2004 donec
3038 1948 3147 2004 dies
3172 1957 3269 2016 est,
3298 1944 3353 2004 id

1753 2054 1860 2107 est,
1886 2046 2015 2099 dum
2056 2058 2177 2100 sum
2225 2045 2276 2099 in
2306 2043 2511 2099 mundo
2538 2061 2553 2097 :
2580 2044 2745 2097 veniet
2771 2058 2896 2107 nox,
2924 2040 2978 2096 id
3028 2048 3132 2107 est,
3160 2052 3351 2111 perse-

1758 2138 1907 2192 cutio
1938 2135 2345 2207 apostolorum,
2392 2137 2509 2191 sive
2535 2136 2846 2207 persecutio
2877 2132 3183 2188 antichristi
3210 2150 3221 2185 :
3250 2142 3353 2185 nos:

1758 2233 1972 2302 quando
1997 2249 2147 2287 nemo
2177 2240 2341 2300 potest
2358 2230 2594 2301 operari,
2628 2229 2680 2285 id
2714 2236 2828 2294 εει,
2859 2233 2984 2298 post
3009 2226 3357 2296 uniuscujus-

1760 2338 1864 2393 que
1889 2324 2116 2378 exitum.
2148 2320 2373 2391 Exspuit
2404 2322 2458 2375 in
2486 2330 2694 2387 terram,
2718 2319 2771 2375 id
2797 2329 2901 2385 est,
2924 2318 3352 2374 incarnationem

1759 2416 1980 2472 Christi.
2006 2415 2199 2470 Lutum
2224 2416 2367 2487 fecit,
2390 2416 2555 2470 linivit
2576 2416 2757 2470 oculos
2772 2431 2911 2469 meos
2933 2428 2953 2468 :
2978 2413 3217 2469 ostendit
3245 2412 3355 2467 sic-

1763 2517 1820 2563 ut
1862 2509 2092 2578 primum
2136 2507 2412 2563 hominem
2467 2508 2541 2563 de
2569 2508 2698 2562 limo
2741 2518 2902 2563 terrae
2932 2506 3185 2561 formavit
3221 2523 3235 2558 :
3286 2506 3356 2559 ita

1762 2620 1859 2674 per
1886 2603 2136 2659 eumdem
2160 2618 2330 2675 genus
2354 2602 2451 2657 luti
2483 2603 2801 2658 reformavit
2826 2612 2998 2671 genus
3037 2600 3353 2657 hunianum.

1768 2696 1916 2751 Vade
1936 2704 1983 2749 et
2015 2694 2129 2749 lava
2155 2696 2223 2749 ad
2249 2696 2511 2749 natatoriu
2554 2694 2723 2765 Siloe,
2764 2693 3145 2749 demanstrans
3189 2694 3361 2764 bapti-

1765 2805 1940 2845 smum
1978 2808 1993 2845 :
2020 2804 2120 2860 per
2148 2796 2405 2860 parentes
2432 2788 2752 2860 intelligitur
2780 2787 3027 2843 diabolus
3056 2801 3153 2842 seu
3182 2785 3311 2839 vitia
3346 2803 3359 2840 :

1765 2883 1856 2953 qui
1887 2882 2129 2936 dixerunt
2176 2890 2376 2936 tetatem
2400 2879 2572 2946 habet,
2612 2881 2723 2949 ipse
2750 2895 2845 2951 pro
2884 2895 2939 2934 se
2961 2879 3237 2949 loquatur,
3266 2878 3359 2947 qui

1769 2974 1943 3030 noluit
1978 2973 2254 3029 hominem
2289 2975 2539 3029 conﬁteri
2572 2973 2851 3028 Christum
2879 2989 2892 3025 :
2922 2970 3058 3025 hunc
3098 2971 3355 3024 nescimus

1770 3071 1907 3125 unde
1929 3071 2014 3138 sit,
2044 3071 2282 3127 ostendit
2311 3069 2437 3141 quia
2482 3070 2804 3125 nesciebant
2845 3067 2962 3138 ejus
2990 3066 3351 3121 divinitatem.

224 3177 321 3226 :se,
362 3170 421 3214 ut
447 3159 681 3228 erigeret
704 3174 821 3221 eos,
849 3160 938 3228 qui
964 3140 1290 3212 incedebant
1316 3158 1370 3211 in
1392 3160 1659 3226 peccatis:
1684 3154 1734 3215 Ὁ
1769 3153 1835 3217 1η
1855 3162 2114 3235 judicium
2136 3179 2227 3234 ego
2256 3140 2369 3217 veni
2399 3164 2451 3216 in
2478 3160 2616 3215 hunc
2649 3161 2921 3225 mundum,
2958 3157 3228 3222 ostendit,
3273 3158 3361 3227 qui

223 3272 255 3307 η
282 3253 542 3307 inclinans
562 3267 640 3316 se,
661 3249 915 3305 scribebat
936 3252 990 3303 in
1018 3258 1178 3314 terra,
1201 3250 1443 3305 ostendit
1471 3249 1665 3306 remis-

225 3354 387 3401 ccata
437 3344 717 3399 mulieris:
750 3344 995 3397 remansit
1038 3341 1180 3396 solus
1206 3340 1361 3395 Iesus
1400 3358 1517 3396 cum
1552 3359 1666 3396 mu-

227 3439 287 3491 in
318 3437 495 3499 domo,
523 3435 577 3490 id
602 3443 715 3501 est,
749 3450 877 3490 cum
907 3433 1171 3500 Ecclesia,
1215 3435 1268 3488 in
1304 3432 1526 3487 mundo.
1562 3430 1664 3498 Qui

223 3537 305 3583 tur
334 3545 419 3583 me
464 3544 567 3582 non
600 3526 833 3582 ambulat
873 3528 929 3581 in
984 3527 1221 3591 tenebris,
1270 3524 1510 3581 ostendit
1555 3538 1663 3581 non

223 3637 278 3674 [lt
308 3633 536 3690 gressus
565 3618 787 3689 pedum,
817 3618 913 3676 sed
944 3617 1203 3674 allectum
1227 3617 1438 3682 eordis;
1476 3631 1579 3671 non
1610 3618 1664 3671 in

224 3714 330 3779 ris,
358 3712 412 3767 id
437 3724 541 3779 est,
572 3712 907 3783 ignorantiae,
932 3725 1106 3781 neque
1131 3711 1182 3767 in
1214 3710 1451 3766 tenebris
1477 3723 1668 3779 pecca-

223 3825 269 3873 ι;
308 3806 401 3861 sed
427 3804 629 3860 habebit
653 3807 826 3861 lumen
852 3806 989 3873 vitae,
1016 3804 1070 3860 id
1094 3815 1175 3860 est
1194 3805 1375 3859 lumen
1401 3802 1661 3867 scientiae,

223 3915 332 3955 aen
358 3909 704 3970 perpetuum.
740 3895 915 3952 Multa
933 3896 1100 3952 habeo
1125 3897 1188 3950 de
1218 3895 1358 3949 vobis
1394 3895 1536 3963 loqui
1563 3937 1579 3963 ,
1619 3901 1670 3947 et

223 4010 325 4058 tre,
360 3991 626 4057 ostendit,
646 3992 770 4059 quia
801 3993 847 4047 si
873 3988 1241 4055 credideritis,
1265 3989 1434 4044 multa
1453 4004 1551 4043 vos
1573 3988 1670 4043 do-

252 4095 318 4140 et
346 4084 393 4140 si
428 4100 538 4139 non
565 4083 936 4150 credideritis,
970 4082 1141 4138 multa
1174 4082 1324 4150 loqui
1346 4081 1414 4136 ad
1441 4096 1668 4137 excnsa~

224 4194 273 4231 Jl
301 4188 570 4235 vestram.

224 4289 232 4321 ε
266 4270 339 4324 ab
368 4272 523 4326 initio
576 4270 840 4325 homicida
863 4279 1005 4324 erat:
1032 4268 1158 4339 quia
1199 4268 1556 4339 semetipsum
1584 4268 1666 4323 in-

229 4365 709 4434 itsuperbiendo;
735 4364 895 4420 aliter
918 4364 1156 4433 primum
1179 4361 1484 4428 hominem,
1508 4377 1669 4433 quem

229 4458 623 4514 immortalem
638 4456 905 4522 condidit,
928 4466 986 4512 et
1015 4455 1191 4528 ipsum
1214 4456 1342 4512 fecit
1364 4456 1665 4522 mortalem,

1767 3256 1917 3311 audit
1945 3255 2192 3324 verbum,
2217 3262 2271 3311 et
2300 3256 2509 3325 recepit
2544 3254 2839 3324 judicium,
2883 3249 3091 3321 accepit
3131 3250 3195 3304 ad
3234 3264 3365 3306 con-

1767 3348 2131 3404 demnandum
2166 3357 2264 3403 :ut
2319 3349 2408 3419 qui
2446 3364 2549 3401 nou
2595 3348 2803 3409 vident,
2844 3345 3072 3411 videant,
3121 3343 3364 3399 ostendit

1766 3452 1989 3512 gentes,
2038 3458 2159 3513 qua:
2200 3442 2375 3512 legem
2414 3456 2523 3495 non
2564 3448 2893 3511 acceperunt
2928 3457 2940 3491 :
2974 3448 3024 3494 et
3068 3440 3158 3511 qui
3195 3439 3367 3493 vident

1768 3537 1888 3590 cteci
1932 3536 2083 3605 ﬁant,
2119 3534 2172 3589 id
2225 3542 2329 3603 est,
2372 3532 2542 3589 Judaai
2571 3552 2584 3586 :
2615 3534 2705 3602 qui
2736 3531 2993 3587 videbant
3040 3546 3137 3603 per
3182 3532 3359 3601 legem

1767 3631 1897 3685 caeci
1942 3627 2066 3683 facti
2099 3634 2266 3694 sunt,
2300 3626 2425 3697 quia
2457 3641 2563 3681 non
2596 3624 2948 3681 crediderunt
2975 3624 3029 3680 in
3069 3623 3364 3679 Christum.

1844 3721 1947 3789 Qui
1968 3737 2070 3774 non
2092 3716 2256 3774 intrat
2287 3735 2378 3790 per
2396 3722 2646 3791 januam,
2690 3718 2927 3774 ostendit
2955 3716 3242 3789 episc0pos
3272 3718 3365 3789 qui

1770 3829 1867 3886 per
1895 3811 2114 3883 praemia
2146 3812 2372 3881 intrant,
2424 3826 2531 3866 non
2561 3827 2656 3880 per
2700 3809 3041 3866 vocationem
3074 3805 3192 3877 Dei,
3242 3809 3358 3865 sive

1769 3908 1952 3980 populi
1975 3926 1988 3961 :
2011 3915 2259 3978 pastores
2277 3912 2403 3961 Sunt
2424 3906 2629 3974 ovium,
2648 3906 2851 3975 quipro
2869 3903 3022 3959 lucro
3042 3904 3367 3971 animarum,

1771 4017 1881 4056 non
1932 4016 2031 4070 pro
2096 3998 2392 4054 ambitione
2469 3997 2653 4053 saeculi
2713 4003 2841 4052 sunt
2885 4015 2901 4051 :
2939 3995 3062 4050 huic
3128 3996 3373 4051 ostiarius

1771 4093 1977 4164 aperit:
2011 4092 2217 4163 primus
2249 4089 2506 4146 ostiarius
2529 4089 2767 4146 Joannes
2792 4090 3109 4143 Praecursor
3138 4088 3369 4143 Christi:

1773 4186 2110 4256 sscripturte
2163 4183 2435 4254 scriptura
2483 4183 2707 4238 divina:
2738 4192 2887 4237 vocat
2934 4180 3267 4246 nominatim,
3315 4180 3371 4234 id

1773 4287 1877 4344 est,
1909 4278 2049 4331 novit
2094 4275 2352 4330 Dominus
2382 4275 2472 4346 qui
2515 4283 2630 4330 sunt
2658 4276 2812 4347 ejus:
2838 4275 3077 4345 producit
3130 4274 3270 4337 illas,
3316 4270 3373 4326 in

1772 4372 2095 4436 doctrinam,
2122 4372 2238 4427 sive
2267 4371 2321 4426 in
2352 4385 2611 4439 regnum;
2653 4380 2772 4424 ante
2802 4370 2919 4423 illas
2962 4368 3128 4433 vadit,
3163 4367 3213 4421 id
3243 4373 3329 4421 est
3352 4406 3368 4432 ,

1775 4465 2080 4537 exemplum
2104 4466 2245 4535 quod
2271 4464 2457 4520 docuit
2490 4466 2637 4535 prius
2674 4463 2803 4519 fecit
2833 4481 2845 4515 :
2876 4462 3138 4533 praecedit
3166 4460 3287 4514 illos
3318 4460 3371 4514 in

224 4570 235 4583 ·
268 4556 401 4623 ejus
442 4553 854 4623 suggestionem
889 4551 1105 4606 occisus
1133 4561 1216 4606 est
1256 4551 1414 4607 Abel.
1448 4550 1578 4618 Quis
1607 4566 1671 4605 ea:
1700 4551 1751 4611 Ι)
1780 4574 1945 4630 regna
1994 4559 2293 4619 ccelorum:
2328 4559 2440 4614 sive
2472 4566 2526 4613 et
2557 4573 2745 4612 omnes
2783 4556 3036 4611 doctores
3068 4551 3197 4609 lmni
3224 4567 3365 4623 pra:-

223 4656 424 4717 urguet
449 4664 532 4701 me
558 4646 625 4700 de
646 4646 897 4713 peccato?
928 4645 1031 4713 Qui
1058 4662 1122 4699 ea.
1150 4644 1261 4700 Deo
1280 4654 1376 4710 est,
1412 4645 1504 4700 Dei
1523 4643 1674 4700 verba

262 4739 325 4793 id
359 4748 480 4804 est,
515 4739 608 4810 qui
640 4737 893 4807 intelligit
921 4746 978 4793 et
1006 4738 1131 4793 iacit
1162 4756 1175 4792 :
1208 4738 1571 4793 Samaritanus
1597 4755 1674 4808 es,

224 4834 472 4887 nauium
503 4831 682 4898 habes,
715 4832 807 4886 hic
833 4831 978 4901 quod
1000 4846 1109 4887 non
1138 4833 1257 4900 fuit,
1288 4848 1391 4888 nec
1421 4833 1625 4888 habere
1659 4852 1669 4886 :

224 4927 283 4982 ιιί
320 4938 471 4995 erat,
511 4926 738 4982 tacendo
780 4926 1079 4981 consensit.
1113 4923 1228 4995 Ego
1259 4924 1477 4997 gloriam
1505 4942 1670 4979 meam

223 5036 411 5087 uarro,
464 5029 542 5073 est
564 5023 654 5090 qui
682 5020 899 5091 quierit,
931 5018 1204 5089 etjudicet
1229 5032 1247 5071 :
1300 5018 1439 5073 Deus
1468 5016 1631 5073 Pater
1658 5037 1670 5070 :

228 5128 400 5169 mero
431 5114 580 5168 sicut
614 5113 964 5168 simulatores
1004 5111 1238 5177 faciunt,
1269 5120 1323 5166 et
1352 5110 1551 5180 injuste
1580 5111 1667 5182 ju-

223 5215 263 5260 ι.
303 5204 587 5261 Abraham
612 5214 760 5275 pater
778 5214 937 5260 vester
954 5203 1225 5259 exsultavit
1249 5214 1302 5256 ut
1330 5204 1523 5257 videret
1540 5202 1675 5257 diem

256 5316 278 5353 :
309 5300 477 5368 vidit,
533 5311 579 5353 et
627 5300 830 5372 gavisus
861 5310 969 5365 est,
1026 5297 1081 5353 id
1110 5306 1224 5363 est,
1272 5295 1406 5351 vidit
1434 5296 1595 5352 ﬁdem
1624 5296 1678 5351 in

224 5413 279 5463 LI,
316 5407 381 5452 et
416 5395 559 5450 vidit
587 5395 741 5449 illum
764 5392 815 5447 in
841 5406 1070 5464 persona
1096 5390 1415 5463 angelorum
1441 5406 1454 5444 :
1481 5399 1583 5444 tres
1609 5390 1684 5443 vi-

224 5492 341 5567 tasi
368 5506 548 5544 unum
581 5487 846 5555 salutavit,
873 5487 966 5543 ubi
991 5487 1165 5554 dixit,
1196 5485 1463 5553 Diuertite,
1488 5486 1685 5540 domini

227 5642 472 5688 ortasse
514 5634 797 5700 secundus,
824 5648 1017 5697 nempe
1043 5626 1301 5695 ostiarius,
1336 5647 1433 5701 pro
1478 5631 1695 5701 scriptu-

223 5706 483 5773 ;endum
530 5715 633 5759 est.
676 5705 780 5759 Pro
808 5716 962 5758 vocat
1016 5704 1340 5769 nominatim,
1371 5714 1489 5757 erat
1546 5702 1695 5755 nullo

277 5779 463 5832 vocati
518 5777 768 5833 nominati
791 5793 810 5847 ί
845 5790 965 5848 qua:
1004 5791 1103 5833 nos
1154 5774 1370 5846 obiter,
1412 5772 1697 5831 occasione

1778 4653 1979 4708 cedunt
2004 4652 2294 4721 exemplis.
2332 4649 2527 4704 Vocem
2557 4666 2719 4703 meum
2749 4648 3002 4713 audiunt,
3037 4647 3089 4701 id
3119 4656 3233 4710 est,
3269 4645 3369 4699 do-

1776 4746 2051 4799 ctrinam:
2084 4745 2316 4798 alienum
2361 4759 2465 4795 non
2513 4751 2815 4813 sequuntur,
2852 4740 2904 4794 id
2945 4750 3065 4805 eSt,
3116 4738 3276 4795 ﬁdem
3318 4747 3375 4794 et

1741 4838 2082 4892 doctrinam
2147 4834 2545 4889 htereticorum.
2612 4833 2876 4904 Quotquot
2928 4841 3177 4886 venerunt
3232 4835 3374 4905 fures

1779 4933 2017 5003 fuerunt,
2052 4938 2100 4982 et
2147 4928 2402 4991 latrones,
2456 4926 2508 4981 id
2558 4935 2662 4993 εει,
2711 4925 3227 4996 pseudoprophetzc,
3276 4927 3369 4997 qui

1780 5026 2018 5087 fuerunt,
2047 5031 2103 5077 et
2124 5029 2286 5077 erunt
2318 5008 2561 5089 tempore
2591 5018 2923 5074 antichristi.
2952 5016 3057 5073 Per
3090 5035 3169 5073 me
3185 5021 3231 5075 si
3253 5019 3370 5091 quis

1781 5116 2078 5182 intraverit,
2121 5112 2435 5176 salvabitur,
2480 5111 2585 5165 hoc
2628 5121 2710 5167 est
2736 5151 2751 5177 ,
2790 5109 2883 5181 qui
2927 5126 3023 5183 per
3066 5112 3369 5169 doctrinam

1790 5209 1990 5265 Christi
2021 5206 2346 5272 salvabitur,
2388 5205 2729 5278 ingredietur,
2762 5219 2860 5275 per
2896 5206 3272 5276 pmnitentiam
3314 5204 3370 5259 in

1792 5304 2093 5359 Ecciesiam
2130 5318 2145 5358 :
2176 5309 2232 5357 et
2260 5300 2553 5370 egreditur,
2581 5299 2649 5356 de
2676 5303 2929 5369 praesenti
2963 5300 3166 5355 saeeulo
3188 5298 3254 5353 ad
3283 5313 3368 5353 re-

1786 5410 1947 5469 gnum
1970 5395 2088 5452 Dei.
2130 5395 2323 5461 Aliter,
2362 5394 2622 5463 egredere
2651 5400 2841 5449 contra
2889 5388 3172 5449 haereticos
3200 5406 3374 5461 expu-

1785 5490 2051 5561 gnandos.
2084 5486 2201 5542 Fur
2238 5503 2341 5542 non
2372 5488 2527 5551 venit,
2582 5486 2679 5541 nisi
2710 5495 2767 5541 ut
2817 5486 3018 5541 occidat
3064 5496 3114 5541 et
3154 5484 3373 5557 perdatz,

1802 5616 2050 5718 accepta,
2076 5646 2376 5701 monemus,
2411 5639 2665 5690 sexcenta
2695 5626 2838 5685 enim
2863 5627 2967 5685 alia
3009 5623 3273 5700 ejusmodi
3301 5632 3384 5683 tau

1801 5714 1894 5763 cttt
1920 5714 2264 5778 castigamus.
