  <div class='ocr_page' id='page_1' title='image "/cluster/home/n/w/nwhite01/storage/ocr_20150623/30/uva.x000826572/299.png"; bbox 0 0 4056 6326; ppageno 0'>
   <div class='ocr_carea' id='block_1_1' title="bbox 574 251 681 310">
    <p class='ocr_par' dir='ltr' id='par_1_1' title="bbox 574 251 681 310">
     <span class='ocr_line' id='line_1_1' title="bbox 574 251 681 310; baseline 0 0"><span class='ocrx_word' id='word_1_1' title='bbox 574 251 681 310; x_wconf 72' lang='lat'><strong>583</strong></span> 
     </span>
    </p>
   </div>
   <div class='ocr_carea' id='block_1_2' title="bbox 1604 236 2813 305">
    <p class='ocr_par' dir='ltr' id='par_1_2' title="bbox 1604 236 2813 305">
     <span class='ocr_line' id='line_1_2' title="bbox 1604 236 2813 305; baseline -0.005 0"><span class='ocrx_word' id='word_1_2' title='bbox 1604 245 1663 305; x_wconf 89' lang='lat' dir='ltr'><strong>S.</strong></span> <span class='ocrx_word' id='word_1_3' title='bbox 1705 238 2084 303; x_wconf 82' lang='lat' dir='ltr'><strong>HIERONYMI</strong></span> <span class='ocrx_word' id='word_1_4' title='bbox 2123 236 2410 303; x_wconf 73' lang='lat' dir='ltr'><strong>OPERUM</strong></span> <span class='ocrx_word' id='word_1_5' title='bbox 2448 237 2813 301; x_wconf 79' lang='lat' dir='ltr'><strong>MANTISSA.</strong></span> 
     </span>
    </p>
   </div>
   <div class='ocr_carea' id='block_1_3' title="bbox 3738 236 3899 311">
    <p class='ocr_par' dir='ltr' id='par_1_3' title="bbox 3738 236 3899 311">
     <span class='ocr_line' id='line_1_3' title="bbox 3738 236 3899 311; baseline 0.019 -18"><span class='ocrx_word' id='word_1_6' title='bbox 3738 236 3899 311; x_wconf 69' lang='lat' dir='ltr'><strong>.ssr</strong></span> 
     </span>
    </p>
   </div>
   <div class='ocr_carea' id='block_1_4' title="bbox 578 351 3868 443">
    <p class='ocr_par' dir='ltr' id='par_1_4' title="bbox 578 351 3868 443">
     <span class='ocr_line' id='line_1_4' title="bbox 578 351 3868 443; baseline -0.005 -15"><span class='ocrx_word' id='word_1_7' title='bbox 578 370 671 428; x_wconf 89' lang='lat' dir='ltr'><strong>isti</strong></span> <span class='ocrx_word' id='word_1_8' title='bbox 718 376 844 428; x_wconf 88' lang='lat' dir='ltr'><strong>sunt</strong></span> <span class='ocrx_word' id='word_1_9' title='bbox 871 364 1094 425; x_wconf 83' lang='lat' dir='ltr'><strong>ordines</strong></span> <span class='ocrx_word' id='word_1_10' title='bbox 1120 361 1487 429; x_wconf 79' lang='lat' dir='ltr'><strong>sacerdotum,</strong></span> <span class='ocrx_word' id='word_1_11' title='bbox 1532 364 1625 435; x_wconf 88' lang='lat' dir='ltr'><strong>qui</strong></span> <span class='ocrx_word' id='word_1_12' title='bbox 1655 378 1755 433; x_wconf 89' lang='lat' dir='ltr'><strong>pro</strong></span> <span class='ocrx_word' id='word_1_13' title='bbox 1798 362 1973 434; x_wconf 87' lang='lat' dir='ltr'><strong>gratia</strong></span> <span class='ocrx_word' id='word_1_14' title='bbox 2017 363 2162 433; x_wconf 91' lang='lat' dir='ltr'><strong>turpi</strong></span> <span class='ocrx_word' id='word_1_15' title='bbox 2192 364 2245 426; x_wconf 78' lang='grc' dir='ltr'><strong>Α</strong></span> <span class='ocrx_word' id='word_1_16' title='bbox 2270 360 2628 418; x_wconf 73' lang='lat' dir='ltr'><strong>ministerium</strong></span> <span class='ocrx_word' id='word_1_17' title='bbox 2656 358 2755 416; x_wconf 88' lang='lat' dir='ltr'><strong>Dei</strong></span> <span class='ocrx_word' id='word_1_18' title='bbox 2787 358 3022 416; x_wconf 79' lang='lat' dir='ltr'><strong>habebat</strong></span> <span class='ocrx_word' id='word_1_19' title='bbox 3056 370 3171 429; x_wconf 68' lang='lat' dir='ltr'><strong>pra:</strong></span> <span class='ocrx_word' id='word_1_20' title='bbox 3200 351 3569 433; x_wconf 32' lang='lat' dir='ltr'><strong>manibus,et‘</strong></span> <span class='ocrx_word' id='word_1_21' title='bbox 3593 351 3868 443; x_wconf 74' lang='lat' dir='ltr'><strong>Spiritum</strong></span> 
     </span>
    </p>
   </div>
   <div class='ocr_carea' id='block_1_5' title="bbox 584 457 2163 533">
    <p class='ocr_par' dir='ltr' id='par_1_5' title="bbox 584 457 2163 533">
     <span class='ocr_line' id='line_1_5' title="bbox 584 457 2163 533; baseline -0.006 -10"><span class='ocrx_word' id='word_1_22' title='bbox 584 466 745 531; x_wconf 85' lang='lat' dir='ltr'><strong>lucri,</strong></span> <span class='ocrx_word' id='word_1_23' title='bbox 775 480 884 521; x_wconf 93' lang='lat' dir='ltr'><strong>non</strong></span> <span class='ocrx_word' id='word_1_24' title='bbox 918 478 1013 533; x_wconf 86' lang='lat' dir='ltr'><strong>pro</strong></span> <span class='ocrx_word' id='word_1_25' title='bbox 1064 462 1219 516; x_wconf 87' lang='lat' dir='ltr'><strong>lucro</strong></span> <span class='ocrx_word' id='word_1_26' title='bbox 1245 458 1546 515; x_wconf 89' lang='lat' dir='ltr'><strong>animarum</strong></span> <span class='ocrx_word' id='word_1_27' title='bbox 1597 458 1997 528; x_wconf 82' lang='lat' dir='ltr'><strong>ingrediuntur.</strong></span> <span class='ocrx_word' id='word_1_28' title='bbox 2048 457 2163 530; x_wconf 90' lang='lat' dir='ltr'><strong>Ego</strong></span> 
     </span>
    </p>
   </div>
   <div class='ocr_carea' id='block_1_6' title="bbox 580 552 2167 627">
    <p class='ocr_par' dir='ltr' id='par_1_6' title="bbox 580 552 2167 627">
     <span class='ocr_line' id='line_1_6' title="bbox 580 552 2167 627; baseline -0.008 -11"><span class='ocrx_word' id='word_1_29' title='bbox 580 561 718 627; x_wconf 83' lang='lat' dir='ltr'><strong>veni,</strong></span> <span class='ocrx_word' id='word_1_30' title='bbox 748 567 805 614; x_wconf 86' lang='lat' dir='ltr'><strong>ut</strong></span> <span class='ocrx_word' id='word_1_31' title='bbox 846 558 1002 610; x_wconf 89' lang='lat' dir='ltr'><strong>vitam</strong></span> <span class='ocrx_word' id='word_1_32' title='bbox 1029 553 1282 621; x_wconf 75' lang='lat' dir='ltr'><strong>habeatis,</strong></span> <span class='ocrx_word' id='word_1_33' title='bbox 1316 553 1367 608; x_wconf 92' lang='lat' dir='ltr'><strong>id</strong></span> <span class='ocrx_word' id='word_1_34' title='bbox 1398 564 1481 608; x_wconf 90' lang='lat' dir='ltr'><strong>est</strong></span> <span class='ocrx_word' id='word_1_35' title='bbox 1510 552 1813 609; x_wconf 85' lang='lat' dir='ltr'><strong>doctrinam</strong></span> <span class='ocrx_word' id='word_1_36' title='bbox 1854 567 2031 608; x_wconf 86' lang='lat' dir='ltr'><strong>meam</strong></span> <span class='ocrx_word' id='word_1_37' title='bbox 2067 568 2084 611; x_wconf 88' lang='lat'><strong>:</strong></span> <span class='ocrx_word' id='word_1_38' title='bbox 2119 560 2167 605; x_wconf 90' lang='lat' dir='ltr'><strong>et</strong></span> 
     </span>
    </p>
   </div>
   <div class='ocr_carea' id='block_1_7' title="bbox 580 645 2167 712">
    <p class='ocr_par' dir='ltr' id='par_1_7' title="bbox 580 645 2167 712">
     <span class='ocr_line' id='line_1_7' title="bbox 580 645 2167 712; baseline -0.007 -4"><span class='ocrx_word' id='word_1_39' title='bbox 580 649 929 709; x_wconf 72' lang='lat' dir='ltr'><strong>abundantius</strong></span> <span class='ocrx_word' id='word_1_40' title='bbox 956 646 1209 712; x_wconf 74' lang='lat' dir='ltr'><strong>habeatis,</strong></span> <span class='ocrx_word' id='word_1_41' title='bbox 1240 645 1292 701; x_wconf 90' lang='lat' dir='ltr'><strong>id</strong></span> <span class='ocrx_word' id='word_1_42' title='bbox 1324 654 1424 712; x_wconf 91' lang='lat' dir='ltr'><strong>est,</strong></span> <span class='ocrx_word' id='word_1_43' title='bbox 1455 646 1618 700; x_wconf 87' lang='lat' dir='ltr'><strong>vitam</strong></span> <span class='ocrx_word' id='word_1_44' title='bbox 1650 653 1908 701; x_wconf 82' lang='lat' dir='ltr'><strong>aeternam</strong></span> <span class='ocrx_word' id='word_1_45' title='bbox 1935 662 1948 699; x_wconf 92' lang='lat'><strong>:</strong></span> <span class='ocrx_word' id='word_1_46' title='bbox 1972 660 2167 698; x_wconf 88' lang='lat' dir='ltr'><strong>merce-</strong></span> 
     </span>
    </p>
   </div>
   <div class='ocr_carea' id='block_1_8' title="bbox 575 735 2163 810">
    <p class='ocr_par' dir='ltr' id='par_1_8' title="bbox 575 735 2163 810">
     <span class='ocr_line' id='line_1_8' title="bbox 575 735 2163 810; baseline -0.006 -11"><span class='ocrx_word' id='word_1_47' title='bbox 575 744 777 807; x_wconf 88' lang='lat' dir='ltr'><strong>narius,</strong></span> <span class='ocrx_word' id='word_1_48' title='bbox 806 750 893 796; x_wconf 89' lang='lat' dir='ltr'><strong>est</strong></span> <span class='ocrx_word' id='word_1_49' title='bbox 918 740 1009 810; x_wconf 90' lang='lat' dir='ltr'><strong>qui</strong></span> <span class='ocrx_word' id='word_1_50' title='bbox 1033 754 1132 809; x_wconf 89' lang='lat' dir='ltr'><strong>pro</strong></span> <span class='ocrx_word' id='word_1_51' title='bbox 1154 738 1308 793; x_wconf 90' lang='lat' dir='ltr'><strong>lucro</strong></span> <span class='ocrx_word' id='word_1_52' title='bbox 1336 746 1560 794; x_wconf 86' lang='lat' dir='ltr'><strong>terreno</strong></span> <span class='ocrx_word' id='word_1_53' title='bbox 1581 736 1746 793; x_wconf 89' lang='lat' dir='ltr'><strong>docet</strong></span> <span class='ocrx_word' id='word_1_54' title='bbox 1777 755 1789 791; x_wconf 95' lang='lat'><strong>:</strong></span> <span class='ocrx_word' id='word_1_55' title='bbox 1818 737 1945 790; x_wconf 88' lang='lat' dir='ltr'><strong>vidit</strong></span> <span class='ocrx_word' id='word_1_56' title='bbox 1963 735 2163 808; x_wconf 88' lang='lat' dir='ltr'><strong>lupum,</strong></span> 
     </span>
    </p>
   </div>
   <div class='ocr_carea' id='block_1_9' title="bbox 577 828 2166 907">
    <p class='ocr_par' dir='ltr' id='par_1_9' title="bbox 577 828 2166 907">
     <span class='ocr_line' id='line_1_9' title="bbox 577 828 2166 907; baseline -0.005 -16"><span class='ocrx_word' id='word_1_57' title='bbox 577 846 624 892; x_wconf 88' lang='lat' dir='ltr'><strong>et</strong></span> <span class='ocrx_word' id='word_1_58' title='bbox 653 833 807 907; x_wconf 77' lang='lat' dir='ltr'><strong>fugit,</strong></span> <span class='ocrx_word' id='word_1_59' title='bbox 843 831 897 887; x_wconf 91' lang='lat' dir='ltr'><strong>id</strong></span> <span class='ocrx_word' id='word_1_60' title='bbox 926 841 1031 898; x_wconf 88' lang='lat' dir='ltr'><strong>est,</strong></span> <span class='ocrx_word' id='word_1_61' title='bbox 1062 830 1361 892; x_wconf 88' lang='lat' dir='ltr'><strong>diabolum,</strong></span> <span class='ocrx_word' id='word_1_62' title='bbox 1386 830 1471 885; x_wconf 92' lang='lat' dir='ltr'><strong>vel</strong></span> <span class='ocrx_word' id='word_1_63' title='bbox 1508 829 1846 887; x_wconf 60' lang='lat' dir='ltr'><strong>haereticum.</strong></span> <span class='ocrx_word' id='word_1_64' title='bbox 1876 828 2022 883; x_wconf 85' lang='lat' dir='ltr'><strong>Alias</strong></span> <span class='ocrx_word' id='word_1_65' title='bbox 2050 845 2166 883; x_wconf 89' lang='lat' dir='ltr'><strong>oves</strong></span> 
     </span>
    </p>
   </div>
   <div class='ocr_carea' id='block_1_10' title="bbox 579 922 2170 1000">
    <p class='ocr_par' dir='ltr' id='par_1_10' title="bbox 579 922 2170 1000">
     <span class='ocr_line' id='line_1_10' title="bbox 579 922 2170 1000; baseline -0.005 -16"><span class='ocrx_word' id='word_1_66' title='bbox 579 932 895 1000; x_wconf 79' lang='lat' dir='ltr'><strong>habeo,quw</strong></span> <span class='ocrx_word' id='word_1_67' title='bbox 922 943 1026 980; x_wconf 89' lang='lat' dir='ltr'><strong>non</strong></span> <span class='ocrx_word' id='word_1_68' title='bbox 1055 934 1253 980; x_wconf 73' lang='lat' dir='ltr'><strong>suntex</strong></span> <span class='ocrx_word' id='word_1_69' title='bbox 1281 923 1536 994; x_wconf 86' lang='lat' dir='ltr'><strong>hocovili,</strong></span> <span class='ocrx_word' id='word_1_70' title='bbox 1564 934 1757 995; x_wconf 81' lang='lat' dir='ltr'><strong>gentes</strong></span> <span class='ocrx_word' id='word_1_71' title='bbox 1782 923 2024 979; x_wconf 87' lang='lat' dir='ltr'><strong>ostendit</strong></span> <span class='ocrx_word' id='word_1_72' title='bbox 2053 939 2068 979; x_wconf 86' lang='lat'><strong>:</strong></span> <span class='ocrx_word' id='word_1_73' title='bbox 2099 922 2170 978; x_wconf 91' lang='lat' dir='ltr'><strong>sit</strong></span> 
     </span>
    </p>
   </div>
   <div class='ocr_carea' id='block_1_11' title="bbox 524 1016 2168 1105">
    <p class='ocr_par' dir='ltr' id='par_1_11' title="bbox 524 1016 2168 1105">
     <span class='ocr_line' id='line_1_11' title="bbox 524 1016 2168 1105; baseline -0.007 -25"><span class='ocrx_word' id='word_1_74' title='bbox 524 1046 525 1049; x_wconf 48' lang='grc' dir='ltr'><strong>η</strong></span> <span class='ocrx_word' id='word_1_75' title='bbox 568 1040 715 1105; x_wconf 46' lang='lat' dir='ltr'><strong>[unus</strong></span> <span class='ocrx_word' id='word_1_76' title='bbox 745 1030 947 1095; x_wconf 89' lang='lat' dir='ltr'><strong>pastor,</strong></span> <span class='ocrx_word' id='word_1_77' title='bbox 976 1019 1028 1075; x_wconf 91' lang='lat' dir='ltr'><strong>id</strong></span> <span class='ocrx_word' id='word_1_78' title='bbox 1058 1029 1164 1087; x_wconf 91' lang='lat' dir='ltr'><strong>est,</strong></span> <span class='ocrx_word' id='word_1_79' title='bbox 1197 1018 1463 1085; x_wconf 90' lang='lat' dir='ltr'><strong>Ecclesia,</strong></span> <span class='ocrx_word' id='word_1_80' title='bbox 1495 1025 1551 1074; x_wconf 92' lang='lat' dir='ltr'><strong>et</strong></span> <span class='ocrx_word' id='word_1_81' title='bbox 1588 1017 1838 1073; x_wconf 79' lang='lat' dir='ltr'><strong>Christus</strong></span> <span class='ocrx_word' id='word_1_82' title='bbox 1868 1034 1883 1071; x_wconf 94' lang='lat'><strong>:</strong></span> <span class='ocrx_word' id='word_1_83' title='bbox 1916 1016 2003 1071; x_wconf 90' lang='lat' dir='ltr'><strong>hic</strong></span> <span class='ocrx_word' id='word_1_84' title='bbox 2033 1016 2168 1085; x_wconf 86' lang='lat' dir='ltr'><strong>lapis</strong></span> 
     </span>
    </p>
   </div>
   <div class='ocr_carea' id='block_1_12' title="bbox 583 1110 2168 1190">
    <p class='ocr_par' dir='ltr' id='par_1_12' title="bbox 583 1110 2168 1190">
     <span class='ocr_line' id='line_1_12' title="bbox 583 1110 2168 1190; baseline -0.006 -16"><span class='ocrx_word' id='word_1_85' title='bbox 583 1117 859 1190; x_wconf 88' lang='lat' dir='ltr'><strong>angularis</strong></span> <span class='ocrx_word' id='word_1_86' title='bbox 907 1115 1051 1171; x_wconf 90' lang='lat' dir='ltr'><strong>inter</strong></span> <span class='ocrx_word' id='word_1_87' title='bbox 1079 1111 1318 1169; x_wconf 90' lang='lat' dir='ltr'><strong>medium</strong></span> <span class='ocrx_word' id='word_1_88' title='bbox 1359 1112 1645 1183; x_wconf 83' lang='lat' dir='ltr'><strong>parietem,</strong></span> <span class='ocrx_word' id='word_1_89' title='bbox 1699 1111 1788 1182; x_wconf 89' lang='lat' dir='ltr'><strong>qui</strong></span> <span class='ocrx_word' id='word_1_90' title='bbox 1834 1110 1893 1166; x_wconf 88' lang='lat' dir='ltr'><strong>lit</strong></span> <span class='ocrx_word' id='word_1_91' title='bbox 1940 1120 2168 1181; x_wconf 89' lang='lat' dir='ltr'><strong>utraque</strong></span> 
     </span>
    </p>
   </div>
   <div class='ocr_carea' id='block_1_13' title="bbox 580 1228 771 1271">
    <p class='ocr_par' dir='ltr' id='par_1_13' title="bbox 580 1228 771 1271">
     <span class='ocr_line' id='line_1_13' title="bbox 580 1228 771 1271; baseline -0.021 0"><span class='ocrx_word' id='word_1_92' title='bbox 580 1228 771 1271; x_wconf 89' lang='lat' dir='ltr'><strong>unum.</strong></span> 
     </span>
    </p>
   </div>
   <div class='ocr_carea' id='block_1_14' title="bbox 652 1296 2170 1373">
    <p class='ocr_par' dir='ltr' id='par_1_14' title="bbox 652 1296 2170 1373">
     <span class='ocr_line' id='line_1_14' title="bbox 652 1296 2170 1373; baseline -0.007 -12"><span class='ocrx_word' id='word_1_93' title='bbox 652 1305 969 1361; x_wconf 87' lang='lat' dir='ltr'><strong>Potestatem</strong></span> <span class='ocrx_word' id='word_1_94' title='bbox 998 1301 1159 1357; x_wconf 85' lang='lat' dir='ltr'><strong>habeo</strong></span> <span class='ocrx_word' id='word_1_95' title='bbox 1187 1300 1413 1373; x_wconf 88' lang='lat' dir='ltr'><strong>ponendi</strong></span> <span class='ocrx_word' id='word_1_96' title='bbox 1441 1300 1671 1354; x_wconf 90' lang='lat' dir='ltr'><strong>animam</strong></span> <span class='ocrx_word' id='word_1_97' title='bbox 1697 1314 1883 1361; x_wconf 86' lang='lat' dir='ltr'><strong>meam,</strong></span> <span class='ocrx_word' id='word_1_98' title='bbox 1911 1306 1960 1351; x_wconf 89' lang='lat' dir='ltr'><strong>et</strong></span> <span class='ocrx_word' id='word_1_99' title='bbox 1986 1296 2170 1351; x_wconf 82' lang='lat' dir='ltr'><strong>iterum</strong></span> 
     </span>
    </p>
   </div>
   <div class='ocr_carea' id='block_1_15' title="bbox 581 1386 2171 1462">
    <p class='ocr_par' dir='ltr' id='par_1_15' title="bbox 581 1386 2171 1462">
     <span class='ocr_line' id='line_1_15' title="bbox 581 1386 2171 1462; baseline -0.009 -8"><span class='ocrx_word' id='word_1_100' title='bbox 581 1396 819 1454; x_wconf 79' lang='lat' dir='ltr'><strong>sumendi</strong></span> <span class='ocrx_word' id='word_1_101' title='bbox 848 1412 963 1452; x_wconf 88' lang='lat' dir='ltr'><strong>eam</strong></span> <span class='ocrx_word' id='word_1_102' title='bbox 993 1410 1011 1447; x_wconf 87' lang='lat'><strong>:</strong></span> <span class='ocrx_word' id='word_1_103' title='bbox 1039 1392 1279 1449; x_wconf 87' lang='lat' dir='ltr'><strong>ostendit</strong></span> <span class='ocrx_word' id='word_1_104' title='bbox 1306 1408 1403 1462; x_wconf 91' lang='lat' dir='ltr'><strong>pro</strong></span> <span class='ocrx_word' id='word_1_105' title='bbox 1427 1400 1581 1462; x_wconf 87' lang='lat' dir='ltr'><strong>parte</strong></span> <span class='ocrx_word' id='word_1_106' title='bbox 1610 1391 1815 1445; x_wconf 89' lang='lat' dir='ltr'><strong>carnis.</strong></span> <span class='ocrx_word' id='word_1_107' title='bbox 1844 1386 2006 1443; x_wconf 88' lang='lat' dir='ltr'><strong>Pater</strong></span> <span class='ocrx_word' id='word_1_108' title='bbox 2031 1388 2171 1457; x_wconf 87' lang='lat' dir='ltr'><strong>quod</strong></span> 
     </span>
    </p>
   </div>
   <div class='ocr_carea' id='block_1_16' title="bbox 526 1468 2165 1558">
    <p class='ocr_par' dir='ltr' id='par_1_16' title="bbox 526 1468 2165 1558">
     <span class='ocr_line' id='line_1_16' title="bbox 526 1468 2165 1558; baseline -0.008 -11"><span class='ocrx_word' id='word_1_109' title='bbox 526 1482 529 1489; x_wconf 66' lang='grc'><em>’</em></span> <span class='ocrx_word' id='word_1_110' title='bbox 582 1491 723 1546; x_wconf 83' lang='lat' dir='ltr'><strong>dedit</strong></span> <span class='ocrx_word' id='word_1_111' title='bbox 761 1490 887 1543; x_wconf 88' lang='lat' dir='ltr'><strong>mihi</strong></span> <span class='ocrx_word' id='word_1_112' title='bbox 913 1488 1084 1558; x_wconf 86' lang='lat' dir='ltr'><strong>majus</strong></span> <span class='ocrx_word' id='word_1_113' title='bbox 1134 1494 1209 1541; x_wconf 83' lang='lat' dir='ltr'><strong>est</strong></span> <span class='ocrx_word' id='word_1_114' title='bbox 1250 1468 1520 1551; x_wconf 83' lang='lat' dir='ltr'><strong>omnibus,</strong></span> <span class='ocrx_word' id='word_1_115' title='bbox 1574 1481 1819 1538; x_wconf 88' lang='lat' dir='ltr'><strong>ostendit</strong></span> <span class='ocrx_word' id='word_1_116' title='bbox 1867 1481 2165 1548; x_wconf 83' lang='lat' dir='ltr'><strong>Christum,</strong></span> 
     </span>
    </p>
   </div>
   <div class='ocr_carea' id='block_1_17' title="bbox 583 1575 2171 1653">
    <p class='ocr_par' dir='ltr' id='par_1_17' title="bbox 583 1575 2171 1653">
     <span class='ocr_line' id='line_1_17' title="bbox 583 1575 2171 1653; baseline -0.006 -14"><span class='ocrx_word' id='word_1_117' title='bbox 583 1585 673 1639; x_wconf 87' lang='lat' dir='ltr'><strong>vel</strong></span> <span class='ocrx_word' id='word_1_118' title='bbox 702 1582 966 1653; x_wconf 89' lang='lat' dir='ltr'><strong>Spiritum</strong></span> <span class='ocrx_word' id='word_1_119' title='bbox 1010 1579 1109 1635; x_wconf 88' lang='lat' dir='ltr'><strong>Dei</strong></span> <span class='ocrx_word' id='word_1_120' title='bbox 1158 1578 1421 1649; x_wconf 84' lang='lat' dir='ltr'><strong>majorem</strong></span> <span class='ocrx_word' id='word_1_121' title='bbox 1469 1592 1590 1635; x_wconf 91' lang='lat' dir='ltr'><strong>esse</strong></span> <span class='ocrx_word' id='word_1_122' title='bbox 1620 1576 1873 1633; x_wconf 91' lang='lat' dir='ltr'><strong>omnibus</strong></span> <span class='ocrx_word' id='word_1_123' title='bbox 1912 1575 2171 1646; x_wconf 89' lang='lat' dir='ltr'><strong>operibus</strong></span> 
     </span>
    </p>
   </div>
   <div class='ocr_carea' id='block_1_18' title="bbox 584 1669 2169 1748">
    <p class='ocr_par' dir='ltr' id='par_1_18' title="bbox 584 1669 2169 1748">
     <span class='ocr_line' id='line_1_18' title="bbox 584 1669 2169 1748; baseline -0.007 -13"><span class='ocrx_word' id='word_1_124' title='bbox 584 1676 791 1734; x_wconf 68' lang='lat' dir='ltr'><strong>saeculi.</strong></span> <span class='ocrx_word' id='word_1_125' title='bbox 828 1674 943 1748; x_wconf 88' lang='lat' dir='ltr'><strong>Ego</strong></span> <span class='ocrx_word' id='word_1_126' title='bbox 990 1674 1125 1739; x_wconf 73' lang='lat' dir='ltr'><strong>dixi,</strong></span> <span class='ocrx_word' id='word_1_127' title='bbox 1155 1671 1246 1727; x_wconf 86' lang='lat' dir='ltr'><strong>Dii</strong></span> <span class='ocrx_word' id='word_1_128' title='bbox 1270 1676 1421 1739; x_wconf 90' lang='lat' dir='ltr'><strong>estis,</strong></span> <span class='ocrx_word' id='word_1_129' title='bbox 1450 1672 1623 1728; x_wconf 88' lang='lat' dir='ltr'><strong>tribus</strong></span> <span class='ocrx_word' id='word_1_130' title='bbox 1655 1671 1830 1727; x_wconf 89' lang='lat' dir='ltr'><strong>modis</strong></span> <span class='ocrx_word' id='word_1_131' title='bbox 1869 1670 2088 1734; x_wconf 90' lang='lat' dir='ltr'><strong>dicitur,</strong></span> <span class='ocrx_word' id='word_1_132' title='bbox 2118 1669 2169 1724; x_wconf 89' lang='lat' dir='ltr'><strong>id</strong></span> 
     </span>
    </p>
   </div>
   <div class='ocr_carea' id='block_1_19' title="bbox 2267 447 3869 541">
    <p class='ocr_par' dir='ltr' id='par_1_19' title="bbox 2267 447 3869 541">
     <span class='ocr_line' id='line_1_19' title="bbox 2267 447 3869 541; baseline -0.003 -30"><span class='ocrx_word' id='word_1_133' title='bbox 2267 455 2363 511; x_wconf 87' lang='lat' dir='ltr'><strong>Dei</strong></span> <span class='ocrx_word' id='word_1_134' title='bbox 2390 496 2406 522; x_wconf 94' lang='lat'><strong>,</strong></span> <span class='ocrx_word' id='word_1_135' title='bbox 2441 454 2543 509; x_wconf 89' lang='lat' dir='ltr'><strong>hoc</strong></span> <span class='ocrx_word' id='word_1_136' title='bbox 2568 454 2782 511; x_wconf 90' lang='lat' dir='ltr'><strong>locutus</strong></span> <span class='ocrx_word' id='word_1_137' title='bbox 2812 462 2897 510; x_wconf 91' lang='lat' dir='ltr'><strong>est</strong></span> <span class='ocrx_word' id='word_1_138' title='bbox 2923 471 2943 516; x_wconf 71' lang='grc' dir='ltr'><strong>Δε</strong></span> <span class='ocrx_word' id='word_1_139' title='bbox 2976 461 3031 507; x_wconf 88' lang='lat' dir='ltr'><strong>ut</strong></span> <span class='ocrx_word' id='word_1_140' title='bbox 3046 451 3207 529; x_wconf 49' lang='lat' dir='ltr'><strong>ﬁlios,</strong></span> <span class='ocrx_word' id='word_1_141' title='bbox 3226 447 3477 541; x_wconf 52' lang='grc' dir='ltr'><strong>ρεὶηηαξ</strong></span> <span class='ocrx_word' id='word_1_142' title='bbox 3500 448 3657 506; x_wconf 79' lang='lat' dir='ltr'><strong>divisi</strong></span> <span class='ocrx_word' id='word_1_143' title='bbox 3693 461 3869 519; x_wconf 89' lang='lat' dir='ltr'><strong>erant,</strong></span> 
     </span>
    </p>
   </div>
   <div class='ocr_carea' id='block_1_20' title="bbox 2268 541 3885 623">
    <p class='ocr_par' dir='ltr' id='par_1_20' title="bbox 2268 541 3885 623">
     <span class='ocr_line' id='line_1_20' title="bbox 2268 541 3885 623; baseline -0.001 -22"><span class='ocrx_word' id='word_1_144' title='bbox 2268 558 2603 619; x_wconf 87' lang='lat' dir='ltr'><strong>congregaret</strong></span> <span class='ocrx_word' id='word_1_145' title='bbox 2624 550 2679 602; x_wconf 89' lang='lat' dir='ltr'><strong>in</strong></span> <span class='ocrx_word' id='word_1_146' title='bbox 2707 564 2892 617; x_wconf 87' lang='lat' dir='ltr'><strong>unum,</strong></span> <span class='ocrx_word' id='word_1_147' title='bbox 2927 541 3390 623; x_wconf 60' lang='lat' dir='ltr'><strong>intotojmundo.</strong></span> <span class='ocrx_word' id='word_1_148' title='bbox 3438 578 3473 613; x_wconf 47' lang='grc' dir='ltr'><strong><em>τε</em></strong></span> <span class='ocrx_word' id='word_1_149' title='bbox 3602 584 3607 603; x_wconf 69' lang='grc' dir='ltr'><strong>ι</strong></span> <span class='ocrx_word' id='word_1_150' title='bbox 3668 582 3695 615; x_wconf 54' lang='grc' dir='ltr'><strong>ε</strong></span> <span class='ocrx_word' id='word_1_151' title='bbox 3816 586 3839 609; x_wconf 29' lang='grc' dir='ltr'><strong>γ.</strong></span> <span class='ocrx_word' id='word_1_152' title='bbox 3880 552 3885 559; x_wconf 83' lang='grc'><em>’</em></span> 
     </span>
    </p>
   </div>
   <div class='ocr_carea' id='block_1_21' title="bbox 2339 617 3888 717">
    <p class='ocr_par' dir='ltr' id='par_1_21' title="bbox 2339 617 3888 717">
     <span class='ocr_line' id='line_1_21' title="bbox 2339 617 3888 717; baseline 0.001 -21"><span class='ocrx_word' id='word_1_153' title='bbox 2339 617 2556 696; x_wconf 66' lang='lat' dir='ltr'><strong>Martha</strong></span> <span class='ocrx_word' id='word_1_154' title='bbox 2585 641 2930 702; x_wconf 84' lang='lat' dir='ltr'><strong>ministrabat,</strong></span> <span class='ocrx_word' id='word_1_155' title='bbox 2957 617 3457 703; x_wconf 75' lang='lat' dir='ltr'><strong>osteiidit-activam</strong></span> <span class='ocrx_word' id='word_1_156' title='bbox 3489 636 3888 717; x_wconf 71' lang='lat' dir='ltr'><strong>vitatn_..__Laza&lt;ll</strong></span> 
     </span>
    </p>
   </div>
   <div class='ocr_carea' id='block_1_22' title="bbox 2269 722 3887 801">
    <p class='ocr_par' dir='ltr' id='par_1_22' title="bbox 2269 722 3887 801">
     <span class='ocr_line' id='line_1_22' title="bbox 2269 722 3887 801; baseline -0.003 -12"><span class='ocrx_word' id='word_1_157' title='bbox 2269 750 2363 789; x_wconf 87' lang='lat' dir='ltr'><strong>rus</strong></span> <span class='ocrx_word' id='word_1_158' title='bbox 2390 734 2715 789; x_wconf 83' lang='lat' dir='ltr'><strong>discumbens</strong></span> <span class='ocrx_word' id='word_1_159' title='bbox 2743 749 2855 787; x_wconf 88' lang='lat' dir='ltr'><strong>cum</strong></span> <span class='ocrx_word' id='word_1_160' title='bbox 2884 722 3341 801; x_wconf 68' lang='lat' dir='ltr'><strong>Iesu,.,sigrtilicat</strong></span> <span class='ocrx_word' id='word_1_161' title='bbox 3364 730 3701 786; x_wconf 81' lang='lat' dir='ltr'><strong>Ecciesiam:</strong></span> <span class='ocrx_word' id='word_1_162' title='bbox 3726 728 3887 799; x_wconf 42' lang='lat' dir='ltr'><strong>{Ma-‘7</strong></span> 
     </span>
    </p>
   </div>
   <div class='ocr_carea' id='block_1_23' title="bbox 2267 824 3867 899">
    <p class='ocr_par' dir='ltr' id='par_1_23' title="bbox 2267 824 3867 899">
     <span class='ocr_line' id='line_1_23' title="bbox 2267 824 3867 899; baseline -0.003 -17"><span class='ocrx_word' id='word_1_163' title='bbox 2267 828 2348 883; x_wconf 89' lang='lat' dir='ltr'><strong>ria</strong></span> <span class='ocrx_word' id='word_1_164' title='bbox 2370 829 2567 896; x_wconf 85' lang='lat' dir='ltr'><strong>accepit</strong></span> <span class='ocrx_word' id='word_1_165' title='bbox 2599 827 2781 882; x_wconf 87' lang='lat' dir='ltr'><strong>libram</strong></span> <span class='ocrx_word' id='word_1_166' title='bbox 2800 827 3084 899; x_wconf 84' lang='lat' dir='ltr'><strong>unguenti:</strong></span> <span class='ocrx_word' id='word_1_167' title='bbox 3114 826 3182 878; x_wconf 90' lang='lat' dir='ltr'><strong>ita</strong></span> <span class='ocrx_word' id='word_1_168' title='bbox 3215 834 3270 879; x_wconf 92' lang='lat' dir='ltr'><strong>et</strong></span> <span class='ocrx_word' id='word_1_169' title='bbox 3298 832 3442 880; x_wconf 89' lang='lat' dir='ltr'><strong>totus</strong></span> <span class='ocrx_word' id='word_1_170' title='bbox 3468 824 3707 879; x_wconf 89' lang='lat' dir='ltr'><strong>mundus</strong></span> <span class='ocrx_word' id='word_1_171' title='bbox 3722 824 3867 895; x_wconf 89' lang='lat' dir='ltr'><strong>quod</strong></span> 
     </span>
    </p>
   </div>
   <div class='ocr_carea' id='block_1_24' title="bbox 2268 916 3865 991">
    <p class='ocr_par' dir='ltr' id='par_1_24' title="bbox 2268 916 3865 991">
     <span class='ocr_line' id='line_1_24' title="bbox 2268 916 3865 991; baseline -0.003 -16"><span class='ocrx_word' id='word_1_172' title='bbox 2268 919 2607 991; x_wconf 81' lang='lat' dir='ltr'><strong>intelligitur,</strong></span> <span class='ocrx_word' id='word_1_173' title='bbox 2633 920 2797 976; x_wconf 88' lang='lat' dir='ltr'><strong>corda</strong></span> <span class='ocrx_word' id='word_1_174' title='bbox 2839 918 3105 974; x_wconf 85' lang='lat' dir='ltr'><strong>ﬁdelium.</strong></span> <span class='ocrx_word' id='word_1_175' title='bbox 3138 918 3243 973; x_wconf 80' lang='lat' dir='ltr'><strong>Per</strong></span> <span class='ocrx_word' id='word_1_176' title='bbox 3270 926 3600 987; x_wconf 86' lang='lat' dir='ltr'><strong>unguentum</strong></span> <span class='ocrx_word' id='word_1_177' title='bbox 3642 916 3865 972; x_wconf 88' lang='lat' dir='ltr'><strong>odorem</strong></span> 
     </span>
    </p>
   </div>
   <div class='ocr_carea' id='block_1_25' title="bbox 2268 1012 3867 1084">
    <p class='ocr_par' dir='ltr' id='par_1_25' title="bbox 2268 1012 3867 1084">
     <span class='ocr_line' id='line_1_25' title="bbox 2268 1012 3867 1084; baseline -0.003 -13"><span class='ocrx_word' id='word_1_178' title='bbox 2268 1015 2671 1081; x_wconf 84' lang='lat' dir='ltr'><strong>confessionis;</strong></span> <span class='ocrx_word' id='word_1_179' title='bbox 2724 1015 2891 1070; x_wconf 87' lang='lat' dir='ltr'><strong>Maria</strong></span> <span class='ocrx_word' id='word_1_180' title='bbox 2930 1013 3227 1070; x_wconf 90' lang='lat' dir='ltr'><strong>Ecclesiam</strong></span> <span class='ocrx_word' id='word_1_181' title='bbox 3257 1012 3558 1083; x_wconf 85' lang='lat' dir='ltr'><strong>signiﬁcat:</strong></span> <span class='ocrx_word' id='word_1_182' title='bbox 3592 1014 3744 1067; x_wconf 75' lang='lat' dir='ltr'><strong>unxit</strong></span> <span class='ocrx_word' id='word_1_183' title='bbox 3778 1030 3867 1084; x_wconf 86' lang='lat' dir='ltr'><strong>pe-</strong></span> 
     </span>
    </p>
   </div>
   <div class='ocr_carea' id='block_1_26' title="bbox 2271 1106 3860 1179">
    <p class='ocr_par' dir='ltr' id='par_1_26' title="bbox 2271 1106 3860 1179">
     <span class='ocr_line' id='line_1_26' title="bbox 2271 1106 3860 1179; baseline -0.001 -16"><span class='ocrx_word' id='word_1_184' title='bbox 2271 1108 2360 1164; x_wconf 89' lang='lat' dir='ltr'><strong>des</strong></span> <span class='ocrx_word' id='word_1_185' title='bbox 2414 1107 2575 1177; x_wconf 84' lang='lat' dir='ltr'><strong>Jesu,</strong></span> <span class='ocrx_word' id='word_1_186' title='bbox 2623 1107 2677 1164; x_wconf 93' lang='lat' dir='ltr'><strong>id</strong></span> <span class='ocrx_word' id='word_1_187' title='bbox 2724 1118 2842 1175; x_wconf 91' lang='lat' dir='ltr'><strong>est,</strong></span> <span class='ocrx_word' id='word_1_188' title='bbox 2895 1122 2995 1179; x_wconf 89' lang='lat' dir='ltr'><strong>per</strong></span> <span class='ocrx_word' id='word_1_189' title='bbox 3041 1106 3441 1163; x_wconf 80' lang='lat' dir='ltr'><strong>confessionem</strong></span> <span class='ocrx_word' id='word_1_190' title='bbox 3492 1108 3860 1179; x_wconf 72' lang='lat' dir='ltr'><strong>pmnitentite:</strong></span> 
     </span>
    </p>
   </div>
   <div class='ocr_carea' id='block_1_27' title="bbox 2272 1200 3891 1274">
    <p class='ocr_par' dir='ltr' id='par_1_27' title="bbox 2272 1200 3891 1274">
     <span class='ocr_line' id='line_1_27' title="bbox 2272 1200 3891 1274; baseline 0.001 -17"><span class='ocrx_word' id='word_1_191' title='bbox 2272 1204 2459 1258; x_wconf 89' lang='lat' dir='ltr'><strong>domus</strong></span> <span class='ocrx_word' id='word_1_192' title='bbox 2507 1204 2709 1273; x_wconf 87' lang='lat' dir='ltr'><strong>repleta</strong></span> <span class='ocrx_word' id='word_1_193' title='bbox 2769 1211 2843 1257; x_wconf 86' lang='lat' dir='ltr'><strong>est</strong></span> <span class='ocrx_word' id='word_1_194' title='bbox 2889 1218 2954 1257; x_wconf 78' lang='lat' dir='ltr'><strong>ea:</strong></span> <span class='ocrx_word' id='word_1_195' title='bbox 2998 1202 3156 1257; x_wconf 83' lang='lat' dir='ltr'><strong>odore</strong></span> <span class='ocrx_word' id='word_1_196' title='bbox 3211 1203 3493 1274; x_wconf 87' lang='lat' dir='ltr'><strong>unguenti:</strong></span> <span class='ocrx_word' id='word_1_197' title='bbox 3529 1204 3603 1259; x_wconf 88' lang='lat' dir='ltr'><strong>ita</strong></span> <span class='ocrx_word' id='word_1_198' title='bbox 3636 1213 3693 1260; x_wconf 89' lang='lat' dir='ltr'><strong>et</strong></span> <span class='ocrx_word' id='word_1_199' title='bbox 3724 1200 3891 1259; x_wconf 88' lang='lat' dir='ltr'><strong>totus</strong></span> 
     </span>
    </p>
   </div>
   <div class='ocr_carea' id='block_1_28' title="bbox 2272 1293 3867 1367">
    <p class='ocr_par' dir='ltr' id='par_1_28' title="bbox 2272 1293 3867 1367">
     <span class='ocr_line' id='line_1_28' title="bbox 2272 1293 3867 1367; baseline 0 -15"><span class='ocrx_word' id='word_1_200' title='bbox 2272 1296 2508 1352; x_wconf 92' lang='lat' dir='ltr'><strong>mundus</strong></span> <span class='ocrx_word' id='word_1_201' title='bbox 2558 1296 2807 1367; x_wconf 90' lang='lat' dir='ltr'><strong>repletus</strong></span> <span class='ocrx_word' id='word_1_202' title='bbox 2853 1303 2941 1350; x_wconf 93' lang='lat' dir='ltr'><strong>est</strong></span> <span class='ocrx_word' id='word_1_203' title='bbox 2984 1293 3053 1351; x_wconf 91' lang='lat' dir='ltr'><strong>de</strong></span> <span class='ocrx_word' id='word_1_204' title='bbox 3082 1295 3339 1366; x_wconf 83' lang='lat' dir='ltr'><strong>passione</strong></span> <span class='ocrx_word' id='word_1_205' title='bbox 3377 1306 3433 1350; x_wconf 89' lang='lat' dir='ltr'><strong>et</strong></span> <span class='ocrx_word' id='word_1_206' title='bbox 3466 1297 3867 1352; x_wconf 86' lang='lat' dir='ltr'><strong>resurrectione</strong></span> 
     </span>
    </p>
   </div>
   <div class='ocr_carea' id='block_1_29' title="bbox 2272 1387 3867 1459">
    <p class='ocr_par' dir='ltr' id='par_1_29' title="bbox 2272 1387 3867 1459">
     <span class='ocr_line' id='line_1_29' title="bbox 2272 1387 3867 1459; baseline 0.001 -15"><span class='ocrx_word' id='word_1_207' title='bbox 2272 1387 2495 1445; x_wconf 86' lang='lat' dir='ltr'><strong>Christi.</strong></span> <span class='ocrx_word' id='word_1_208' title='bbox 2530 1387 2597 1443; x_wconf 88' lang='lat' dir='ltr'><strong>Ut</strong></span> <span class='ocrx_word' id='word_1_209' title='bbox 2636 1389 2834 1442; x_wconf 85' lang='lat' dir='ltr'><strong>audivit</strong></span> <span class='ocrx_word' id='word_1_210' title='bbox 2885 1392 3055 1453; x_wconf 87' lang='lat' dir='ltr'><strong>turba,</strong></span> <span class='ocrx_word' id='word_1_211' title='bbox 3086 1388 3225 1459; x_wconf 89' lang='lat' dir='ltr'><strong>quod</strong></span> <span class='ocrx_word' id='word_1_212' title='bbox 3249 1388 3407 1444; x_wconf 88' lang='lat' dir='ltr'><strong>Iesus</strong></span> <span class='ocrx_word' id='word_1_213' title='bbox 3434 1391 3671 1458; x_wconf 86' lang='lat' dir='ltr'><strong>venisset,</strong></span> <span class='ocrx_word' id='word_1_214' title='bbox 3712 1408 3867 1447; x_wconf 87' lang='lat' dir='ltr'><strong>acce-</strong></span> 
     </span>
    </p>
   </div>
   <div class='ocr_carea' id='block_1_30' title="bbox 2273 1480 3871 1555">
    <p class='ocr_par' dir='ltr' id='par_1_30' title="bbox 2273 1480 3871 1555">
     <span class='ocr_line' id='line_1_30' title="bbox 2273 1480 3871 1555; baseline 0.004 -19"><span class='ocrx_word' id='word_1_215' title='bbox 2273 1492 2457 1555; x_wconf 84' lang='lat' dir='ltr'><strong>perunt</strong></span> <span class='ocrx_word' id='word_1_216' title='bbox 2487 1498 2661 1537; x_wconf 67' lang='lat' dir='ltr'><strong>ramos</strong></span> <span class='ocrx_word' id='word_1_217' title='bbox 2688 1483 3004 1553; x_wconf 89' lang='lat' dir='ltr'><strong>palmarum,</strong></span> <span class='ocrx_word' id='word_1_218' title='bbox 3022 1482 3221 1537; x_wconf 88' lang='lat' dir='ltr'><strong>obviam</strong></span> <span class='ocrx_word' id='word_1_219' title='bbox 3240 1480 3397 1539; x_wconf 82' lang='lat' dir='ltr'><strong>Iesus</strong></span> <span class='ocrx_word' id='word_1_220' title='bbox 3417 1485 3662 1551; x_wconf 75' lang='lat' dir='ltr'><strong>exierunt,</strong></span> <span class='ocrx_word' id='word_1_221' title='bbox 3678 1495 3871 1542; x_wconf 88' lang='lat' dir='ltr'><strong>osten-</strong></span> 
     </span>
    </p>
   </div>
   <div class='ocr_carea' id='block_1_31' title="bbox 2274 1575 3867 1649">
    <p class='ocr_par' dir='ltr' id='par_1_31' title="bbox 2274 1575 3867 1649">
     <span class='ocr_line' id='line_1_31' title="bbox 2274 1575 3867 1649; baseline 0.004 -17"><span class='ocrx_word' id='word_1_222' title='bbox 2274 1575 2375 1644; x_wconf 88' lang='lat' dir='ltr'><strong>dit,</strong></span> <span class='ocrx_word' id='word_1_223' title='bbox 2406 1579 2531 1649; x_wconf 85' lang='lat' dir='ltr'><strong>quia</strong></span> <span class='ocrx_word' id='word_1_224' title='bbox 2558 1590 2671 1633; x_wconf 90' lang='lat' dir='ltr'><strong>tres</strong></span> <span class='ocrx_word' id='word_1_225' title='bbox 2701 1578 3002 1634; x_wconf 88' lang='lat' dir='ltr'><strong>secundum</strong></span> <span class='ocrx_word' id='word_1_226' title='bbox 3031 1578 3324 1635; x_wconf 86' lang='lat' dir='ltr'><strong>adventum</strong></span> <span class='ocrx_word' id='word_1_227' title='bbox 3352 1591 3467 1649; x_wconf 92' lang='lat' dir='ltr'><strong>post</strong></span> <span class='ocrx_word' id='word_1_228' title='bbox 3495 1584 3867 1638; x_wconf 82' lang='lat' dir='ltr'><strong>resurrectio-</strong></span> 
     </span>
    </p>
   </div>
   <div class='ocr_carea' id='block_1_32' title="bbox 2277 1670 3867 1743">
    <p class='ocr_par' dir='ltr' id='par_1_32' title="bbox 2277 1670 3867 1743">
     <span class='ocr_line' id='line_1_32' title="bbox 2277 1670 3867 1743; baseline 0.004 -20"><span class='ocrx_word' id='word_1_229' title='bbox 2277 1685 2401 1724; x_wconf 90' lang='lat' dir='ltr'><strong>nem</strong></span> <span class='ocrx_word' id='word_1_230' title='bbox 2429 1670 2713 1739; x_wconf 87' lang='lat' dir='ltr'><strong>rapiuntur</strong></span> <span class='ocrx_word' id='word_1_231' title='bbox 2734 1671 2787 1726; x_wconf 92' lang='lat' dir='ltr'><strong>in</strong></span> <span class='ocrx_word' id='word_1_232' title='bbox 2822 1685 2945 1727; x_wconf 85' lang='lat' dir='ltr'><strong>aera</strong></span> <span class='ocrx_word' id='word_1_233' title='bbox 2975 1685 3100 1726; x_wconf 90' lang='lat' dir='ltr'><strong>cum</strong></span> <span class='ocrx_word' id='word_1_234' title='bbox 3130 1672 3384 1728; x_wconf 89' lang='lat' dir='ltr'><strong>Domino.</strong></span> <span class='ocrx_word' id='word_1_235' title='bbox 3405 1671 3601 1729; x_wconf 80' lang='lat' dir='ltr'><strong>Invenit</strong></span> <span class='ocrx_word' id='word_1_236' title='bbox 3628 1674 3867 1743; x_wconf 88' lang='lat' dir='ltr'><strong>asinum,</strong></span> 
     </span>
    </p>
   </div>
   <div class='ocr_carea' id='block_1_33' title="bbox 585 1757 3871 1839">
    <p class='ocr_par' dir='ltr' id='par_1_33' title="bbox 585 1757 3871 1839">
     <span class='ocr_line' id='line_1_33' title="bbox 585 1757 3871 1839; baseline -0.001 -15"><span class='ocrx_word' id='word_1_237' title='bbox 585 1777 668 1825; x_wconf 89' lang='lat' dir='ltr'><strong>est</strong></span> <span class='ocrx_word' id='word_1_238' title='bbox 688 1767 1072 1832; x_wconf 86' lang='lat' dir='ltr'><strong>essentialiter,</strong></span> <span class='ocrx_word' id='word_1_239' title='bbox 1096 1767 1184 1835; x_wconf 92' lang='lat' dir='ltr'><strong>qui</strong></span> <span class='ocrx_word' id='word_1_240' title='bbox 1214 1780 1434 1835; x_wconf 89' lang='lat' dir='ltr'><strong>semper</strong></span> <span class='ocrx_word' id='word_1_241' title='bbox 1464 1774 1566 1833; x_wconf 90' lang='lat' dir='ltr'><strong>est,</strong></span> <span class='ocrx_word' id='word_1_242' title='bbox 1599 1763 1652 1819; x_wconf 91' lang='lat' dir='ltr'><strong>id</strong></span> <span class='ocrx_word' id='word_1_243' title='bbox 1677 1774 1781 1830; x_wconf 92' lang='lat' dir='ltr'><strong>est,</strong></span> <span class='ocrx_word' id='word_1_244' title='bbox 1810 1763 1954 1819; x_wconf 92' lang='lat' dir='ltr'><strong>Deus</strong></span> <span class='ocrx_word' id='word_1_245' title='bbox 1988 1782 1999 1815; x_wconf 93' lang='lat'><strong>:</strong></span> <span class='ocrx_word' id='word_1_246' title='bbox 2028 1778 2169 1817; x_wconf 87' lang='lat' dir='ltr'><strong>nun-</strong></span> <span class='ocrx_word' id='word_1_247' title='bbox 2200 1757 2248 1816; x_wconf 91' lang='lat' dir='ltr'><strong>B</strong></span> <span class='ocrx_word' id='word_1_248' title='bbox 2276 1777 2377 1832; x_wconf 89' lang='lat' dir='ltr'><strong>per</strong></span> <span class='ocrx_word' id='word_1_249' title='bbox 2400 1763 2614 1818; x_wconf 87' lang='lat' dir='ltr'><strong>asinum</strong></span> <span class='ocrx_word' id='word_1_250' title='bbox 2644 1764 2904 1834; x_wconf 86' lang='lat' dir='ltr'><strong>populum</strong></span> <span class='ocrx_word' id='word_1_251' title='bbox 2928 1764 3219 1835; x_wconf 80' lang='lat' dir='ltr'><strong>gentilium</strong></span> <span class='ocrx_word' id='word_1_252' title='bbox 3244 1766 3509 1822; x_wconf 90' lang='lat' dir='ltr'><strong>ostendit:</strong></span> <span class='ocrx_word' id='word_1_253' title='bbox 3541 1768 3675 1823; x_wconf 87' lang='lat' dir='ltr'><strong>sedit</strong></span> <span class='ocrx_word' id='word_1_254' title='bbox 3710 1785 3871 1839; x_wconf 90' lang='lat' dir='ltr'><strong>super</strong></span> 
     </span>
    </p>
   </div>
   <div class='ocr_carea' id='block_1_34' title="bbox 585 1854 2175 1933">
    <p class='ocr_par' dir='ltr' id='par_1_34' title="bbox 585 1854 2175 1933">
     <span class='ocr_line' id='line_1_34' title="bbox 585 1854 2175 1933; baseline -0.006 -15"><span class='ocrx_word' id='word_1_255' title='bbox 585 1862 860 1933; x_wconf 88' lang='lat' dir='ltr'><strong>cupative,</strong></span> <span class='ocrx_word' id='word_1_256' title='bbox 909 1858 986 1915; x_wconf 90' lang='lat' dir='ltr'><strong>dii</strong></span> <span class='ocrx_word' id='word_1_257' title='bbox 1009 1859 1145 1915; x_wconf 86' lang='lat' dir='ltr'><strong>estis</strong></span> <span class='ocrx_word' id='word_1_258' title='bbox 1179 1876 1193 1912; x_wconf 88' lang='lat'><strong>:</strong></span> <span class='ocrx_word' id='word_1_259' title='bbox 1224 1857 1358 1912; x_wconf 89' lang='lat' dir='ltr'><strong>false</strong></span> <span class='ocrx_word' id='word_1_260' title='bbox 1396 1856 1529 1911; x_wconf 90' lang='lat' dir='ltr'><strong>deos</strong></span> <span class='ocrx_word' id='word_1_261' title='bbox 1563 1855 1698 1911; x_wconf 86' lang='lat' dir='ltr'><strong>dicit</strong></span> <span class='ocrx_word' id='word_1_262' title='bbox 1726 1856 2028 1922; x_wconf 71' lang='lat' dir='ltr'><strong>daemones,</strong></span> <span class='ocrx_word' id='word_1_263' title='bbox 2060 1854 2175 1909; x_wconf 85' lang='lat' dir='ltr'><strong>sive</strong></span> 
     </span>
    </p>
   </div>
   <div class='ocr_carea' id='block_1_35' title="bbox 548 1949 2174 2020">
    <p class='ocr_par' dir='ltr' id='par_1_35' title="bbox 548 1949 2174 2020">
     <span class='ocr_line' id='line_1_35' title="bbox 548 1949 2174 2020; baseline -0.007 -6"><span class='ocrx_word' id='word_1_264' title='bbox 548 2014 549 2017; x_wconf 39' lang='grc' dir='ltr'><strong>η</strong></span> <span class='ocrx_word' id='word_1_265' title='bbox 584 1955 749 2012; x_wconf 90' lang='lat' dir='ltr'><strong>idola.</strong></span> <span class='ocrx_word' id='word_1_266' title='bbox 797 1952 934 2009; x_wconf 80' lang='lat' dir='ltr'><strong>Abiit</strong></span> <span class='ocrx_word' id='word_1_267' title='bbox 980 1962 1123 2006; x_wconf 89' lang='lat' dir='ltr'><strong>trans</strong></span> <span class='ocrx_word' id='word_1_268' title='bbox 1153 1949 1462 2017; x_wconf 81' lang='lat' dir='ltr'><strong>Iordanem,</strong></span> <span class='ocrx_word' id='word_1_269' title='bbox 1493 1949 1547 2004; x_wconf 90' lang='lat' dir='ltr'><strong>id</strong></span> <span class='ocrx_word' id='word_1_270' title='bbox 1578 1960 1680 2016; x_wconf 88' lang='lat' dir='ltr'><strong>est,</strong></span> <span class='ocrx_word' id='word_1_271' title='bbox 1735 1950 1802 2004; x_wconf 90' lang='lat' dir='ltr'><strong>ad</strong></span> <span class='ocrx_word' id='word_1_272' title='bbox 1840 1960 2051 2020; x_wconf 89' lang='lat' dir='ltr'><strong>gentes,</strong></span> <span class='ocrx_word' id='word_1_273' title='bbox 2088 1949 2174 2003; x_wconf 88' lang='lat' dir='ltr'><strong>ubi</strong></span> 
     </span>
    </p>
   </div>
   <div class='ocr_carea' id='block_1_36' title="bbox 583 2044 2175 2118">
    <p class='ocr_par' dir='ltr' id='par_1_36' title="bbox 583 2044 2175 2118">
     <span class='ocr_line' id='line_1_36' title="bbox 583 2044 2175 2118; baseline -0.003 -15"><span class='ocrx_word' id='word_1_274' title='bbox 583 2048 817 2103; x_wconf 82' lang='lat' dir='ltr'><strong>Joannes</strong></span> <span class='ocrx_word' id='word_1_275' title='bbox 863 2046 1086 2118; x_wconf 85' lang='lat' dir='ltr'><strong>primum</strong></span> <span class='ocrx_word' id='word_1_276' title='bbox 1125 2044 1420 2116; x_wconf 75' lang='lat' dir='ltr'><strong>baptizans,</strong></span> <span class='ocrx_word' id='word_1_277' title='bbox 1477 2053 1524 2099; x_wconf 83' lang='lat' dir='ltr'><strong>et</strong></span> <span class='ocrx_word' id='word_1_278' title='bbox 1582 2045 1770 2099; x_wconf 83' lang='lat' dir='ltr'><strong>mansit</strong></span> <span class='ocrx_word' id='word_1_279' title='bbox 1810 2044 1901 2111; x_wconf 86' lang='lat' dir='ltr'><strong>ibi,</strong></span> <span class='ocrx_word' id='word_1_280' title='bbox 1932 2044 2175 2100; x_wconf 81' lang='lat' dir='ltr'><strong>ostendit</strong></span> 
     </span>
    </p>
   </div>
   <div class='ocr_carea' id='block_1_37' title="bbox 583 2133 2172 2208">
    <p class='ocr_par' dir='ltr' id='par_1_37' title="bbox 583 2133 2172 2208">
     <span class='ocr_line' id='line_1_37' title="bbox 583 2133 2172 2208; baseline -0.003 -14"><span class='ocrx_word' id='word_1_281' title='bbox 583 2136 909 2195; x_wconf 88' lang='lat' dir='ltr'><strong>Ecclesiam.</strong></span> <span class='ocrx_word' id='word_1_282' title='bbox 953 2136 1194 2191; x_wconf 86' lang='lat' dir='ltr'><strong>Lazarus</strong></span> <span class='ocrx_word' id='word_1_283' title='bbox 1237 2135 1432 2207; x_wconf 84' lang='lat' dir='ltr'><strong>figurat</strong></span> <span class='ocrx_word' id='word_1_284' title='bbox 1476 2133 1694 2191; x_wconf 80' lang='lat' dir='ltr'><strong>Iudaeos</strong></span> <span class='ocrx_word' id='word_1_285' title='bbox 1724 2136 1852 2208; x_wconf 89' lang='lat' dir='ltr'><strong>quia</strong></span> <span class='ocrx_word' id='word_1_286' title='bbox 1879 2136 2055 2193; x_wconf 77' lang='lat' dir='ltr'><strong>Judmi</strong></span> <span class='ocrx_word' id='word_1_287' title='bbox 2088 2137 2172 2191; x_wconf 93' lang='lat' dir='ltr'><strong>in-</strong></span> 
     </span>
    </p>
   </div>
   <div class='ocr_carea' id='block_1_38' title="bbox 586 2227 2176 2287">
    <p class='ocr_par' dir='ltr' id='par_1_38' title="bbox 586 2227 2176 2287">
     <span class='ocr_line' id='line_1_38' title="bbox 586 2227 2176 2287; baseline -0.003 0"><span class='ocrx_word' id='word_1_288' title='bbox 586 2230 729 2287; x_wconf 85' lang='lat' dir='ltr'><strong>firmi</strong></span> <span class='ocrx_word' id='word_1_289' title='bbox 771 2237 930 2287; x_wconf 89' lang='lat' dir='ltr'><strong>erant</strong></span> <span class='ocrx_word' id='word_1_290' title='bbox 958 2245 989 2284; x_wconf 89' lang='lat' dir='ltr'><strong>a</strong></span> <span class='ocrx_word' id='word_1_291' title='bbox 1015 2229 1118 2284; x_wconf 83' lang='lat' dir='ltr'><strong>title</strong></span> <span class='ocrx_word' id='word_1_292' title='bbox 1147 2228 1352 2285; x_wconf 88' lang='lat' dir='ltr'><strong>Christi</strong></span> <span class='ocrx_word' id='word_1_293' title='bbox 1385 2227 1633 2286; x_wconf 81' lang='lat' dir='ltr'><strong>:Martha</strong></span> <span class='ocrx_word' id='word_1_294' title='bbox 1675 2238 1727 2285; x_wconf 91' lang='lat' dir='ltr'><strong>et</strong></span> <span class='ocrx_word' id='word_1_295' title='bbox 1776 2229 1947 2284; x_wconf 85' lang='lat' dir='ltr'><strong>Maria</strong></span> <span class='ocrx_word' id='word_1_296' title='bbox 1973 2228 2176 2285; x_wconf 86' lang='lat' dir='ltr'><strong>doctri-</strong></span> 
     </span>
    </p>
   </div>
   <div class='ocr_carea' id='block_1_39' title="bbox 587 2319 2173 2392">
    <p class='ocr_par' dir='ltr' id='par_1_39' title="bbox 587 2319 2173 2392">
     <span class='ocr_line' id='line_1_39' title="bbox 587 2319 2173 2392; baseline -0.002 -13"><span class='ocrx_word' id='word_1_297' title='bbox 587 2339 713 2380; x_wconf 86' lang='lat' dir='ltr'><strong>nam</strong></span> <span class='ocrx_word' id='word_1_298' title='bbox 742 2322 1009 2379; x_wconf 90' lang='lat' dir='ltr'><strong>bonorum</strong></span> <span class='ocrx_word' id='word_1_299' title='bbox 1050 2320 1362 2377; x_wconf 75' lang='lat' dir='ltr'><strong>Judteurt‘tm</strong></span> <span class='ocrx_word' id='word_1_300' title='bbox 1417 2320 1679 2377; x_wconf 88' lang='lat' dir='ltr'><strong>ostendit.</strong></span> <span class='ocrx_word' id='word_1_301' title='bbox 1718 2319 1848 2376; x_wconf 80' lang='lat' dir='ltr'><strong>Htec</strong></span> <span class='ocrx_word' id='word_1_302' title='bbox 1894 2320 2173 2392; x_wconf 80' lang='lat' dir='ltr'><strong>inﬁrmitas</strong></span> 
     </span>
    </p>
   </div>
   <div class='ocr_carea' id='block_1_40' title="bbox 586 2413 2176 2484">
    <p class='ocr_par' dir='ltr' id='par_1_40' title="bbox 586 2413 2176 2484">
     <span class='ocr_line' id='line_1_40' title="bbox 586 2413 2176 2484; baseline -0.002 -12"><span class='ocrx_word' id='word_1_303' title='bbox 586 2433 692 2472; x_wconf 86' lang='lat' dir='ltr'><strong>non</strong></span> <span class='ocrx_word' id='word_1_304' title='bbox 719 2424 791 2470; x_wconf 85' lang='lat' dir='ltr'><strong>est</strong></span> <span class='ocrx_word' id='word_1_305' title='bbox 817 2414 885 2470; x_wconf 88' lang='lat' dir='ltr'><strong>ad</strong></span> <span class='ocrx_word' id='word_1_306' title='bbox 923 2424 1163 2482; x_wconf 86' lang='lat' dir='ltr'><strong>mortem,</strong></span> <span class='ocrx_word' id='word_1_307' title='bbox 1195 2413 1470 2481; x_wconf 88' lang='lat' dir='ltr'><strong>ostendit,</strong></span> <span class='ocrx_word' id='word_1_308' title='bbox 1516 2415 1641 2484; x_wconf 86' lang='lat' dir='ltr'><strong>quia</strong></span> <span class='ocrx_word' id='word_1_309' title='bbox 1678 2413 1771 2484; x_wconf 92' lang='lat' dir='ltr'><strong>qui</strong></span> <span class='ocrx_word' id='word_1_310' title='bbox 1801 2415 1999 2469; x_wconf 89' lang='lat' dir='ltr'><strong>mortui</strong></span> <span class='ocrx_word' id='word_1_311' title='bbox 2048 2422 2176 2469; x_wconf 89' lang='lat' dir='ltr'><strong>sunt</strong></span> 
     </span>
    </p>
   </div>
   <div class='ocr_carea' id='block_1_41' title="bbox 586 2507 2171 2577">
    <p class='ocr_par' dir='ltr' id='par_1_41' title="bbox 586 2507 2171 2577">
     <span class='ocr_line' id='line_1_41' title="bbox 586 2507 2171 2577; baseline -0.003 -10"><span class='ocrx_word' id='word_1_312' title='bbox 586 2510 930 2576; x_wconf 79' lang='lat' dir='ltr'><strong>hominibus,</strong></span> <span class='ocrx_word' id='word_1_313' title='bbox 948 2508 1059 2565; x_wconf 90' lang='lat' dir='ltr'><strong>Deo</strong></span> <span class='ocrx_word' id='word_1_314' title='bbox 1090 2508 1274 2564; x_wconf 81' lang='lat' dir='ltr'><strong>vivent</strong></span> <span class='ocrx_word' id='word_1_315' title='bbox 1302 2524 1317 2563; x_wconf 89' lang='lat'><strong>:</strong></span> <span class='ocrx_word' id='word_1_316' title='bbox 1349 2509 1540 2562; x_wconf 81' lang='lat' dir='ltr'><strong>mansit</strong></span> <span class='ocrx_word' id='word_1_317' title='bbox 1570 2509 1642 2563; x_wconf 87' lang='lat' dir='ltr'><strong>ibi</strong></span> <span class='ocrx_word' id='word_1_318' title='bbox 1662 2508 1794 2561; x_wconf 88' lang='lat' dir='ltr'><strong>duos</strong></span> <span class='ocrx_word' id='word_1_319' title='bbox 1825 2509 1955 2574; x_wconf 86' lang='lat' dir='ltr'><strong>dies,</strong></span> <span class='ocrx_word' id='word_1_320' title='bbox 1989 2507 2042 2563; x_wconf 92' lang='lat' dir='ltr'><strong>id</strong></span> <span class='ocrx_word' id='word_1_321' title='bbox 2068 2517 2171 2577; x_wconf 91' lang='lat' dir='ltr'><strong>est,</strong></span> 
     </span>
    </p>
   </div>
   <div class='ocr_carea' id='block_1_42' title="bbox 583 2599 2174 2669">
    <p class='ocr_par' dir='ltr' id='par_1_42' title="bbox 583 2599 2174 2669">
     <span class='ocr_line' id='line_1_42' title="bbox 583 2599 2174 2669; baseline -0.004 -6"><span class='ocrx_word' id='word_1_322' title='bbox 583 2604 693 2665; x_wconf 85' lang='lat' dir='ltr'><strong>duo</strong></span> <span class='ocrx_word' id='word_1_323' title='bbox 724 2603 1093 2660; x_wconf 86' lang='lat' dir='ltr'><strong>Testamenta.</strong></span> <span class='ocrx_word' id='word_1_324' title='bbox 1134 2600 1331 2655; x_wconf 85' lang='lat' dir='ltr'><strong>Eamus</strong></span> <span class='ocrx_word' id='word_1_325' title='bbox 1360 2602 1550 2655; x_wconf 87' lang='lat' dir='ltr'><strong>iterum</strong></span> <span class='ocrx_word' id='word_1_326' title='bbox 1589 2602 1645 2655; x_wconf 88' lang='lat' dir='ltr'><strong>in</strong></span> <span class='ocrx_word' id='word_1_327' title='bbox 1685 2599 1950 2669; x_wconf 73' lang='lat' dir='ltr'><strong>Iudazam,</strong></span> <span class='ocrx_word' id='word_1_328' title='bbox 1988 2617 2174 2657; x_wconf 87' lang='lat' dir='ltr'><strong>rever-</strong></span> 
     </span>
    </p>
   </div>
   <div class='ocr_carea' id='block_1_43' title="bbox 586 2692 2173 2763">
    <p class='ocr_par' dir='ltr' id='par_1_43' title="bbox 586 2692 2173 2763">
     <span class='ocr_line' id='line_1_43' title="bbox 586 2692 2173 2763; baseline -0.003 -8"><span class='ocrx_word' id='word_1_329' title='bbox 586 2713 703 2755; x_wconf 87' lang='lat' dir='ltr'><strong>sam</strong></span> <span class='ocrx_word' id='word_1_330' title='bbox 745 2696 907 2752; x_wconf 83' lang='lat' dir='ltr'><strong>ﬁdem</strong></span> <span class='ocrx_word' id='word_1_331' title='bbox 933 2696 986 2749; x_wconf 92' lang='lat' dir='ltr'><strong>in</strong></span> <span class='ocrx_word' id='word_1_332' title='bbox 1012 2693 1231 2749; x_wconf 81' lang='lat' dir='ltr'><strong>Iudaeos</strong></span> <span class='ocrx_word' id='word_1_333' title='bbox 1260 2708 1358 2763; x_wconf 87' lang='lat' dir='ltr'><strong>per</strong></span> <span class='ocrx_word' id='word_1_334' title='bbox 1398 2694 1573 2748; x_wconf 84' lang='lat' dir='ltr'><strong>Etiam</strong></span> <span class='ocrx_word' id='word_1_335' title='bbox 1601 2702 1658 2748; x_wconf 90' lang='lat' dir='ltr'><strong>et</strong></span> <span class='ocrx_word' id='word_1_336' title='bbox 1699 2692 1887 2748; x_wconf 79' lang='lat' dir='ltr'><strong>Enocli</strong></span> <span class='ocrx_word' id='word_1_337' title='bbox 1917 2692 1971 2747; x_wconf 92' lang='lat' dir='ltr'><strong>in</strong></span> <span class='ocrx_word' id='word_1_338' title='bbox 2011 2693 2173 2750; x_wconf 89' lang='lat' dir='ltr'><strong>finem</strong></span> 
     </span>
    </p>
   </div>
   <div class='ocr_carea' id='block_1_44' title="bbox 585 2784 2170 2851">
    <p class='ocr_par' dir='ltr' id='par_1_44' title="bbox 585 2784 2170 2851">
     <span class='ocr_line' id='line_1_44' title="bbox 585 2784 2170 2851; baseline -0.003 -7"><span class='ocrx_word' id='word_1_339' title='bbox 585 2787 775 2845; x_wconf 89' lang='lat' dir='ltr'><strong>mundi</strong></span> <span class='ocrx_word' id='word_1_340' title='bbox 809 2805 822 2841; x_wconf 89' lang='lat'><strong>:</strong></span> <span class='ocrx_word' id='word_1_341' title='bbox 854 2786 1129 2839; x_wconf 80' lang='lat' dir='ltr'><strong>duodecim</strong></span> <span class='ocrx_word' id='word_1_342' title='bbox 1171 2784 1314 2839; x_wconf 74' lang='lat' dir='ltr'><strong>hora:</strong></span> <span class='ocrx_word' id='word_1_343' title='bbox 1358 2794 1474 2839; x_wconf 88' lang='lat' dir='ltr'><strong>sunt</strong></span> <span class='ocrx_word' id='word_1_344' title='bbox 1497 2784 1621 2851; x_wconf 90' lang='lat' dir='ltr'><strong>diei,</strong></span> <span class='ocrx_word' id='word_1_345' title='bbox 1641 2784 1759 2840; x_wconf 90' lang='lat' dir='ltr'><strong>dies</strong></span> <span class='ocrx_word' id='word_1_346' title='bbox 1782 2784 2029 2841; x_wconf 87' lang='lat' dir='ltr'><strong>Christus</strong></span> <span class='ocrx_word' id='word_1_347' title='bbox 2049 2794 2170 2841; x_wconf 91' lang='lat' dir='ltr'><strong>est:</strong></span> 
     </span>
    </p>
   </div>
   <div class='ocr_carea' id='block_1_45' title="bbox 586 2876 2175 2951">
    <p class='ocr_par' dir='ltr' id='par_1_45' title="bbox 586 2876 2175 2951">
     <span class='ocr_line' id='line_1_45' title="bbox 586 2876 2175 2951; baseline -0.003 -14"><span class='ocrx_word' id='word_1_348' title='bbox 586 2879 874 2938; x_wconf 90' lang='lat' dir='ltr'><strong>duodecim</strong></span> <span class='ocrx_word' id='word_1_349' title='bbox 912 2878 1085 2943; x_wconf 85' lang='lat' dir='ltr'><strong>horae,</strong></span> <span class='ocrx_word' id='word_1_350' title='bbox 1112 2876 1398 2934; x_wconf 90' lang='lat' dir='ltr'><strong>duodecim</strong></span> <span class='ocrx_word' id='word_1_351' title='bbox 1433 2878 1701 2949; x_wconf 88' lang='lat' dir='ltr'><strong>apostoli:</strong></span> <span class='ocrx_word' id='word_1_352' title='bbox 1734 2879 1779 2933; x_wconf 93' lang='lat' dir='ltr'><strong>si</strong></span> <span class='ocrx_word' id='word_1_353' title='bbox 1797 2879 1913 2951; x_wconf 87' lang='lat' dir='ltr'><strong>quis</strong></span> <span class='ocrx_word' id='word_1_354' title='bbox 1937 2878 2175 2935; x_wconf 88' lang='lat' dir='ltr'><strong>ambula-</strong></span> 
     </span>
    </p>
   </div>
   <div class='ocr_carea' id='block_1_46' title="bbox 585 2970 2173 3041">
    <p class='ocr_par' dir='ltr' id='par_1_46' title="bbox 585 2970 2173 3041">
     <span class='ocr_line' id='line_1_46' title="bbox 585 2970 2173 3041; baseline 0 -11"><span class='ocrx_word' id='word_1_355' title='bbox 585 2973 713 3030; x_wconf 84' lang='lat' dir='ltr'><strong>verit</strong></span> <span class='ocrx_word' id='word_1_356' title='bbox 741 2972 797 3026; x_wconf 89' lang='lat' dir='ltr'><strong>in</strong></span> <span class='ocrx_word' id='word_1_357' title='bbox 841 2971 924 3025; x_wconf 90' lang='lat' dir='ltr'><strong>die</strong></span> <span class='ocrx_word' id='word_1_358' title='bbox 952 2987 1060 3026; x_wconf 90' lang='lat' dir='ltr'><strong>non</strong></span> <span class='ocrx_word' id='word_1_359' title='bbox 1089 2971 1335 3039; x_wconf 76' lang='lat' dir='ltr'><strong>o/fendit:</strong></span> <span class='ocrx_word' id='word_1_360' title='bbox 1387 2970 1444 3027; x_wconf 89' lang='lat' dir='ltr'><strong>in</strong></span> <span class='ocrx_word' id='word_1_361' title='bbox 1478 2971 1590 3039; x_wconf 91' lang='lat' dir='ltr'><strong>die,</strong></span> <span class='ocrx_word' id='word_1_362' title='bbox 1630 2974 1681 3028; x_wconf 94' lang='lat' dir='ltr'><strong>id</strong></span> <span class='ocrx_word' id='word_1_363' title='bbox 1710 2982 1815 3041; x_wconf 88' lang='lat' dir='ltr'><strong>est,</strong></span> <span class='ocrx_word' id='word_1_364' title='bbox 1845 2975 1900 3030; x_wconf 88' lang='lat' dir='ltr'><strong>in</strong></span> <span class='ocrx_word' id='word_1_365' title='bbox 1928 2974 2173 3030; x_wconf 88' lang='lat' dir='ltr'><strong>doctrina</strong></span> 
     </span>
    </p>
   </div>
   <div class='ocr_carea' id='block_1_47' title="bbox 589 3064 2167 3138">
    <p class='ocr_par' dir='ltr' id='par_1_47' title="bbox 589 3064 2167 3138">
     <span class='ocr_line' id='line_1_47' title="bbox 589 3064 2167 3138; baseline -0.002 -15"><span class='ocrx_word' id='word_1_366' title='bbox 589 3066 828 3135; x_wconf 90' lang='lat' dir='ltr'><strong>Christi,</strong></span> <span class='ocrx_word' id='word_1_367' title='bbox 859 3073 955 3121; x_wconf 92' lang='lat' dir='ltr'><strong>aut</strong></span> <span class='ocrx_word' id='word_1_368' title='bbox 982 3064 1377 3138; x_wconf 86' lang='lat' dir='ltr'><strong>apostolorum,</strong></span> <span class='ocrx_word' id='word_1_369' title='bbox 1408 3082 1518 3122; x_wconf 89' lang='lat' dir='ltr'><strong>non</strong></span> <span class='ocrx_word' id='word_1_370' title='bbox 1547 3064 1777 3123; x_wconf 71' lang='lat' dir='ltr'><strong>olfendit</strong></span> <span class='ocrx_word' id='word_1_371' title='bbox 1809 3066 1862 3121; x_wconf 93' lang='lat' dir='ltr'><strong>in</strong></span> <span class='ocrx_word' id='word_1_372' title='bbox 1897 3075 2122 3138; x_wconf 89' lang='lat' dir='ltr'><strong>peccato</strong></span> <span class='ocrx_word' id='word_1_373' title='bbox 2155 3085 2167 3120; x_wconf 94' lang='lat'><strong>:</strong></span> 
     </span>
    </p>
   </div>
   <div class='ocr_carea' id='block_1_48' title="bbox 2280 1854 3864 1929">
    <p class='ocr_par' dir='ltr' id='par_1_48' title="bbox 2280 1854 3864 1929">
     <span class='ocr_line' id='line_1_48' title="bbox 2280 1854 3864 1929; baseline 0.005 -20"><span class='ocrx_word' id='word_1_374' title='bbox 2280 1871 2419 1922; x_wconf 88' lang='lat' dir='ltr'><strong>eum,</strong></span> <span class='ocrx_word' id='word_1_375' title='bbox 2475 1854 2529 1910; x_wconf 93' lang='lat' dir='ltr'><strong>id</strong></span> <span class='ocrx_word' id='word_1_376' title='bbox 2582 1864 2686 1925; x_wconf 89' lang='lat' dir='ltr'><strong>est,</strong></span> <span class='ocrx_word' id='word_1_377' title='bbox 2741 1872 2838 1927; x_wconf 90' lang='lat' dir='ltr'><strong>per</strong></span> <span class='ocrx_word' id='word_1_378' title='bbox 2871 1858 3271 1914; x_wconf 90' lang='lat' dir='ltr'><strong>confessionem</strong></span> <span class='ocrx_word' id='word_1_379' title='bbox 3318 1858 3465 1914; x_wconf 81' lang='lat' dir='ltr'><strong>fidei.</strong></span> <span class='ocrx_word' id='word_1_380' title='bbox 3498 1858 3627 1915; x_wconf 85' lang='lat' dir='ltr'><strong>Noli</strong></span> <span class='ocrx_word' id='word_1_381' title='bbox 3666 1862 3864 1929; x_wconf 87' lang='lat' dir='ltr'><strong>timere,</strong></span> 
     </span>
    </p>
   </div>
   <div class='ocr_carea' id='block_1_49' title="bbox 2278 1950 3863 2025">
    <p class='ocr_par' dir='ltr' id='par_1_49' title="bbox 2278 1950 3863 2025">
     <span class='ocr_line' id='line_1_49' title="bbox 2278 1950 3863 2025; baseline 0.001 -18"><span class='ocrx_word' id='word_1_382' title='bbox 2278 1950 2642 2021; x_wconf 87' lang='lat' dir='ltr'><strong>perditionem</strong></span> <span class='ocrx_word' id='word_1_383' title='bbox 2665 1962 2811 2006; x_wconf 88' lang='lat' dir='ltr'><strong>tuam</strong></span> <span class='ocrx_word' id='word_1_384' title='bbox 2832 1967 2846 2004; x_wconf 90' lang='lat'><strong>:</strong></span> <span class='ocrx_word' id='word_1_385' title='bbox 2866 1952 2988 2021; x_wconf 86' lang='lat' dir='ltr'><strong>quia</strong></span> <span class='ocrx_word' id='word_1_386' title='bbox 3010 1951 3253 2008; x_wconf 86' lang='lat' dir='ltr'><strong>Salvator</strong></span> <span class='ocrx_word' id='word_1_387' title='bbox 3270 1962 3393 2008; x_wconf 87' lang='lat' dir='ltr'><strong>tuus</strong></span> <span class='ocrx_word' id='word_1_388' title='bbox 3412 1954 3565 2023; x_wconf 87' lang='lat' dir='ltr'><strong>venit,</strong></span> <span class='ocrx_word' id='word_1_389' title='bbox 3582 1954 3696 2025; x_wconf 80' lang='lat' dir='ltr'><strong>ﬁlia</strong></span> <span class='ocrx_word' id='word_1_390' title='bbox 3713 1957 3863 2023; x_wconf 84' lang='lat' dir='ltr'><strong>Sion,</strong></span> 
     </span>
    </p>
   </div>
   <div class='ocr_carea' id='block_1_50' title="bbox 2279 2043 3866 2115">
    <p class='ocr_par' dir='ltr' id='par_1_50' title="bbox 2279 2043 3866 2115">
     <span class='ocr_line' id='line_1_50' title="bbox 2279 2043 3866 2115; baseline 0.003 -17"><span class='ocrx_word' id='word_1_391' title='bbox 2279 2043 2517 2100; x_wconf 87' lang='lat' dir='ltr'><strong>ostendit</strong></span> <span class='ocrx_word' id='word_1_392' title='bbox 2540 2046 3019 2115; x_wconf 88' lang='lat' dir='ltr'><strong>congregationem</strong></span> <span class='ocrx_word' id='word_1_393' title='bbox 3047 2043 3292 2100; x_wconf 73' lang='lat' dir='ltr'><strong>ﬁdelium</strong></span> <span class='ocrx_word' id='word_1_394' title='bbox 3318 2061 3390 2102; x_wconf 79' lang='lat' dir='ltr'><strong>ex</strong></span> <span class='ocrx_word' id='word_1_395' title='bbox 3413 2046 3617 2102; x_wconf 69' lang='lat' dir='ltr'><strong>Iudaeis</strong></span> <span class='ocrx_word' id='word_1_396' title='bbox 3647 2056 3701 2103; x_wconf 90' lang='lat' dir='ltr'><strong>et</strong></span> <span class='ocrx_word' id='word_1_397' title='bbox 3725 2046 3866 2103; x_wconf 85' lang='lat' dir='ltr'><strong>Gen-</strong></span> 
     </span>
    </p>
   </div>
   <div class='ocr_carea' id='block_1_51' title="bbox 2286 2137 3867 2212">
    <p class='ocr_par' dir='ltr' id='par_1_51' title="bbox 2286 2137 3867 2212">
     <span class='ocr_line' id='line_1_51' title="bbox 2286 2137 3867 2212; baseline 0.004 -21"><span class='ocrx_word' id='word_1_398' title='bbox 2286 2138 2457 2193; x_wconf 90' lang='lat' dir='ltr'><strong>tibus.</strong></span> <span class='ocrx_word' id='word_1_399' title='bbox 2491 2137 2655 2193; x_wconf 89' lang='lat' dir='ltr'><strong>Totus</strong></span> <span class='ocrx_word' id='word_1_400' title='bbox 2679 2138 2903 2193; x_wconf 89' lang='lat' dir='ltr'><strong>mundus</strong></span> <span class='ocrx_word' id='word_1_401' title='bbox 2932 2149 3181 2209; x_wconf 85' lang='lat' dir='ltr'><strong>posteum</strong></span> <span class='ocrx_word' id='word_1_402' title='bbox 3205 2140 3351 2207; x_wconf 88' lang='lat' dir='ltr'><strong>abiit,</strong></span> <span class='ocrx_word' id='word_1_403' title='bbox 3393 2142 3518 2211; x_wconf 87' lang='lat' dir='ltr'><strong>quia</strong></span> <span class='ocrx_word' id='word_1_404' title='bbox 3547 2157 3644 2212; x_wconf 88' lang='lat' dir='ltr'><strong>per</strong></span> <span class='ocrx_word' id='word_1_405' title='bbox 3665 2142 3867 2212; x_wconf 89' lang='lat' dir='ltr'><strong>passio-</strong></span> 
     </span>
    </p>
   </div>
   <div class='ocr_carea' id='block_1_52' title="bbox 2278 2233 3865 2292">
    <p class='ocr_par' dir='ltr' id='par_1_52' title="bbox 2278 2233 3865 2292">
     <span class='ocr_line' id='line_1_52' title="bbox 2278 2233 3865 2292; baseline 0.005 -8"><span class='ocrx_word' id='word_1_406' title='bbox 2278 2244 2405 2285; x_wconf 90' lang='lat' dir='ltr'><strong>nem</strong></span> <span class='ocrx_word' id='word_1_407' title='bbox 2453 2239 2509 2286; x_wconf 89' lang='lat' dir='ltr'><strong>et</strong></span> <span class='ocrx_word' id='word_1_408' title='bbox 2555 2233 3016 2288; x_wconf 89' lang='lat' dir='ltr'><strong>resurrectionem</strong></span> <span class='ocrx_word' id='word_1_409' title='bbox 3062 2246 3219 2288; x_wconf 88' lang='lat' dir='ltr'><strong>suam</strong></span> <span class='ocrx_word' id='word_1_410' title='bbox 3260 2242 3431 2289; x_wconf 92' lang='lat' dir='ltr'><strong>totum</strong></span> <span class='ocrx_word' id='word_1_411' title='bbox 3486 2236 3749 2291; x_wconf 91' lang='lat' dir='ltr'><strong>mundum</strong></span> <span class='ocrx_word' id='word_1_412' title='bbox 3796 2235 3865 2292; x_wconf 91' lang='lat' dir='ltr'><strong>de</strong></span> 
     </span>
    </p>
   </div>
   <div class='ocr_carea' id='block_1_53' title="bbox 2276 2331 3867 2400">
    <p class='ocr_par' dir='ltr' id='par_1_53' title="bbox 2276 2331 3867 2400">
     <span class='ocr_line' id='line_1_53' title="bbox 2276 2331 3867 2400; baseline 0 -15"><span class='ocrx_word' id='word_1_413' title='bbox 2276 2340 2498 2400; x_wconf 89' lang='lat' dir='ltr'><strong>peccato</strong></span> <span class='ocrx_word' id='word_1_414' title='bbox 2524 2331 2792 2387; x_wconf 88' lang='lat' dir='ltr'><strong>redemit:</strong></span> <span class='ocrx_word' id='word_1_415' title='bbox 2844 2340 2901 2387; x_wconf 91' lang='lat' dir='ltr'><strong>et</strong></span> <span class='ocrx_word' id='word_1_416' title='bbox 2945 2342 3165 2389; x_wconf 90' lang='lat' dir='ltr'><strong>secutus</strong></span> <span class='ocrx_word' id='word_1_417' title='bbox 3217 2341 3300 2387; x_wconf 90' lang='lat' dir='ltr'><strong>est</strong></span> <span class='ocrx_word' id='word_1_418' title='bbox 3329 2346 3475 2388; x_wconf 92' lang='lat' dir='ltr'><strong>eum.</strong></span> <span class='ocrx_word' id='word_1_419' title='bbox 3525 2332 3867 2387; x_wconf 80' lang='lat' dir='ltr'><strong>Accesserunt</strong></span> 
     </span>
    </p>
   </div>
   <div class='ocr_carea' id='block_1_54' title="bbox 2277 2420 3872 2495">
    <p class='ocr_par' dir='ltr' id='par_1_54' title="bbox 2277 2420 3872 2495">
     <span class='ocr_line' id='line_1_54' title="bbox 2277 2420 3872 2495; baseline 0.003 -21"><span class='ocrx_word' id='word_1_420' title='bbox 2277 2420 2347 2474; x_wconf 90' lang='lat' dir='ltr'><strong>ad</strong></span> <span class='ocrx_word' id='word_1_421' title='bbox 2378 2420 2705 2495; x_wconf 81' lang='lat' dir='ltr'><strong>Philippum,</strong></span> <span class='ocrx_word' id='word_1_422' title='bbox 2736 2432 2781 2477; x_wconf 89' lang='lat' dir='ltr'><strong>et</strong></span> <span class='ocrx_word' id='word_1_423' title='bbox 2806 2424 3081 2495; x_wconf 86' lang='lat' dir='ltr'><strong>rogabant,</strong></span> <span class='ocrx_word' id='word_1_424' title='bbox 3110 2435 3166 2479; x_wconf 92' lang='lat' dir='ltr'><strong>ut</strong></span> <span class='ocrx_word' id='word_1_425' title='bbox 3198 2424 3426 2478; x_wconf 87' lang='lat' dir='ltr'><strong>viderent</strong></span> <span class='ocrx_word' id='word_1_426' title='bbox 3448 2424 3642 2489; x_wconf 85' lang='lat' dir='ltr'><strong>Iesum,</strong></span> <span class='ocrx_word' id='word_1_427' title='bbox 3678 2434 3872 2479; x_wconf 83' lang='lat' dir='ltr'><strong>osten-</strong></span> 
     </span>
    </p>
   </div>
   <div class='ocr_carea' id='block_1_55' title="bbox 2277 2512 3868 2586">
    <p class='ocr_par' dir='ltr' id='par_1_55' title="bbox 2277 2512 3868 2586">
     <span class='ocr_line' id='line_1_55' title="bbox 2277 2512 3868 2586; baseline 0.004 -18"><span class='ocrx_word' id='word_1_428' title='bbox 2277 2512 2355 2568; x_wconf 89' lang='lat' dir='ltr'><strong>dit</strong></span> <span class='ocrx_word' id='word_1_429' title='bbox 2384 2522 2573 2582; x_wconf 87' lang='lat' dir='ltr'><strong>gentes</strong></span> <span class='ocrx_word' id='word_1_430' title='bbox 2595 2524 2692 2586; x_wconf 90' lang='lat' dir='ltr'><strong>per</strong></span> <span class='ocrx_word' id='word_1_431' title='bbox 2714 2516 3157 2586; x_wconf 81' lang='lat' dir='ltr'><strong>praedicationem</strong></span> <span class='ocrx_word' id='word_1_432' title='bbox 3184 2516 3546 2585; x_wconf 87' lang='lat' dir='ltr'><strong>apostolorum</strong></span> <span class='ocrx_word' id='word_1_433' title='bbox 3566 2531 3868 2574; x_wconf 87' lang='lat' dir='ltr'><strong>conversas</strong></span> 
     </span>
    </p>
   </div>
   <div class='ocr_carea' id='block_1_56' title="bbox 2278 2605 3873 2680">
    <p class='ocr_par' dir='ltr' id='par_1_56' title="bbox 2278 2605 3873 2680">
     <span class='ocr_line' id='line_1_56' title="bbox 2278 2605 3873 2680; baseline 0.002 -19"><span class='ocrx_word' id='word_1_434' title='bbox 2278 2606 2345 2661; x_wconf 90' lang='lat' dir='ltr'><strong>ad</strong></span> <span class='ocrx_word' id='word_1_435' title='bbox 2377 2605 2570 2662; x_wconf 82' lang='lat' dir='ltr'><strong>ﬁdem:</strong></span> <span class='ocrx_word' id='word_1_436' title='bbox 2609 2624 2832 2679; x_wconf 86' lang='lat' dir='ltr'><strong>granum</strong></span> <span class='ocrx_word' id='word_1_437' title='bbox 2882 2610 3073 2679; x_wconf 77' lang='lat' dir='ltr'><strong>tritici,</strong></span> <span class='ocrx_word' id='word_1_438' title='bbox 3106 2609 3335 2680; x_wconf 78' lang='lat' dir='ltr'><strong>ﬁguram</strong></span> <span class='ocrx_word' id='word_1_439' title='bbox 3364 2608 3563 2665; x_wconf 83' lang='lat' dir='ltr'><strong>Christi</strong></span> <span class='ocrx_word' id='word_1_440' title='bbox 3595 2618 3783 2667; x_wconf 88' lang='lat' dir='ltr'><strong>tenet:</strong></span> <span class='ocrx_word' id='word_1_441' title='bbox 3823 2612 3873 2665; x_wconf 89' lang='lat' dir='ltr'><strong>si</strong></span> 
     </span>
    </p>
   </div>
   <div class='ocr_carea' id='block_1_57' title="bbox 2277 2702 3867 2775">
    <p class='ocr_par' dir='ltr' id='par_1_57' title="bbox 2277 2702 3867 2775">
     <span class='ocr_line' id='line_1_57' title="bbox 2277 2702 3867 2775; baseline 0.004 -23"><span class='ocrx_word' id='word_1_442' title='bbox 2277 2712 2539 2754; x_wconf 87' lang='lat' dir='ltr'><strong>mortuum</strong></span> <span class='ocrx_word' id='word_1_443' title='bbox 2578 2702 2761 2772; x_wconf 80' lang='lat' dir='ltr'><strong>fuerit,</strong></span> <span class='ocrx_word' id='word_1_444' title='bbox 2808 2703 2975 2758; x_wconf 88' lang='lat' dir='ltr'><strong>multa</strong></span> <span class='ocrx_word' id='word_1_445' title='bbox 3027 2719 3199 2775; x_wconf 86' lang='lat' dir='ltr'><strong>grana</strong></span> <span class='ocrx_word' id='word_1_446' title='bbox 3250 2704 3443 2759; x_wconf 86' lang='lat' dir='ltr'><strong>afl&#39;ert:</strong></span> <span class='ocrx_word' id='word_1_447' title='bbox 3482 2704 3561 2759; x_wconf 89' lang='lat' dir='ltr'><strong>sic</strong></span> <span class='ocrx_word' id='word_1_448' title='bbox 3608 2714 3664 2760; x_wconf 89' lang='lat' dir='ltr'><strong>et</strong></span> <span class='ocrx_word' id='word_1_449' title='bbox 3710 2703 3867 2760; x_wconf 90' lang='lat' dir='ltr'><strong>Chri-</strong></span> 
     </span>
    </p>
   </div>
   <div class='ocr_carea' id='block_1_58' title="bbox 2276 2793 3587 2865">
    <p class='ocr_par' dir='ltr' id='par_1_58' title="bbox 2276 2793 3587 2865">
     <span class='ocr_line' id='line_1_58' title="bbox 2276 2793 3587 2865; baseline 0.003 -18"><span class='ocrx_word' id='word_1_450' title='bbox 2276 2800 2397 2847; x_wconf 85' lang='lat' dir='ltr'><strong>stus</strong></span> <span class='ocrx_word' id='word_1_451' title='bbox 2430 2799 2456 2828; x_wconf 66' lang='grc' dir='ltr'><strong>α</strong></span> <span class='ocrx_word' id='word_1_452' title='bbox 2482 2832 2495 2845; x_wconf 93' lang='grc'><strong>.</strong></span> <span class='ocrx_word' id='word_1_453' title='bbox 2519 2832 2532 2845; x_wconf 90' lang='grc'><strong>.</strong></span> <span class='ocrx_word' id='word_1_454' title='bbox 2555 2831 2572 2847; x_wconf 93' lang='grc'><strong>.</strong></span> <span class='ocrx_word' id='word_1_455' title='bbox 2592 2833 2605 2846; x_wconf 93' lang='grc'><strong>.</strong></span> <span class='ocrx_word' id='word_1_456' title='bbox 2634 2833 2646 2847; x_wconf 95' lang='grc'><strong>.</strong></span> <span class='ocrx_word' id='word_1_457' title='bbox 2679 2793 3059 2865; x_wconf 88' lang='lat' dir='ltr'><strong>multiplicavit</strong></span> <span class='ocrx_word' id='word_1_458' title='bbox 3087 2794 3386 2851; x_wconf 77' lang='lat' dir='ltr'><strong>Ecclesium</strong></span> <span class='ocrx_word' id='word_1_459' title='bbox 3406 2810 3587 2851; x_wconf 88' lang='lat' dir='ltr'><strong>suam.</strong></span> 
     </span>
    </p>
   </div>
   <div class='ocr_carea' id='block_1_59' title="bbox 2349 2883 3867 2961">
    <p class='ocr_par' dir='ltr' id='par_1_59' title="bbox 2349 2883 3867 2961">
     <span class='ocr_line' id='line_1_59' title="bbox 2349 2883 3867 2961; baseline 0.005 -22"><span class='ocrx_word' id='word_1_460' title='bbox 2349 2883 2670 2957; x_wconf 77' lang='lat' dir='ltr'><strong>Clariﬁcavi,</strong></span> <span class='ocrx_word' id='word_1_461' title='bbox 2700 2898 2748 2942; x_wconf 89' lang='lat' dir='ltr'><strong>et</strong></span> <span class='ocrx_word' id='word_1_462' title='bbox 2778 2889 2966 2944; x_wconf 85' lang='lat' dir='ltr'><strong>iterum</strong></span> <span class='ocrx_word' id='word_1_463' title='bbox 2990 2891 3312 2961; x_wconf 82' lang='lat' dir='ltr'><strong>clariﬁcabo,</strong></span> <span class='ocrx_word' id='word_1_464' title='bbox 3344 2892 3395 2946; x_wconf 92' lang='lat' dir='ltr'><strong>id</strong></span> <span class='ocrx_word' id='word_1_465' title='bbox 3420 2901 3525 2957; x_wconf 90' lang='lat' dir='ltr'><strong>est,</strong></span> <span class='ocrx_word' id='word_1_466' title='bbox 3559 2890 3867 2947; x_wconf 85' lang='lat' dir='ltr'><strong>clarificasti</strong></span> 
     </span>
    </p>
   </div>
   <div class='ocr_carea' id='block_1_60' title="bbox 2276 2978 3866 3052">
    <p class='ocr_par' dir='ltr' id='par_1_60' title="bbox 2276 2978 3866 3052">
     <span class='ocr_line' id='line_1_60' title="bbox 2276 2978 3866 3052; baseline 0.004 -19"><span class='ocrx_word' id='word_1_467' title='bbox 2276 2978 2428 3034; x_wconf 91' lang='lat' dir='ltr'><strong>illum</strong></span> <span class='ocrx_word' id='word_1_468' title='bbox 2470 2981 2524 3035; x_wconf 90' lang='lat' dir='ltr'><strong>in</strong></span> <span class='ocrx_word' id='word_1_469' title='bbox 2550 2982 2949 3040; x_wconf 85' lang='lat' dir='ltr'><strong>resurrectione</strong></span> <span class='ocrx_word' id='word_1_470' title='bbox 2988 2984 3198 3052; x_wconf 88' lang='lat' dir='ltr'><strong>Lazari,</strong></span> <span class='ocrx_word' id='word_1_471' title='bbox 3228 2986 3423 3040; x_wconf 88' lang='lat' dir='ltr'><strong>iterum</strong></span> <span class='ocrx_word' id='word_1_472' title='bbox 3448 2984 3686 3042; x_wconf 84' lang='lat' dir='ltr'><strong>clariﬁca</strong></span> <span class='ocrx_word' id='word_1_473' title='bbox 3716 2985 3866 3040; x_wconf 88' lang='lat' dir='ltr'><strong>illum</strong></span> 
     </span>
    </p>
   </div>
   <div class='ocr_carea' id='block_1_61' title="bbox 2276 3069 3864 3150">
    <p class='ocr_par' dir='ltr' id='par_1_61' title="bbox 2276 3069 3864 3150">
     <span class='ocr_line' id='line_1_61' title="bbox 2276 3069 3864 3150; baseline 0.004 -25"><span class='ocrx_word' id='word_1_474' title='bbox 2276 3069 2331 3126; x_wconf 89' lang='lat' dir='ltr'><strong>in</strong></span> <span class='ocrx_word' id='word_1_475' title='bbox 2361 3086 2459 3127; x_wconf 85' lang='lat' dir='ltr'><strong>sua</strong></span> <span class='ocrx_word' id='word_1_476' title='bbox 2482 3075 2914 3131; x_wconf 87' lang='lat' dir='ltr'><strong>resurrectione:</strong></span> <span class='ocrx_word' id='word_1_477' title='bbox 2966 3078 3207 3149; x_wconf 81' lang='lat' dir='ltr'><strong>princeps</strong></span> <span class='ocrx_word' id='word_1_478' title='bbox 3241 3078 3422 3131; x_wconf 90' lang='lat' dir='ltr'><strong>mundi</strong></span> <span class='ocrx_word' id='word_1_479' title='bbox 3448 3078 3674 3132; x_wconf 86' lang='lat' dir='ltr'><strong>mittitur</strong></span> <span class='ocrx_word' id='word_1_480' title='bbox 3704 3080 3864 3150; x_wconf 76' lang='lat' dir='ltr'><strong>foras,</strong></span> 
     </span>
    </p>
   </div>
   <div class='ocr_carea' id='block_1_62' title="bbox 588 3142 3869 3245">
    <p class='ocr_par' dir='ltr' id='par_1_62' title="bbox 588 3142 3869 3245">
     <span class='ocr_line' id='line_1_62' title="bbox 588 3142 3869 3245; baseline 0.001 -31"><span class='ocrx_word' id='word_1_481' title='bbox 588 3161 714 3232; x_wconf 85' lang='lat' dir='ltr'><strong>quia</strong></span> <span class='ocrx_word' id='word_1_482' title='bbox 734 3157 903 3213; x_wconf 80' lang='lat' dir='ltr'><strong>lucem</strong></span> <span class='ocrx_word' id='word_1_483' title='bbox 933 3158 1088 3229; x_wconf 88' lang='lat' dir='ltr'><strong>hujus</strong></span> <span class='ocrx_word' id='word_1_484' title='bbox 1110 3158 1292 3213; x_wconf 89' lang='lat' dir='ltr'><strong>mundi</strong></span> <span class='ocrx_word' id='word_1_485' title='bbox 1338 3158 1495 3226; x_wconf 70' lang='lat' dir='ltr'><strong>videt,</strong></span> <span class='ocrx_word' id='word_1_486' title='bbox 1536 3159 1588 3214; x_wconf 90' lang='lat' dir='ltr'><strong>id</strong></span> <span class='ocrx_word' id='word_1_487' title='bbox 1616 3168 1723 3226; x_wconf 92' lang='lat' dir='ltr'><strong>est,</strong></span> <span class='ocrx_word' id='word_1_488' title='bbox 1770 3158 2044 3216; x_wconf 85' lang='lat' dir='ltr'><strong>Christum</strong></span> <span class='ocrx_word' id='word_1_489' title='bbox 2077 3170 2175 3230; x_wconf 83' lang='lat' dir='ltr'><strong>per</strong></span> <span class='ocrx_word' id='word_1_490' title='bbox 2203 3142 2247 3206; x_wconf 63' lang='grc' dir='ltr'><strong>(ἶ</strong></span> <span class='ocrx_word' id='word_1_491' title='bbox 2278 3166 2334 3223; x_wconf 97' lang='lat' dir='ltr'><strong>id</strong></span> <span class='ocrx_word' id='word_1_492' title='bbox 2363 3179 2469 3239; x_wconf 58' lang='lat' dir='ltr'><strong>est,</strong></span> <span class='ocrx_word' id='word_1_493' title='bbox 2512 3169 2768 3227; x_wconf 73' lang='lat' dir='ltr'><strong>diabolus</strong></span> <span class='ocrx_word' id='word_1_494' title='bbox 2796 3142 3002 3243; x_wconf 33' lang='lat' dir='ltr'><strong>ejeciu&#39;s</strong></span> <span class='ocrx_word' id='word_1_495' title='bbox 3023 3172 3093 3228; x_wconf 76' lang='lat' dir='ltr'><strong>de</strong></span> <span class='ocrx_word' id='word_1_496' title='bbox 3122 3142 3387 3243; x_wconf 56' lang='grc' dir='ltr'><em>ῥοιεεωιε</em></span> <span class='ocrx_word' id='word_1_497' title='bbox 3410 3173 3597 3229; x_wconf 73' lang='lat' dir='ltr'><strong>mundi</strong></span> <span class='ocrx_word' id='word_1_498' title='bbox 3628 3142 3724 3245; x_wconf 55' lang='lat' dir='ltr'><strong>pei-</strong></span> <span class='ocrx_word' id='word_1_499' title='bbox 3748 3187 3869 3244; x_wconf 67' lang='lat' dir='ltr'><strong>pas-</strong></span> 
     </span>
    </p>
   </div>
   <div class='ocr_carea' id='block_1_63' title="bbox 583 3250 2173 3325">
    <p class='ocr_par' dir='ltr' id='par_1_63' title="bbox 583 3250 2173 3325">
     <span class='ocr_line' id='line_1_63' title="bbox 583 3250 2173 3325; baseline -0.001 -17"><span class='ocrx_word' id='word_1_500' title='bbox 583 3250 871 3308; x_wconf 85' lang='lat' dir='ltr'><strong>scientiam</strong></span> <span class='ocrx_word' id='word_1_501' title='bbox 908 3250 1078 3306; x_wconf 82' lang='lat' dir='ltr'><strong>videt.</strong></span> <span class='ocrx_word' id='word_1_502' title='bbox 1100 3250 1175 3325; x_wconf 21' lang='lat' dir='ltr'><strong>‘Si</strong></span> <span class='ocrx_word' id='word_1_503' title='bbox 1216 3251 1331 3322; x_wconf 87' lang='lat' dir='ltr'><strong>quis</strong></span> <span class='ocrx_word' id='word_1_504' title='bbox 1361 3252 1700 3307; x_wconf 83' lang='lat' dir='ltr'><strong>ambulaverit</strong></span> <span class='ocrx_word' id='word_1_505' title='bbox 1738 3252 1794 3305; x_wconf 87' lang='lat' dir='ltr'><strong>in</strong></span> <span class='ocrx_word' id='word_1_506' title='bbox 1814 3262 1982 3322; x_wconf 89' lang='lat' dir='ltr'><strong>nocte,</strong></span> <span class='ocrx_word' id='word_1_507' title='bbox 2011 3252 2173 3321; x_wconf 70' lang='lat' dir='ltr'><strong>offen-</strong></span> 
     </span>
    </p>
   </div>
   <div class='ocr_carea' id='block_1_64' title="bbox 584 3344 2170 3417">
    <p class='ocr_par' dir='ltr' id='par_1_64' title="bbox 584 3344 2170 3417">
     <span class='ocr_line' id='line_1_64' title="bbox 584 3344 2170 3417; baseline 0.003 -18"><span class='ocrx_word' id='word_1_508' title='bbox 584 3345 683 3411; x_wconf 88' lang='lat' dir='ltr'><strong>dit,</strong></span> <span class='ocrx_word' id='word_1_509' title='bbox 716 3360 812 3417; x_wconf 91' lang='lat' dir='ltr'><strong>per</strong></span> <span class='ocrx_word' id='word_1_510' title='bbox 845 3354 1064 3401; x_wconf 91' lang='lat' dir='ltr'><strong>noctem</strong></span> <span class='ocrx_word' id='word_1_511' title='bbox 1111 3344 1489 3417; x_wconf 87' lang='lat' dir='ltr'><strong>intelliguntur</strong></span> <span class='ocrx_word' id='word_1_512' title='bbox 1522 3346 1760 3402; x_wconf 59' lang='lat' dir='ltr'><strong>tenebrae</strong></span> <span class='ocrx_word' id='word_1_513' title='bbox 1803 3357 2170 3416; x_wconf 87' lang='lat' dir='ltr'><strong>peccatorum,</strong></span> 
     </span>
    </p>
   </div>
   <div class='ocr_carea' id='block_1_65' title="bbox 585 3424 2176 3509">
    <p class='ocr_par' dir='ltr' id='par_1_65' title="bbox 585 3424 2176 3509">
     <span class='ocr_line' id='line_1_65' title="bbox 585 3424 2176 3509; baseline 0.002 -15"><span class='ocrx_word' id='word_1_514' title='bbox 585 3438 703 3495; x_wconf 86' lang='lat' dir='ltr'><strong>sive</strong></span> <span class='ocrx_word' id='word_1_515' title='bbox 759 3438 1061 3509; x_wconf 87' lang='lat' dir='ltr'><strong>ignorantia</strong></span> <span class='ocrx_word' id='word_1_516' title='bbox 1122 3437 1327 3495; x_wconf 90' lang='lat' dir='ltr'><strong>cordis.</strong></span> <span class='ocrx_word' id='word_1_517' title='bbox 1395 3437 1522 3493; x_wconf 88' lang='lat' dir='ltr'><strong>Non</strong></span> <span class='ocrx_word' id='word_1_518' title='bbox 1554 3424 1717 3493; x_wconf 74' lang='lat' dir='ltr'><strong>eram</strong></span> <span class='ocrx_word' id='word_1_519' title='bbox 1768 3440 1882 3507; x_wconf 87' lang='lat' dir='ltr'><strong>ibi,</strong></span> <span class='ocrx_word' id='word_1_520' title='bbox 1935 3441 2176 3497; x_wconf 90' lang='lat' dir='ltr'><strong>ostendit</strong></span> 
     </span>
    </p>
   </div>
   <div class='ocr_carea' id='block_1_66' title="bbox 588 3530 2173 3603">
    <p class='ocr_par' dir='ltr' id='par_1_66' title="bbox 588 3530 2173 3603">
     <span class='ocr_line' id='line_1_66' title="bbox 588 3530 2173 3603; baseline 0.002 -16"><span class='ocrx_word' id='word_1_521' title='bbox 588 3530 939 3603; x_wconf 66' lang='lat' dir='ltr'><strong>praesentiam</strong></span> <span class='ocrx_word' id='word_1_522' title='bbox 966 3532 1149 3588; x_wconf 89' lang='lat' dir='ltr'><strong>carnis</strong></span> <span class='ocrx_word' id='word_1_523' title='bbox 1181 3531 1428 3588; x_wconf 86' lang='lat' dir='ltr'><strong>:sciebat</strong></span> <span class='ocrx_word' id='word_1_524' title='bbox 1466 3539 1740 3589; x_wconf 88' lang='lat' dir='ltr'><strong>mortuum</strong></span> <span class='ocrx_word' id='word_1_525' title='bbox 1790 3549 1932 3600; x_wconf 89' lang='lat' dir='ltr'><strong>esse,</strong></span> <span class='ocrx_word' id='word_1_526' title='bbox 1968 3533 2020 3589; x_wconf 90' lang='lat' dir='ltr'><strong>id</strong></span> <span class='ocrx_word' id='word_1_527' title='bbox 2066 3543 2173 3598; x_wconf 87' lang='lat' dir='ltr'><strong>est.</strong></span> 
     </span>
    </p>
   </div>
   <div class='ocr_carea' id='block_1_67' title="bbox 586 3625 2177 3699">
    <p class='ocr_par' dir='ltr' id='par_1_67' title="bbox 586 3625 2177 3699">
     <span class='ocr_line' id='line_1_67' title="bbox 586 3625 2177 3699; baseline 0.001 -17"><span class='ocrx_word' id='word_1_528' title='bbox 586 3628 713 3698; x_wconf 88' lang='lat' dir='ltr'><strong>quia</strong></span> <span class='ocrx_word' id='word_1_529' title='bbox 744 3628 927 3683; x_wconf 86' lang='lat' dir='ltr'><strong>omnia</strong></span> <span class='ocrx_word' id='word_1_530' title='bbox 956 3628 1113 3683; x_wconf 90' lang='lat' dir='ltr'><strong>novit</strong></span> <span class='ocrx_word' id='word_1_531' title='bbox 1144 3645 1157 3682; x_wconf 92' lang='lat'><strong>:</strong></span> <span class='ocrx_word' id='word_1_532' title='bbox 1183 3627 1244 3683; x_wconf 66' lang='grc' dir='ltr'><em>ιο</em></span> <span class='ocrx_word' id='word_1_533' title='bbox 1268 3626 1323 3681; x_wconf 93' lang='lat' dir='ltr'><strong>in</strong></span> <span class='ocrx_word' id='word_1_534' title='bbox 1346 3625 1509 3683; x_wconf 91' lang='lat' dir='ltr'><strong>domo</strong></span> <span class='ocrx_word' id='word_1_535' title='bbox 1538 3626 1954 3699; x_wconf 83' lang='lat' dir='ltr'><strong>archisynagogi</strong></span> <span class='ocrx_word' id='word_1_536' title='bbox 1978 3674 1990 3698; x_wconf 91' lang='lat'><strong>,</strong></span> <span class='ocrx_word' id='word_1_537' title='bbox 2018 3628 2083 3683; x_wconf 65' lang='grc' dir='ltr'><strong>ἓν</strong></span> <span class='ocrx_word' id='word_1_538' title='bbox 2113 3630 2177 3683; x_wconf 90' lang='lat' dir='ltr'><strong>li-</strong></span> 
     </span>
    </p>
   </div>
   <div class='ocr_carea' id='block_1_68' title="bbox 588 3720 2175 3791">
    <p class='ocr_par' dir='ltr' id='par_1_68' title="bbox 588 3720 2175 3791">
     <span class='ocr_line' id='line_1_68' title="bbox 588 3720 2175 3791; baseline 0.001 -16"><span class='ocrx_word' id='word_1_539' title='bbox 588 3721 725 3775; x_wconf 89' lang='lat' dir='ltr'><strong>lium</strong></span> <span class='ocrx_word' id='word_1_540' title='bbox 770 3720 950 3775; x_wconf 86' lang='lat' dir='ltr'><strong>viduae</strong></span> <span class='ocrx_word' id='word_1_541' title='bbox 998 3721 1053 3776; x_wconf 91' lang='lat' dir='ltr'><strong>in</strong></span> <span class='ocrx_word' id='word_1_542' title='bbox 1106 3728 1314 3791; x_wconf 88' lang='lat' dir='ltr'><strong>portam</strong></span> <span class='ocrx_word' id='word_1_543' title='bbox 1357 3720 1632 3787; x_wconf 89' lang='lat' dir='ltr'><strong>civitatis,</strong></span> <span class='ocrx_word' id='word_1_544' title='bbox 1681 3723 1743 3776; x_wconf 81' lang='lat'><strong>5°</strong></span> <span class='ocrx_word' id='word_1_545' title='bbox 1794 3721 2057 3778; x_wconf 83' lang='lat' dir='ltr'><strong>Lazarum</strong></span> <span class='ocrx_word' id='word_1_546' title='bbox 2107 3722 2175 3777; x_wconf 92' lang='lat' dir='ltr'><strong>de</strong></span> 
     </span>
    </p>
   </div>
   <div class='ocr_carea' id='block_1_69' title="bbox 588 3811 2171 3885">
    <p class='ocr_par' dir='ltr' id='par_1_69' title="bbox 588 3811 2171 3885">
     <span class='ocr_line' id='line_1_69' title="bbox 588 3811 2171 3885; baseline 0.001 -16"><span class='ocrx_word' id='word_1_547' title='bbox 588 3821 948 3869; x_wconf 88' lang='lat' dir='ltr'><strong>monumento</strong></span> <span class='ocrx_word' id='word_1_548' title='bbox 980 3828 997 3867; x_wconf 91' lang='lat'><strong>:</strong></span> <span class='ocrx_word' id='word_1_549' title='bbox 1030 3814 1084 3868; x_wconf 91' lang='lat' dir='ltr'><strong>in</strong></span> <span class='ocrx_word' id='word_1_550' title='bbox 1114 3812 1300 3880; x_wconf 91' lang='lat' dir='ltr'><strong>domo,</strong></span> <span class='ocrx_word' id='word_1_551' title='bbox 1348 3811 1400 3867; x_wconf 89' lang='lat' dir='ltr'><strong>id</strong></span> <span class='ocrx_word' id='word_1_552' title='bbox 1448 3820 1531 3868; x_wconf 90' lang='lat' dir='ltr'><strong>est</strong></span> <span class='ocrx_word' id='word_1_553' title='bbox 1568 3813 1623 3868; x_wconf 90' lang='lat' dir='ltr'><strong>in</strong></span> <span class='ocrx_word' id='word_1_554' title='bbox 1647 3814 1812 3871; x_wconf 89' lang='lat' dir='ltr'><strong>corde</strong></span> <span class='ocrx_word' id='word_1_555' title='bbox 1845 3830 1860 3868; x_wconf 87' lang='lat'><strong>:</strong></span> <span class='ocrx_word' id='word_1_556' title='bbox 1891 3815 1946 3870; x_wconf 90' lang='lat' dir='ltr'><strong>in</strong></span> <span class='ocrx_word' id='word_1_557' title='bbox 1996 3824 2171 3885; x_wconf 86' lang='lat' dir='ltr'><strong>porta,</strong></span> 
     </span>
    </p>
   </div>
   <div class='ocr_carea' id='block_1_70' title="bbox 596 3904 2176 3978">
    <p class='ocr_par' dir='ltr' id='par_1_70' title="bbox 596 3904 2176 3978">
     <span class='ocr_line' id='line_1_70' title="bbox 596 3904 2176 3978; baseline 0.001 -17"><span class='ocrx_word' id='word_1_558' title='bbox 596 3906 649 3961; x_wconf 92' lang='lat' dir='ltr'><strong>id</strong></span> <span class='ocrx_word' id='word_1_559' title='bbox 676 3916 781 3972; x_wconf 92' lang='lat' dir='ltr'><strong>est,</strong></span> <span class='ocrx_word' id='word_1_560' title='bbox 839 3905 893 3960; x_wconf 88' lang='lat' dir='ltr'><strong>in</strong></span> <span class='ocrx_word' id='word_1_561' title='bbox 944 3919 1080 3960; x_wconf 89' lang='lat' dir='ltr'><strong>ore:</strong></span> <span class='ocrx_word' id='word_1_562' title='bbox 1113 3904 1165 3958; x_wconf 91' lang='lat' dir='ltr'><strong>in</strong></span> <span class='ocrx_word' id='word_1_563' title='bbox 1192 3914 1563 3974; x_wconf 89' lang='lat' dir='ltr'><strong>monumento,</strong></span> <span class='ocrx_word' id='word_1_564' title='bbox 1598 3904 1654 3961; x_wconf 88' lang='lat' dir='ltr'><strong>id</strong></span> <span class='ocrx_word' id='word_1_565' title='bbox 1706 3917 1814 3973; x_wconf 90' lang='lat' dir='ltr'><strong>est,</strong></span> <span class='ocrx_word' id='word_1_566' title='bbox 1851 3922 2017 3977; x_wconf 90' lang='lat' dir='ltr'><strong>opere</strong></span> <span class='ocrx_word' id='word_1_567' title='bbox 2043 3926 2056 3963; x_wconf 94' lang='lat'><strong>:</strong></span> <span class='ocrx_word' id='word_1_568' title='bbox 2081 3923 2176 3978; x_wconf 87' lang='lat' dir='ltr'><strong>per</strong></span> 
     </span>
    </p>
   </div>
   <div class='ocr_carea' id='block_1_71' title="bbox 584 3998 2171 4069">
    <p class='ocr_par' dir='ltr' id='par_1_71' title="bbox 584 3998 2171 4069">
     <span class='ocr_line' id='line_1_71' title="bbox 584 3998 2171 4069; baseline 0.002 -14"><span class='ocrx_word' id='word_1_569' title='bbox 584 3998 777 4055; x_wconf 90' lang='lat' dir='ltr'><strong>eadem</strong></span> <span class='ocrx_word' id='word_1_570' title='bbox 804 3998 1034 4056; x_wconf 88' lang='lat' dir='ltr'><strong>moritur</strong></span> <span class='ocrx_word' id='word_1_571' title='bbox 1059 3998 1244 4061; x_wconf 90' lang='lat' dir='ltr'><strong>homo,</strong></span> <span class='ocrx_word' id='word_1_572' title='bbox 1272 4007 1328 4054; x_wconf 89' lang='lat' dir='ltr'><strong>et</strong></span> <span class='ocrx_word' id='word_1_573' title='bbox 1364 4014 1461 4069; x_wconf 90' lang='lat' dir='ltr'><strong>per</strong></span> <span class='ocrx_word' id='word_1_574' title='bbox 1488 3999 1707 4057; x_wconf 89' lang='lat' dir='ltr'><strong>easdem</strong></span> <span class='ocrx_word' id='word_1_575' title='bbox 1736 4003 2171 4058; x_wconf 87' lang='lat' dir='ltr'><strong>resuscitabitur.</strong></span> 
     </span>
    </p>
   </div>
   <div class='ocr_carea' id='block_1_72' title="bbox 586 4090 2175 4163">
    <p class='ocr_par' dir='ltr' id='par_1_72' title="bbox 586 4090 2175 4163">
     <span class='ocr_line' id='line_1_72' title="bbox 586 4090 2175 4163; baseline 0.002 -17"><span class='ocrx_word' id='word_1_576' title='bbox 586 4091 819 4160; x_wconf 75' lang='lat' dir='ltr'><strong>Martha,</strong></span> <span class='ocrx_word' id='word_1_577' title='bbox 852 4104 910 4147; x_wconf 89' lang='lat' dir='ltr'><strong>ut</strong></span> <span class='ocrx_word' id='word_1_578' title='bbox 960 4090 1158 4147; x_wconf 85' lang='lat' dir='ltr'><strong>audivit</strong></span> <span class='ocrx_word' id='word_1_579' title='bbox 1202 4092 1323 4163; x_wconf 85' lang='lat' dir='ltr'><strong>quia</strong></span> <span class='ocrx_word' id='word_1_580' title='bbox 1345 4091 1500 4147; x_wconf 80' lang='lat' dir='ltr'><strong>Iesus</strong></span> <span class='ocrx_word' id='word_1_581' title='bbox 1540 4093 1696 4161; x_wconf 84' lang='lat' dir='ltr'><strong>venit,</strong></span> <span class='ocrx_word' id='word_1_582' title='bbox 1729 4094 1944 4149; x_wconf 85' lang='lat' dir='ltr'><strong>obviavit</strong></span> <span class='ocrx_word' id='word_1_583' title='bbox 1973 4095 2019 4148; x_wconf 79' lang='lat' dir='ltr'><strong>ei</strong></span> <span class='ocrx_word' id='word_1_584' title='bbox 2046 4113 2065 4149; x_wconf 91' lang='lat'><strong>:</strong></span> <span class='ocrx_word' id='word_1_585' title='bbox 2090 4094 2175 4149; x_wconf 91' lang='lat' dir='ltr'><strong>hic</strong></span> 
     </span>
    </p>
   </div>
   <div class='ocr_carea' id='block_1_73' title="bbox 582 4183 2174 4257">
    <p class='ocr_par' dir='ltr' id='par_1_73' title="bbox 582 4183 2174 4257">
     <span class='ocr_line' id='line_1_73' title="bbox 582 4183 2174 4257; baseline -0.001 -16"><span class='ocrx_word' id='word_1_586' title='bbox 582 4185 792 4242; x_wconf 80' lang='lat' dir='ltr'><strong>Martha</strong></span> <span class='ocrx_word' id='word_1_587' title='bbox 818 4184 1092 4257; x_wconf 82' lang='lat' dir='ltr'><strong>significat</strong></span> <span class='ocrx_word' id='word_1_588' title='bbox 1141 4183 1470 4250; x_wconf 78' lang='lat' dir='ltr'><strong>Ecclesium,</strong></span> <span class='ocrx_word' id='word_1_589' title='bbox 1515 4200 1635 4255; x_wconf 73' lang='lat' dir='ltr'><strong>quae</strong></span> <span class='ocrx_word' id='word_1_590' title='bbox 1681 4185 1920 4239; x_wconf 84' lang='lat' dir='ltr'><strong>obviavit</strong></span> <span class='ocrx_word' id='word_1_591' title='bbox 1957 4184 2174 4241; x_wconf 86' lang='lat' dir='ltr'><strong>Christo</strong></span> 
     </span>
    </p>
   </div>
   <div class='ocr_carea' id='block_1_74' title="bbox 582 4274 2177 4349">
    <p class='ocr_par' dir='ltr' id='par_1_74' title="bbox 582 4274 2177 4349">
     <span class='ocr_line' id='line_1_74' title="bbox 582 4274 2177 4349; baseline -0.002 -15"><span class='ocrx_word' id='word_1_592' title='bbox 582 4293 683 4349; x_wconf 85' lang='lat' dir='ltr'><strong>per.</strong></span> <span class='ocrx_word' id='word_1_593' title='bbox 708 4277 873 4333; x_wconf 80' lang='lat' dir='ltr'><strong>fidem</strong></span> <span class='ocrx_word' id='word_1_594' title='bbox 902 4295 917 4334; x_wconf 92' lang='lat'><strong>:</strong></span> <span class='ocrx_word' id='word_1_595' title='bbox 941 4274 1116 4332; x_wconf 78' lang='lat' dir='ltr'><strong>Maria</strong></span> <span class='ocrx_word' id='word_1_596' title='bbox 1139 4276 1280 4330; x_wconf 88' lang='lat' dir='ltr'><strong>domi</strong></span> <span class='ocrx_word' id='word_1_597' title='bbox 1316 4276 1546 4343; x_wconf 87' lang='lat' dir='ltr'><strong>sedebat,</strong></span> <span class='ocrx_word' id='word_1_598' title='bbox 1601 4276 2074 4346; x_wconf 87' lang='lat' dir='ltr'><strong>contemplationis</strong></span> <span class='ocrx_word' id='word_1_599' title='bbox 2098 4276 2177 4331; x_wconf 87' lang='lat' dir='ltr'><strong>vi-</strong></span> 
     </span>
    </p>
   </div>
   <div class='ocr_carea' id='block_1_75' title="bbox 577 4370 2174 4441">
    <p class='ocr_par' dir='ltr' id='par_1_75' title="bbox 577 4370 2174 4441">
     <span class='ocr_line' id='line_1_75' title="bbox 577 4370 2174 4441; baseline -0.002 -13"><span class='ocrx_word' id='word_1_600' title='bbox 577 4380 690 4428; x_wconf 86' lang='lat' dir='ltr'><strong>tam</strong></span> <span class='ocrx_word' id='word_1_601' title='bbox 704 4370 964 4428; x_wconf 84' lang='lat' dir='ltr'><strong>OStendit.</strong></span> <span class='ocrx_word' id='word_1_602' title='bbox 979 4371 1080 4437; x_wconf 83' lang='lat' dir='ltr'><strong>Qui</strong></span> <span class='ocrx_word' id='word_1_603' title='bbox 1102 4371 1263 4424; x_wconf 81' lang='lat' dir='ltr'><strong>credit</strong></span> <span class='ocrx_word' id='word_1_604' title='bbox 1284 4370 1339 4423; x_wconf 83' lang='lat' dir='ltr'><strong>in</strong></span> <span class='ocrx_word' id='word_1_605' title='bbox 1361 4386 1461 4435; x_wconf 90' lang='lat' dir='ltr'><strong>me,</strong></span> <span class='ocrx_word' id='word_1_606' title='bbox 1484 4378 1532 4423; x_wconf 90' lang='lat' dir='ltr'><strong>et</strong></span> <span class='ocrx_word' id='word_1_607' title='bbox 1556 4379 1787 4423; x_wconf 83' lang='lat' dir='ltr'><strong>mortuus</strong></span> <span class='ocrx_word' id='word_1_608' title='bbox 1807 4370 1984 4440; x_wconf 77' lang='lat' dir='ltr'><strong>fuerit,</strong></span> <span class='ocrx_word' id='word_1_609' title='bbox 2007 4371 2174 4441; x_wconf 74' lang='lat' dir='ltr'><strong>vivet:</strong></span> 
     </span>
    </p>
   </div>
   <div class='ocr_carea' id='block_1_76' title="bbox 584 4460 2170 4537">
    <p class='ocr_par' dir='ltr' id='par_1_76' title="bbox 584 4460 2170 4537">
     <span class='ocr_line' id='line_1_76' title="bbox 584 4460 2170 4537; baseline -0.004 -14"><span class='ocrx_word' id='word_1_610' title='bbox 584 4468 701 4523; x_wconf 85' lang='lat' dir='ltr'><strong>sive</strong></span> <span class='ocrx_word' id='word_1_611' title='bbox 721 4464 1102 4537; x_wconf 88' lang='lat' dir='ltr'><strong>corporaliter,</strong></span> <span class='ocrx_word' id='word_1_612' title='bbox 1146 4461 1263 4517; x_wconf 88' lang='lat' dir='ltr'><strong>sive</strong></span> <span class='ocrx_word' id='word_1_613' title='bbox 1292 4461 1343 4516; x_wconf 91' lang='lat' dir='ltr'><strong>in</strong></span> <span class='ocrx_word' id='word_1_614' title='bbox 1366 4460 1599 4532; x_wconf 87' lang='lat' dir='ltr'><strong>peccatis</strong></span> <span class='ocrx_word' id='word_1_615' title='bbox 1632 4477 1727 4531; x_wconf 90' lang='lat' dir='ltr'><strong>per</strong></span> <span class='ocrx_word' id='word_1_616' title='bbox 1749 4464 2121 4531; x_wconf 62' lang='lat' dir='ltr'><strong>paenitentiam</strong></span> <span class='ocrx_word' id='word_1_617' title='bbox 2155 4479 2170 4517; x_wconf 90' lang='lat'><strong>:</strong></span> 
     </span>
    </p>
   </div>
   <div class='ocr_carea' id='block_1_77' title="bbox 2275 3263 3867 3334">
    <p class='ocr_par' dir='ltr' id='par_1_77' title="bbox 2275 3263 3867 3334">
     <span class='ocr_line' id='line_1_77' title="bbox 2275 3263 3867 3334; baseline 0.003 -17"><span class='ocrx_word' id='word_1_618' title='bbox 2275 3263 2486 3318; x_wconf 89' lang='lat' dir='ltr'><strong>sionem</strong></span> <span class='ocrx_word' id='word_1_619' title='bbox 2516 3265 2726 3320; x_wconf 91' lang='lat' dir='ltr'><strong>crucis.</strong></span> <span class='ocrx_word' id='word_1_620' title='bbox 2758 3265 3033 3320; x_wconf 85' lang='lat' dir='ltr'><strong>Ambulate</strong></span> <span class='ocrx_word' id='word_1_621' title='bbox 3059 3266 3182 3320; x_wconf 89' lang='lat' dir='ltr'><strong>dum</strong></span> <span class='ocrx_word' id='word_1_622' title='bbox 3212 3268 3379 3322; x_wconf 86' lang='lat' dir='ltr'><strong>lucem</strong></span> <span class='ocrx_word' id='word_1_623' title='bbox 3406 3267 3629 3334; x_wconf 84' lang='lat' dir='ltr'><strong>habetis,</strong></span> <span class='ocrx_word' id='word_1_624' title='bbox 3677 3268 3729 3322; x_wconf 93' lang='lat' dir='ltr'><strong>id</strong></span> <span class='ocrx_word' id='word_1_625' title='bbox 3762 3275 3867 3334; x_wconf 89' lang='lat' dir='ltr'><strong>est,</strong></span> 
     </span>
    </p>
   </div>
   <div class='ocr_carea' id='block_1_78' title="bbox 2274 3357 3866 3434">
    <p class='ocr_par' dir='ltr' id='par_1_78' title="bbox 2274 3357 3866 3434">
     <span class='ocr_line' id='line_1_78' title="bbox 2274 3357 3866 3434; baseline 0.001 -20"><span class='ocrx_word' id='word_1_626' title='bbox 2274 3358 2404 3414; x_wconf 88' lang='lat' dir='ltr'><strong>dum</strong></span> <span class='ocrx_word' id='word_1_627' title='bbox 2435 3357 2714 3415; x_wconf 89' lang='lat' dir='ltr'><strong>Christum</strong></span> <span class='ocrx_word' id='word_1_628' title='bbox 2736 3361 3095 3432; x_wconf 86' lang='lat' dir='ltr'><strong>corporaliter</strong></span> <span class='ocrx_word' id='word_1_629' title='bbox 3121 3372 3178 3418; x_wconf 92' lang='lat' dir='ltr'><strong>et</strong></span> <span class='ocrx_word' id='word_1_630' title='bbox 3199 3361 3555 3434; x_wconf 87' lang='lat' dir='ltr'><strong>spiritualiter</strong></span> <span class='ocrx_word' id='word_1_631' title='bbox 3583 3362 3866 3419; x_wconf 87' lang='lat' dir='ltr'><strong>vobiscum</strong></span> 
     </span>
    </p>
   </div>
   <div class='ocr_carea' id='block_1_79' title="bbox 2275 3450 3867 3526">
    <p class='ocr_par' dir='ltr' id='par_1_79' title="bbox 2275 3450 3867 3526">
     <span class='ocr_line' id='line_1_79' title="bbox 2275 3450 3867 3526; baseline 0.003 -20"><span class='ocrx_word' id='word_1_632' title='bbox 2275 3450 2518 3508; x_wconf 85' lang='lat' dir='ltr'><strong>habetis:</strong></span> <span class='ocrx_word' id='word_1_633' title='bbox 2550 3470 2614 3507; x_wconf 91' lang='lat' dir='ltr'><strong>ne</strong></span> <span class='ocrx_word' id='word_1_634' title='bbox 2640 3453 2861 3509; x_wconf 56' lang='lat' dir='ltr'><strong>tenebrat</strong></span> <span class='ocrx_word' id='word_1_635' title='bbox 2887 3471 2975 3509; x_wconf 90' lang='lat' dir='ltr'><strong>vos</strong></span> <span class='ocrx_word' id='word_1_636' title='bbox 3002 3455 3463 3526; x_wconf 84' lang='lat' dir='ltr'><strong>comprehendant,</strong></span> <span class='ocrx_word' id='word_1_637' title='bbox 3496 3452 3549 3511; x_wconf 91' lang='lat' dir='ltr'><strong>id</strong></span> <span class='ocrx_word' id='word_1_638' title='bbox 3577 3463 3681 3521; x_wconf 90' lang='lat' dir='ltr'><strong>est,</strong></span> <span class='ocrx_word' id='word_1_639' title='bbox 3716 3463 3867 3511; x_wconf 88' lang='lat' dir='ltr'><strong>tene-</strong></span> 
     </span>
    </p>
   </div>
   <div class='ocr_carea' id='block_1_80' title="bbox 2274 3547 3869 3620">
    <p class='ocr_par' dir='ltr' id='par_1_80' title="bbox 2274 3547 3869 3620">
     <span class='ocr_line' id='line_1_80' title="bbox 2274 3547 3869 3620; baseline 0 -16"><span class='ocrx_word' id='word_1_640' title='bbox 2274 3547 2386 3604; x_wconf 75' lang='lat' dir='ltr'><strong>bra:</strong></span> <span class='ocrx_word' id='word_1_641' title='bbox 2409 3549 2726 3618; x_wconf 69' lang='lat' dir='ltr'><strong>ignorantiae</strong></span> <span class='ocrx_word' id='word_1_642' title='bbox 2746 3556 2802 3604; x_wconf 90' lang='lat' dir='ltr'><strong>et</strong></span> <span class='ocrx_word' id='word_1_643' title='bbox 2824 3549 3229 3618; x_wconf 88' lang='lat' dir='ltr'><strong>persecutiones</strong></span> <span class='ocrx_word' id='word_1_644' title='bbox 3251 3558 3621 3620; x_wconf 87' lang='lat' dir='ltr'><strong>peccatorum.</strong></span> <span class='ocrx_word' id='word_1_645' title='bbox 3635 3548 3869 3604; x_wconf 83' lang='lat' dir='ltr'><strong>Abscon-</strong></span> 
     </span>
    </p>
   </div>
   <div class='ocr_carea' id='block_1_81' title="bbox 2276 3642 3865 3716">
    <p class='ocr_par' dir='ltr' id='par_1_81' title="bbox 2276 3642 3865 3716">
     <span class='ocr_line' id='line_1_81' title="bbox 2276 3642 3865 3716; baseline 0.002 -19"><span class='ocrx_word' id='word_1_646' title='bbox 2276 3643 2351 3697; x_wconf 92' lang='lat' dir='ltr'><strong>dit</strong></span> <span class='ocrx_word' id='word_1_647' title='bbox 2396 3642 2460 3696; x_wconf 91' lang='lat' dir='ltr'><strong>ab</strong></span> <span class='ocrx_word' id='word_1_648' title='bbox 2486 3644 2593 3710; x_wconf 87' lang='lat' dir='ltr'><strong>eis,</strong></span> <span class='ocrx_word' id='word_1_649' title='bbox 2648 3642 2701 3699; x_wconf 92' lang='lat' dir='ltr'><strong>id</strong></span> <span class='ocrx_word' id='word_1_650' title='bbox 2753 3653 2859 3710; x_wconf 91' lang='lat' dir='ltr'><strong>est,</strong></span> <span class='ocrx_word' id='word_1_651' title='bbox 2911 3644 3293 3715; x_wconf 78' lang='lat' dir='ltr'><strong>corporaliter,</strong></span> <span class='ocrx_word' id='word_1_652' title='bbox 3324 3646 3439 3701; x_wconf 89' lang='lat' dir='ltr'><strong>sive</strong></span> <span class='ocrx_word' id='word_1_653' title='bbox 3486 3644 3865 3716; x_wconf 87' lang='lat' dir='ltr'><strong>spiritualiter.</strong></span> 
     </span>
    </p>
   </div>
   <div class='ocr_carea' id='block_1_82' title="bbox 2240 3733 3871 3809">
    <p class='ocr_par' dir='ltr' id='par_1_82' title="bbox 2240 3733 3871 3809">
     <span class='ocr_line' id='line_1_82' title="bbox 2240 3733 3871 3809; baseline 0.004 -22"><span class='ocrx_word' id='word_1_654' title='bbox 2240 3762 2245 3765; x_wconf 89' lang='lat'><strong><em>-</em></strong></span> <span class='ocrx_word' id='word_1_655' title='bbox 2274 3733 2517 3803; x_wconf 86' lang='lat' dir='ltr'><strong>Domine,</strong></span> <span class='ocrx_word' id='word_1_656' title='bbox 2547 3735 2662 3806; x_wconf 87' lang='lat' dir='ltr'><strong>quis</strong></span> <span class='ocrx_word' id='word_1_657' title='bbox 2687 3735 2907 3790; x_wconf 88' lang='lat' dir='ltr'><strong>credidit</strong></span> <span class='ocrx_word' id='word_1_658' title='bbox 2935 3737 3141 3790; x_wconf 90' lang='lat' dir='ltr'><strong>auditui</strong></span> <span class='ocrx_word' id='word_1_659' title='bbox 3168 3738 3382 3792; x_wconf 86' lang='lat' dir='ltr'><strong>nostra?</strong></span> <span class='ocrx_word' id='word_1_660' title='bbox 3417 3737 3536 3808; x_wconf 88' lang='lat' dir='ltr'><strong>quis</strong></span> <span class='ocrx_word' id='word_1_661' title='bbox 3582 3750 3679 3809; x_wconf 90' lang='lat' dir='ltr'><strong>pro</strong></span> <span class='ocrx_word' id='word_1_662' title='bbox 3723 3739 3871 3793; x_wconf 86' lang='lat' dir='ltr'><strong>rari-</strong></span> 
     </span>
    </p>
   </div>
   <div class='ocr_carea' id='block_1_83' title="bbox 2276 3830 3865 3902">
    <p class='ocr_par' dir='ltr' id='par_1_83' title="bbox 2276 3830 3865 3902">
     <span class='ocr_line' id='line_1_83' title="bbox 2276 3830 3865 3902; baseline 0.003 -18"><span class='ocrx_word' id='word_1_663' title='bbox 2276 3839 2385 3885; x_wconf 88' lang='lat' dir='ltr'><strong>tate</strong></span> <span class='ocrx_word' id='word_1_664' title='bbox 2408 3830 2651 3901; x_wconf 89' lang='lat' dir='ltr'><strong>ponitur,</strong></span> <span class='ocrx_word' id='word_1_665' title='bbox 2684 3831 2804 3885; x_wconf 87' lang='lat' dir='ltr'><strong>sive</strong></span> <span class='ocrx_word' id='word_1_666' title='bbox 2825 3846 2922 3902; x_wconf 90' lang='lat' dir='ltr'><strong>pro</strong></span> <span class='ocrx_word' id='word_1_667' title='bbox 2947 3830 3297 3888; x_wconf 85' lang='lat' dir='ltr'><strong>difficultate:</strong></span> <span class='ocrx_word' id='word_1_668' title='bbox 3321 3832 3563 3901; x_wconf 91' lang='lat' dir='ltr'><strong>auditus,</strong></span> <span class='ocrx_word' id='word_1_669' title='bbox 3591 3832 3727 3888; x_wconf 81' lang='lat' dir='ltr'><strong>ﬁdes</strong></span> <span class='ocrx_word' id='word_1_670' title='bbox 3756 3842 3865 3902; x_wconf 89' lang='lat' dir='ltr'><strong>est,</strong></span> 
     </span>
    </p>
   </div>
   <div class='ocr_carea' id='block_1_84' title="bbox 2274 3920 3869 3993">
    <p class='ocr_par' dir='ltr' id='par_1_84' title="bbox 2274 3920 3869 3993">
     <span class='ocr_line' id='line_1_84' title="bbox 2274 3920 3869 3993; baseline 0.004 -19"><span class='ocrx_word' id='word_1_671' title='bbox 2274 3937 2435 3993; x_wconf 88' lang='lat' dir='ltr'><strong>quam</strong></span> <span class='ocrx_word' id='word_1_672' title='bbox 2476 3936 2575 3991; x_wconf 90' lang='lat' dir='ltr'><strong>per</strong></span> <span class='ocrx_word' id='word_1_673' title='bbox 2597 3920 2857 3992; x_wconf 90' lang='lat' dir='ltr'><strong>Spiritum</strong></span> <span class='ocrx_word' id='word_1_674' title='bbox 2908 3934 3153 3979; x_wconf 90' lang='lat' dir='ltr'><strong>sanctum</strong></span> <span class='ocrx_word' id='word_1_675' title='bbox 3201 3924 3543 3980; x_wconf 88' lang='lat' dir='ltr'><strong>audivimus:</strong></span> <span class='ocrx_word' id='word_1_676' title='bbox 3595 3924 3869 3980; x_wconf 86' lang='lat' dir='ltr'><strong>brachium</strong></span> 
     </span>
    </p>
   </div>
   <div class='ocr_carea' id='block_1_85' title="bbox 2276 4012 3870 4085">
    <p class='ocr_par' dir='ltr' id='par_1_85' title="bbox 2276 4012 3870 4085">
     <span class='ocr_line' id='line_1_85' title="bbox 2276 4012 3870 4085; baseline 0.004 -19"><span class='ocrx_word' id='word_1_677' title='bbox 2276 4013 2511 4080; x_wconf 85' lang='lat' dir='ltr'><strong>Domini,</strong></span> <span class='ocrx_word' id='word_1_678' title='bbox 2538 4012 2711 4069; x_wconf 88' lang='lat' dir='ltr'><strong>Filius</strong></span> <span class='ocrx_word' id='word_1_679' title='bbox 2738 4014 2835 4070; x_wconf 91' lang='lat' dir='ltr'><strong>Dei</strong></span> <span class='ocrx_word' id='word_1_680' title='bbox 2861 4026 2978 4071; x_wconf 86' lang='lat' dir='ltr'><strong>eSt:</strong></span> <span class='ocrx_word' id='word_1_681' title='bbox 3021 4016 3105 4070; x_wconf 86' lang='lat' dir='ltr'><strong>cui</strong></span> <span class='ocrx_word' id='word_1_682' title='bbox 3127 4017 3409 4072; x_wconf 83' lang='lat' dir='ltr'><strong>revelatum</strong></span> <span class='ocrx_word' id='word_1_683' title='bbox 3434 4025 3531 4083; x_wconf 85' lang='lat' dir='ltr'><strong>est,</strong></span> <span class='ocrx_word' id='word_1_684' title='bbox 3567 4018 3617 4073; x_wconf 92' lang='lat' dir='ltr'><strong>id</strong></span> <span class='ocrx_word' id='word_1_685' title='bbox 3638 4027 3742 4085; x_wconf 88' lang='lat' dir='ltr'><strong>est,</strong></span> <span class='ocrx_word' id='word_1_686' title='bbox 3766 4018 3870 4073; x_wconf 84' lang='lat' dir='ltr'><strong>ali-</strong></span> 
     </span>
    </p>
   </div>
   <div class='ocr_carea' id='block_1_86' title="bbox 2273 4106 3863 4182">
    <p class='ocr_par' dir='ltr' id='par_1_86' title="bbox 2273 4106 3863 4182">
     <span class='ocr_line' id='line_1_86' title="bbox 2273 4106 3863 4182; baseline 0.006 -22"><span class='ocrx_word' id='word_1_687' title='bbox 2273 4120 2378 4176; x_wconf 90' lang='lat' dir='ltr'><strong>qua</strong></span> <span class='ocrx_word' id='word_1_688' title='bbox 2406 4121 2566 4176; x_wconf 90' lang='lat' dir='ltr'><strong>pars:</strong></span> <span class='ocrx_word' id='word_1_689' title='bbox 2615 4122 2681 4163; x_wconf 78' lang='lat' dir='ltr'><strong>ex</strong></span> <span class='ocrx_word' id='word_1_690' title='bbox 2711 4106 2912 4163; x_wconf 67' lang='lat' dir='ltr'><strong>Judaeis</strong></span> <span class='ocrx_word' id='word_1_691' title='bbox 2942 4110 3241 4166; x_wconf 89' lang='lat' dir='ltr'><strong>revelatum</strong></span> <span class='ocrx_word' id='word_1_692' title='bbox 3284 4127 3349 4167; x_wconf 80' lang='lat' dir='ltr'><strong>ex</strong></span> <span class='ocrx_word' id='word_1_693' title='bbox 3371 4113 3647 4182; x_wconf 89' lang='lat' dir='ltr'><strong>gentibus,</strong></span> <span class='ocrx_word' id='word_1_694' title='bbox 3672 4113 3726 4168; x_wconf 93' lang='lat' dir='ltr'><strong>id</strong></span> <span class='ocrx_word' id='word_1_695' title='bbox 3754 4122 3863 4182; x_wconf 91' lang='lat' dir='ltr'><strong>est,</strong></span> 
     </span>
    </p>
   </div>
   <div class='ocr_carea' id='block_1_87' title="bbox 2274 4197 3862 4271">
    <p class='ocr_par' dir='ltr' id='par_1_87' title="bbox 2274 4197 3862 4271">
     <span class='ocr_line' id='line_1_87' title="bbox 2274 4197 3862 4271; baseline 0.007 -22"><span class='ocrx_word' id='word_1_696' title='bbox 2274 4197 2363 4267; x_wconf 85' lang='lat' dir='ltr'><strong>qui</strong></span> <span class='ocrx_word' id='word_1_697' title='bbox 2394 4198 2553 4251; x_wconf 83' lang='lat' dir='ltr'><strong>credit</strong></span> <span class='ocrx_word' id='word_1_698' title='bbox 2580 4199 2634 4252; x_wconf 87' lang='lat' dir='ltr'><strong>in</strong></span> <span class='ocrx_word' id='word_1_699' title='bbox 2664 4214 2766 4265; x_wconf 89' lang='lat' dir='ltr'><strong>me,</strong></span> <span class='ocrx_word' id='word_1_700' title='bbox 2794 4213 2901 4254; x_wconf 92' lang='lat' dir='ltr'><strong>non</strong></span> <span class='ocrx_word' id='word_1_701' title='bbox 2925 4200 3099 4255; x_wconf 90' lang='lat' dir='ltr'><strong>solum</strong></span> <span class='ocrx_word' id='word_1_702' title='bbox 3130 4202 3425 4257; x_wconf 90' lang='lat' dir='ltr'><strong>secundum</strong></span> <span class='ocrx_word' id='word_1_703' title='bbox 3447 4202 3862 4271; x_wconf 87' lang='lat' dir='ltr'><strong>humanitatem,</strong></span> 
     </span>
    </p>
   </div>
   <div class='ocr_carea' id='block_1_88' title="bbox 2273 4289 3863 4363">
    <p class='ocr_par' dir='ltr' id='par_1_88' title="bbox 2273 4289 3863 4363">
     <span class='ocr_line' id='line_1_88' title="bbox 2273 4289 3863 4363; baseline 0.006 -18"><span class='ocrx_word' id='word_1_704' title='bbox 2273 4289 2371 4345; x_wconf 89' lang='lat' dir='ltr'><strong>sed</strong></span> <span class='ocrx_word' id='word_1_705' title='bbox 2420 4290 2712 4346; x_wconf 90' lang='lat' dir='ltr'><strong>secundum</strong></span> <span class='ocrx_word' id='word_1_706' title='bbox 2749 4290 3109 4360; x_wconf 87' lang='lat' dir='ltr'><strong>divinitatem,</strong></span> <span class='ocrx_word' id='word_1_707' title='bbox 3141 4293 3301 4350; x_wconf 91' lang='lat' dir='ltr'><strong>aliter</strong></span> <span class='ocrx_word' id='word_1_708' title='bbox 3327 4310 3435 4350; x_wconf 91' lang='lat' dir='ltr'><strong>non</strong></span> <span class='ocrx_word' id='word_1_709' title='bbox 3462 4297 3635 4352; x_wconf 89' lang='lat' dir='ltr'><strong>solum</strong></span> <span class='ocrx_word' id='word_1_710' title='bbox 3666 4297 3717 4351; x_wconf 92' lang='lat' dir='ltr'><strong>in</strong></span> <span class='ocrx_word' id='word_1_711' title='bbox 3746 4313 3863 4363; x_wconf 89' lang='lat' dir='ltr'><strong>me,</strong></span> 
     </span>
    </p>
   </div>
   <div class='ocr_carea' id='block_1_89' title="bbox 2273 4381 3867 4456">
    <p class='ocr_par' dir='ltr' id='par_1_89' title="bbox 2273 4381 3867 4456">
     <span class='ocr_line' id='line_1_89' title="bbox 2273 4381 3867 4456; baseline 0.006 -20"><span class='ocrx_word' id='word_1_712' title='bbox 2273 4381 2369 4436; x_wconf 86' lang='lat' dir='ltr'><strong>sed</strong></span> <span class='ocrx_word' id='word_1_713' title='bbox 2400 4390 2455 4437; x_wconf 88' lang='lat' dir='ltr'><strong>et</strong></span> <span class='ocrx_word' id='word_1_714' title='bbox 2478 4383 2530 4435; x_wconf 90' lang='lat' dir='ltr'><strong>in</strong></span> <span class='ocrx_word' id='word_1_715' title='bbox 2555 4381 2875 4454; x_wconf 87' lang='lat' dir='ltr'><strong>Patre,quia</strong></span> <span class='ocrx_word' id='word_1_716' title='bbox 2897 4400 2988 4455; x_wconf 84' lang='lat' dir='ltr'><strong>ego</strong></span> <span class='ocrx_word' id='word_1_717' title='bbox 3016 4385 3071 4439; x_wconf 87' lang='lat' dir='ltr'><strong>in</strong></span> <span class='ocrx_word' id='word_1_718' title='bbox 3102 4383 3284 4456; x_wconf 86' lang='lat' dir='ltr'><strong>Patre,</strong></span> <span class='ocrx_word' id='word_1_719' title='bbox 3308 4398 3358 4443; x_wconf 87' lang='lat' dir='ltr'><strong>et</strong></span> <span class='ocrx_word' id='word_1_720' title='bbox 3370 4386 3535 4444; x_wconf 81' lang='lat' dir='ltr'><strong>Pater</strong></span> <span class='ocrx_word' id='word_1_721' title='bbox 3554 4390 3608 4443; x_wconf 81' lang='lat' dir='ltr'><strong>in</strong></span> <span class='ocrx_word' id='word_1_722' title='bbox 3628 4405 3725 4443; x_wconf 86' lang='lat' dir='ltr'><strong>me.</strong></span> <span class='ocrx_word' id='word_1_723' title='bbox 3757 4390 3867 4456; x_wconf 84' lang='lat' dir='ltr'><strong>Qui</strong></span> 
     </span>
    </p>
   </div>
   <div class='ocr_carea' id='block_1_90' title="bbox 2275 4475 3862 4553">
    <p class='ocr_par' dir='ltr' id='par_1_90' title="bbox 2275 4475 3862 4553">
     <span class='ocr_line' id='line_1_90' title="bbox 2275 4475 3862 4553; baseline 0.006 -22"><span class='ocrx_word' id='word_1_724' title='bbox 2275 4475 2411 4531; x_wconf 85' lang='lat' dir='ltr'><strong>videt</strong></span> <span class='ocrx_word' id='word_1_725' title='bbox 2438 4492 2537 4542; x_wconf 86' lang='lat' dir='ltr'><strong>me,</strong></span> <span class='ocrx_word' id='word_1_726' title='bbox 2577 4475 2715 4530; x_wconf 88' lang='lat' dir='ltr'><strong>videt</strong></span> <span class='ocrx_word' id='word_1_727' title='bbox 2761 4478 2851 4548; x_wconf 91' lang='lat' dir='ltr'><strong>qui</strong></span> <span class='ocrx_word' id='word_1_728' title='bbox 2892 4494 2974 4532; x_wconf 88' lang='lat' dir='ltr'><strong>me</strong></span> <span class='ocrx_word' id='word_1_729' title='bbox 3000 4479 3171 4547; x_wconf 85' lang='lat' dir='ltr'><strong>misit;</strong></span> <span class='ocrx_word' id='word_1_730' title='bbox 3211 4496 3273 4536; x_wconf 92' lang='lat' dir='ltr'><strong>ac</strong></span> <span class='ocrx_word' id='word_1_731' title='bbox 3303 4483 3347 4536; x_wconf 91' lang='lat' dir='ltr'><strong>si</strong></span> <span class='ocrx_word' id='word_1_732' title='bbox 3378 4493 3561 4553; x_wconf 90' lang='lat' dir='ltr'><strong>aperte</strong></span> <span class='ocrx_word' id='word_1_733' title='bbox 3605 4482 3862 4552; x_wconf 75' lang='lat' dir='ltr'><strong>dixisset,</strong></span> 
     </span>
    </p>
   </div>
   <div class='ocr_carea' id='block_1_91' title="bbox 579 4534 3867 4642">
    <p class='ocr_par' dir='ltr' id='par_1_91' title="bbox 579 4534 3867 4642">
     <span class='ocr_line' id='line_1_91' title="bbox 579 4534 3867 4642; baseline 0.002 -26"><span class='ocrx_word' id='word_1_734' title='bbox 579 4562 749 4617; x_wconf 85' lang='lat' dir='ltr'><strong>omnis</strong></span> <span class='ocrx_word' id='word_1_735' title='bbox 776 4560 865 4631; x_wconf 89' lang='lat' dir='ltr'><strong>qui</strong></span> <span class='ocrx_word' id='word_1_736' title='bbox 894 4559 1038 4624; x_wconf 89' lang='lat' dir='ltr'><strong>vivit,</strong></span> <span class='ocrx_word' id='word_1_737' title='bbox 1072 4566 1121 4611; x_wconf 83' lang='lat' dir='ltr'><strong>et</strong></span> <span class='ocrx_word' id='word_1_738' title='bbox 1145 4557 1307 4610; x_wconf 79' lang='lat' dir='ltr'><strong>credit</strong></span> <span class='ocrx_word' id='word_1_739' title='bbox 1332 4556 1388 4609; x_wconf 87' lang='lat' dir='ltr'><strong>in</strong></span> <span class='ocrx_word' id='word_1_740' title='bbox 1409 4571 1511 4621; x_wconf 90' lang='lat' dir='ltr'><strong>me,</strong></span> <span class='ocrx_word' id='word_1_741' title='bbox 1539 4557 1627 4625; x_wconf 90' lang='lat' dir='ltr'><strong>qui</strong></span> <span class='ocrx_word' id='word_1_742' title='bbox 1660 4555 1751 4612; x_wconf 89' lang='lat' dir='ltr'><strong>hic</strong></span> <span class='ocrx_word' id='word_1_743' title='bbox 1776 4557 1827 4611; x_wconf 86' lang='lat' dir='ltr'><strong>in</strong></span> <span class='ocrx_word' id='word_1_744' title='bbox 1861 4556 2014 4612; x_wconf 86' lang='lat' dir='ltr'><strong>bonis</strong></span> <span class='ocrx_word' id='word_1_745' title='bbox 2042 4574 2170 4627; x_wconf 78' lang='lat' dir='ltr'><strong>ope-</strong></span> <span class='ocrx_word' id='word_1_746' title='bbox 2193 4534 2247 4594; x_wconf 86' lang='lat' dir='ltr'><strong>D</strong></span> <span class='ocrx_word' id='word_1_747' title='bbox 2274 4570 2365 4640; x_wconf 79' lang='lat' dir='ltr'><strong>qui</strong></span> <span class='ocrx_word' id='word_1_748' title='bbox 2394 4569 2530 4623; x_wconf 78' lang='lat' dir='ltr'><strong>vidit,</strong></span> <span class='ocrx_word' id='word_1_749' title='bbox 2558 4583 2646 4625; x_wconf 85' lang='lat' dir='ltr'><strong>me</strong></span> <span class='ocrx_word' id='word_1_750' title='bbox 2677 4584 2863 4626; x_wconf 84' lang='lat' dir='ltr'><strong>verum</strong></span> <span class='ocrx_word' id='word_1_751' title='bbox 2893 4572 3165 4630; x_wconf 84' lang='lat' dir='ltr'><strong>hominem</strong></span> <span class='ocrx_word' id='word_1_752' title='bbox 3186 4589 3330 4642; x_wconf 64' lang='lat' dir='ltr'><strong>esse,</strong></span> <span class='ocrx_word' id='word_1_753' title='bbox 3359 4586 3415 4632; x_wconf 61' lang='lat' dir='ltr'><strong>ex</strong></span> <span class='ocrx_word' id='word_1_754' title='bbox 3440 4575 3632 4641; x_wconf 66' lang='lat' dir='ltr'><strong>credit,</strong></span> <span class='ocrx_word' id='word_1_755' title='bbox 3658 4590 3747 4632; x_wconf 84' lang='lat' dir='ltr'><strong>me</strong></span> <span class='ocrx_word' id='word_1_756' title='bbox 3767 4592 3867 4633; x_wconf 68' lang='lat' dir='ltr'><strong>ve.</strong></span> 
     </span>
    </p>
   </div>
   <div class='ocr_carea' id='block_1_92' title="bbox 577 4646 2168 4721">
    <p class='ocr_par' dir='ltr' id='par_1_92' title="bbox 577 4646 2168 4721">
     <span class='ocr_line' id='line_1_92' title="bbox 577 4646 2168 4721; baseline -0.004 -9"><span class='ocrx_word' id='word_1_757' title='bbox 577 4656 727 4712; x_wconf 84' lang='lat' dir='ltr'><strong>ribus</strong></span> <span class='ocrx_word' id='word_1_758' title='bbox 746 4653 878 4711; x_wconf 85' lang='lat' dir='ltr'><strong>vivit</strong></span> <span class='ocrx_word' id='word_1_759' title='bbox 902 4652 956 4707; x_wconf 91' lang='lat' dir='ltr'><strong>in</strong></span> <span class='ocrx_word' id='word_1_760' title='bbox 986 4649 1203 4705; x_wconf 88' lang='lat' dir='ltr'><strong>Christo</strong></span> <span class='ocrx_word' id='word_1_761' title='bbox 1228 4667 1239 4703; x_wconf 90' lang='lat'><strong>:</strong></span> <span class='ocrx_word' id='word_1_762' title='bbox 1262 4646 1386 4702; x_wconf 86' lang='lat' dir='ltr'><strong>Non</strong></span> <span class='ocrx_word' id='word_1_763' title='bbox 1408 4648 1659 4703; x_wconf 89' lang='lat' dir='ltr'><strong>morietur</strong></span> <span class='ocrx_word' id='word_1_764' title='bbox 1677 4650 1730 4702; x_wconf 89' lang='lat' dir='ltr'><strong>in</strong></span> <span class='ocrx_word' id='word_1_765' title='bbox 1757 4658 2029 4721; x_wconf 66' lang='lat' dir='ltr'><strong>aeternum.</strong></span> <span class='ocrx_word' id='word_1_766' title='bbox 2063 4650 2168 4706; x_wconf 86' lang='lat' dir='ltr'><strong>La-</strong></span> 
     </span>
    </p>
   </div>
   <div class='ocr_carea' id='block_1_93' title="bbox 574 4740 2166 4821">
    <p class='ocr_par' dir='ltr' id='par_1_93' title="bbox 574 4740 2166 4821">
     <span class='ocr_line' id='line_1_93' title="bbox 574 4740 2166 4821; baseline -0.002 -18"><span class='ocrx_word' id='word_1_767' title='bbox 574 4757 839 4821; x_wconf 81' lang='lat' dir='ltr'><strong>crymatus</strong></span> <span class='ocrx_word' id='word_1_768' title='bbox 886 4754 962 4801; x_wconf 86' lang='lat' dir='ltr'><strong>est</strong></span> <span class='ocrx_word' id='word_1_769' title='bbox 1003 4742 1180 4809; x_wconf 89' lang='lat' dir='ltr'><strong>Iesus,</strong></span> <span class='ocrx_word' id='word_1_770' title='bbox 1240 4740 1475 4797; x_wconf 88' lang='lat' dir='ltr'><strong>ostendit</strong></span> <span class='ocrx_word' id='word_1_771' title='bbox 1524 4741 1665 4797; x_wconf 89' lang='lat' dir='ltr'><strong>sicut</strong></span> <span class='ocrx_word' id='word_1_772' title='bbox 1702 4757 1865 4799; x_wconf 90' lang='lat' dir='ltr'><strong>verus</strong></span> <span class='ocrx_word' id='word_1_773' title='bbox 1914 4743 2079 4812; x_wconf 88' lang='lat' dir='ltr'><strong>Dens,</strong></span> <span class='ocrx_word' id='word_1_774' title='bbox 2109 4752 2166 4800; x_wconf 87' lang='lat' dir='ltr'><strong>et</strong></span> 
     </span>
    </p>
   </div>
   <div class='ocr_carea' id='block_1_94' title="bbox 572 4832 2165 4905">
    <p class='ocr_par' dir='ltr' id='par_1_94' title="bbox 572 4832 2165 4905">
     <span class='ocr_line' id='line_1_94' title="bbox 572 4832 2165 4905; baseline -0.002 -12"><span class='ocrx_word' id='word_1_775' title='bbox 572 4854 735 4897; x_wconf 88' lang='lat' dir='ltr'><strong>verus</strong></span> <span class='ocrx_word' id='word_1_776' title='bbox 766 4840 930 4894; x_wconf 88' lang='lat' dir='ltr'><strong>homo</strong></span> <span class='ocrx_word' id='word_1_777' title='bbox 974 4835 1286 4905; x_wconf 78' lang='lat' dir='ltr'><strong>exemplum</strong></span> <span class='ocrx_word' id='word_1_778' title='bbox 1312 4834 1740 4904; x_wconf 90' lang='lat' dir='ltr'><strong>compassionis;</strong></span> <span class='ocrx_word' id='word_1_779' title='bbox 1774 4832 1947 4905; x_wconf 86' lang='lat' dir='ltr'><strong>ligatis</strong></span> <span class='ocrx_word' id='word_1_780' title='bbox 1994 4836 2165 4890; x_wconf 89' lang='lat' dir='ltr'><strong>mani-</strong></span> 
     </span>
    </p>
   </div>
   <div class='ocr_carea' id='block_1_95' title="bbox 575 4916 2163 5005">
    <p class='ocr_par' dir='ltr' id='par_1_95' title="bbox 575 4916 2163 5005">
     <span class='ocr_line' id='line_1_95' title="bbox 575 4916 2163 5005; baseline -0.001 -17"><span class='ocrx_word' id='word_1_781' title='bbox 575 4934 670 4990; x_wconf 89' lang='lat' dir='ltr'><strong>bus</strong></span> <span class='ocrx_word' id='word_1_782' title='bbox 696 4943 741 4989; x_wconf 87' lang='lat' dir='ltr'><strong>et</strong></span> <span class='ocrx_word' id='word_1_783' title='bbox 772 4933 1011 5005; x_wconf 87' lang='lat' dir='ltr'><strong>pedibus,</strong></span> <span class='ocrx_word' id='word_1_784' title='bbox 1063 4916 1306 4985; x_wconf 80' lang='lat' dir='ltr'><strong>ostendit</strong></span> <span class='ocrx_word' id='word_1_785' title='bbox 1330 4928 1541 4984; x_wconf 89' lang='lat' dir='ltr'><strong>vincula</strong></span> <span class='ocrx_word' id='word_1_786' title='bbox 1573 4938 1920 4999; x_wconf 88' lang='lat' dir='ltr'><strong>peccatorum</strong></span> <span class='ocrx_word' id='word_1_787' title='bbox 1948 4932 2163 5001; x_wconf 77' lang='lat' dir='ltr'><strong>:faciem</strong></span> 
     </span>
    </p>
   </div>
   <div class='ocr_carea' id='block_1_96' title="bbox 532 5020 2164 5098">
    <p class='ocr_par' dir='ltr' id='par_1_96' title="bbox 532 5020 2164 5098">
     <span class='ocr_line' id='line_1_96' title="bbox 532 5020 2164 5098; baseline -0.002 -15"><span class='ocrx_word' id='word_1_788' title='bbox 532 5080 535 5083; x_wconf 72' lang='grc'><strong>,</strong></span> <span class='ocrx_word' id='word_1_789' title='bbox 573 5026 790 5080; x_wconf 89' lang='lat' dir='ltr'><strong>sudario</strong></span> <span class='ocrx_word' id='word_1_790' title='bbox 818 5024 1032 5098; x_wconf 90' lang='lat' dir='ltr'><strong>ligatus,</strong></span> <span class='ocrx_word' id='word_1_791' title='bbox 1076 5022 1130 5078; x_wconf 91' lang='lat' dir='ltr'><strong>id</strong></span> <span class='ocrx_word' id='word_1_792' title='bbox 1160 5031 1263 5088; x_wconf 91' lang='lat' dir='ltr'><strong>est,</strong></span> <span class='ocrx_word' id='word_1_793' title='bbox 1292 5020 1536 5077; x_wconf 87' lang='lat' dir='ltr'><strong>velamen</strong></span> <span class='ocrx_word' id='word_1_794' title='bbox 1567 5036 1734 5092; x_wconf 91' lang='lat' dir='ltr'><strong>super</strong></span> <span class='ocrx_word' id='word_1_795' title='bbox 1760 5022 1921 5078; x_wconf 88' lang='lat' dir='ltr'><strong>corda</strong></span> <span class='ocrx_word' id='word_1_796' title='bbox 1941 5022 2164 5080; x_wconf 75' lang='lat' dir='ltr'><strong>Judazo-</strong></span> 
     </span>
    </p>
   </div>
   <div class='ocr_carea' id='block_1_97' title="bbox 571 5114 2157 5186">
    <p class='ocr_par' dir='ltr' id='par_1_97' title="bbox 571 5114 2157 5186">
     <span class='ocr_line' id='line_1_97' title="bbox 571 5114 2157 5186; baseline 0 -12"><span class='ocrx_word' id='word_1_797' title='bbox 571 5134 692 5174; x_wconf 88' lang='lat' dir='ltr'><strong>rum</strong></span> <span class='ocrx_word' id='word_1_798' title='bbox 727 5135 740 5171; x_wconf 92' lang='lat'><strong>:</strong></span> <span class='ocrx_word' id='word_1_799' title='bbox 773 5115 953 5173; x_wconf 85' lang='lat' dir='ltr'><strong>solvite</strong></span> <span class='ocrx_word' id='word_1_800' title='bbox 980 5117 1152 5181; x_wconf 88' lang='lat' dir='ltr'><strong>illum,</strong></span> <span class='ocrx_word' id='word_1_801' title='bbox 1195 5114 1248 5171; x_wconf 90' lang='lat' dir='ltr'><strong>id</strong></span> <span class='ocrx_word' id='word_1_802' title='bbox 1274 5123 1378 5183; x_wconf 85' lang='lat' dir='ltr'><strong>est,</strong></span> <span class='ocrx_word' id='word_1_803' title='bbox 1410 5130 1508 5186; x_wconf 89' lang='lat' dir='ltr'><strong>per</strong></span> <span class='ocrx_word' id='word_1_804' title='bbox 1528 5114 1967 5185; x_wconf 68' lang='lat' dir='ltr'><strong>praedicationem</strong></span> <span class='ocrx_word' id='word_1_805' title='bbox 2013 5116 2157 5175; x_wconf 84' lang='lat' dir='ltr'><strong>fidei.</strong></span> 
     </span>
    </p>
   </div>
   <div class='ocr_carea' id='block_1_98' title="bbox 569 5208 2159 5283">
    <p class='ocr_par' dir='ltr' id='par_1_98' title="bbox 569 5208 2159 5283">
     <span class='ocr_line' id='line_1_98' title="bbox 569 5208 2159 5283; baseline -0.001 -14"><span class='ocrx_word' id='word_1_806' title='bbox 569 5210 741 5270; x_wconf 63' lang='lat' dir='ltr'><strong>Iudaei</strong></span> <span class='ocrx_word' id='word_1_807' title='bbox 765 5219 966 5282; x_wconf 89' lang='lat' dir='ltr'><strong>quanto</strong></span> <span class='ocrx_word' id='word_1_808' title='bbox 982 5210 1187 5280; x_wconf 88' lang='lat' dir='ltr'><strong>majora</strong></span> <span class='ocrx_word' id='word_1_809' title='bbox 1210 5209 1364 5280; x_wconf 88' lang='lat' dir='ltr'><strong>signa</strong></span> <span class='ocrx_word' id='word_1_810' title='bbox 1392 5208 1670 5277; x_wconf 89' lang='lat' dir='ltr'><strong>videbant,</strong></span> <span class='ocrx_word' id='word_1_811' title='bbox 1705 5219 1853 5267; x_wconf 87' lang='lat' dir='ltr'><strong>tanto</strong></span> <span class='ocrx_word' id='word_1_812' title='bbox 1875 5211 2045 5283; x_wconf 90' lang='lat' dir='ltr'><strong>magis</strong></span> <span class='ocrx_word' id='word_1_813' title='bbox 2063 5212 2159 5267; x_wconf 87' lang='lat' dir='ltr'><strong>ob-</strong></span> 
     </span>
    </p>
   </div>
   <div class='ocr_carea' id='block_1_99' title="bbox 566 5302 2152 5375">
    <p class='ocr_par' dir='ltr' id='par_1_99' title="bbox 566 5302 2152 5375">
     <span class='ocr_line' id='line_1_99' title="bbox 566 5302 2152 5375; baseline -0.001 -14"><span class='ocrx_word' id='word_1_814' title='bbox 566 5305 933 5369; x_wconf 74' lang='lat' dir='ltr'><strong>cmcabantur.</strong></span> <span class='ocrx_word' id='word_1_815' title='bbox 969 5302 1174 5358; x_wconf 88' lang='lat' dir='ltr'><strong>Tollent</strong></span> <span class='ocrx_word' id='word_1_816' title='bbox 1203 5303 1376 5358; x_wconf 86' lang='lat' dir='ltr'><strong>locum</strong></span> <span class='ocrx_word' id='word_1_817' title='bbox 1403 5312 1451 5357; x_wconf 88' lang='lat' dir='ltr'><strong>et</strong></span> <span class='ocrx_word' id='word_1_818' title='bbox 1479 5313 1702 5375; x_wconf 87' lang='lat' dir='ltr'><strong>gentem,</strong></span> <span class='ocrx_word' id='word_1_819' title='bbox 1731 5304 1909 5361; x_wconf 90' lang='lat' dir='ltr'><strong>locum</strong></span> <span class='ocrx_word' id='word_1_820' title='bbox 1938 5304 2152 5361; x_wconf 85' lang='lat' dir='ltr'><strong>Jeroso-</strong></span> 
     </span>
    </p>
   </div>
   <div class='ocr_carea' id='block_1_100' title="bbox 567 5396 2157 5471">
    <p class='ocr_par' dir='ltr' id='par_1_100' title="bbox 567 5396 2157 5471">
     <span class='ocr_line' id='line_1_100' title="bbox 567 5396 2157 5471; baseline 0.001 -17"><span class='ocrx_word' id='word_1_821' title='bbox 567 5399 779 5471; x_wconf 88' lang='lat' dir='ltr'><strong>lymam</strong></span> <span class='ocrx_word' id='word_1_822' title='bbox 805 5396 1086 5470; x_wconf 90' lang='lat' dir='ltr'><strong>possident</strong></span> <span class='ocrx_word' id='word_1_823' title='bbox 1112 5396 1346 5452; x_wconf 80' lang='lat' dir='ltr'><strong>Romani</strong></span> <span class='ocrx_word' id='word_1_824' title='bbox 1387 5404 1444 5453; x_wconf 91' lang='lat' dir='ltr'><strong>et</strong></span> <span class='ocrx_word' id='word_1_825' title='bbox 1485 5407 1698 5468; x_wconf 87' lang='lat' dir='ltr'><strong>gentes,</strong></span> <span class='ocrx_word' id='word_1_826' title='bbox 1747 5413 1869 5469; x_wconf 75' lang='lat' dir='ltr'><strong>qum</strong></span> <span class='ocrx_word' id='word_1_827' title='bbox 1897 5397 2157 5470; x_wconf 74' lang='lat' dir='ltr'><strong>dispersa:</strong></span> 
     </span>
    </p>
   </div>
   <div class='ocr_carea' id='block_1_101' title="bbox 564 5488 2157 5567">
    <p class='ocr_par' dir='ltr' id='par_1_101' title="bbox 564 5488 2157 5567">
     <span class='ocr_line' id='line_1_101' title="bbox 564 5488 2157 5567; baseline 0.001 -20"><span class='ocrx_word' id='word_1_828' title='bbox 564 5500 695 5547; x_wconf 86' lang='lat' dir='ltr'><strong>sunt</strong></span> <span class='ocrx_word' id='word_1_829' title='bbox 743 5506 843 5562; x_wconf 91' lang='lat' dir='ltr'><strong>per</strong></span> <span class='ocrx_word' id='word_1_830' title='bbox 896 5488 1170 5562; x_wconf 85' lang='lat' dir='ltr'><strong>regiones.</strong></span> <span class='ocrx_word' id='word_1_831' title='bbox 1220 5489 1483 5560; x_wconf 90' lang='lat' dir='ltr'><strong>Princeps</strong></span> <span class='ocrx_word' id='word_1_832' title='bbox 1530 5504 1725 5546; x_wconf 89' lang='lat' dir='ltr'><strong>causas</strong></span> <span class='ocrx_word' id='word_1_833' title='bbox 1763 5491 1915 5559; x_wconf 82' lang='lat' dir='ltr'><strong>dixit,</strong></span> <span class='ocrx_word' id='word_1_834' title='bbox 1952 5495 2157 5567; x_wconf 68' lang='lat' dir='ltr'><strong>expedit</strong></span> 
     </span>
    </p>
   </div>
   <div class='ocr_carea' id='block_1_102' title="bbox 570 5583 2157 5664">
    <p class='ocr_par' dir='ltr' id='par_1_102' title="bbox 570 5583 2157 5664">
     <span class='ocr_line' id='line_1_102' title="bbox 570 5583 2157 5664; baseline 0.004 -23"><span class='ocrx_word' id='word_1_835' title='bbox 570 5599 730 5641; x_wconf 77' lang='lat' dir='ltr'><strong>unum</strong></span> <span class='ocrx_word' id='word_1_836' title='bbox 781 5584 1041 5641; x_wconf 88' lang='lat' dir='ltr'><strong>hominem</strong></span> <span class='ocrx_word' id='word_1_837' title='bbox 1086 5583 1238 5655; x_wconf 87' lang='lat' dir='ltr'><strong>mori,</strong></span> <span class='ocrx_word' id='word_1_838' title='bbox 1285 5600 1442 5656; x_wconf 88' lang='lat' dir='ltr'><strong>quam</strong></span> <span class='ocrx_word' id='word_1_839' title='bbox 1489 5593 1596 5641; x_wconf 88' lang='lat' dir='ltr'><strong>tota</strong></span> <span class='ocrx_word' id='word_1_840' title='bbox 1621 5602 1743 5660; x_wconf 86' lang='lat' dir='ltr'><strong>gens</strong></span> <span class='ocrx_word' id='word_1_841' title='bbox 1786 5596 1981 5658; x_wconf 80' lang='lat' dir='ltr'><strong>pereat,</strong></span> <span class='ocrx_word' id='word_1_842' title='bbox 2032 5591 2157 5664; x_wconf 87' lang='lat' dir='ltr'><strong>quia</strong></span> 
     </span>
    </p>
   </div>
   <div class='ocr_carea' id='block_1_103' title="bbox 2272 4662 3863 4732">
    <p class='ocr_par' dir='ltr' id='par_1_103' title="bbox 2272 4662 3863 4732">
     <span class='ocr_line' id='line_1_103' title="bbox 2272 4662 3863 4732; baseline 0.008 -15"><span class='ocrx_word' id='word_1_843' title='bbox 2272 4677 2394 4717; x_wconf 88' lang='lat' dir='ltr'><strong>rum</strong></span> <span class='ocrx_word' id='word_1_844' title='bbox 2425 4662 2593 4717; x_wconf 90' lang='lat' dir='ltr'><strong>Deum</strong></span> <span class='ocrx_word' id='word_1_845' title='bbox 2622 4676 2777 4732; x_wconf 87' lang='lat' dir='ltr'><strong>esse,</strong></span> <span class='ocrx_word' id='word_1_846' title='bbox 2824 4666 2970 4722; x_wconf 89' lang='lat' dir='ltr'><strong>videt</strong></span> <span class='ocrx_word' id='word_1_847' title='bbox 2999 4674 3056 4723; x_wconf 85' lang='lat' dir='ltr'><strong>et</strong></span> <span class='ocrx_word' id='word_1_848' title='bbox 3079 4668 3291 4725; x_wconf 86' lang='lat' dir='ltr'><strong>Patrem</strong></span> <span class='ocrx_word' id='word_1_849' title='bbox 3334 4670 3630 4727; x_wconf 86' lang='lat' dir='ltr'><strong>secundum</strong></span> <span class='ocrx_word' id='word_1_850' title='bbox 3663 4671 3863 4729; x_wconf 85' lang='lat' dir='ltr'><strong>divini-</strong></span> 
     </span>
    </p>
   </div>
   <div class='ocr_carea' id='block_1_104' title="bbox 2232 4764 2456 4812">
    <p class='ocr_par' dir='ltr' id='par_1_104' title="bbox 2232 4764 2456 4812">
     <span class='ocr_line' id='line_1_104' title="bbox 2232 4764 2456 4812; baseline -0.004 0"><span class='ocrx_word' id='word_1_851' title='bbox 2232 4804 2235 4805; x_wconf 39' lang='grc' dir='ltr'><em>ν</em></span> <span class='ocrx_word' id='word_1_852' title='bbox 2272 4764 2456 4812; x_wconf 88' lang='lat' dir='ltr'><strong>tatem.</strong></span> 
     </span>
    </p>
   </div>
   <div class='ocr_carea' id='block_1_105' title="bbox 2341 4848 3857 4931">
    <p class='ocr_par' dir='ltr' id='par_1_105' title="bbox 2341 4848 3857 4931">
     <span class='ocr_line' id='line_1_105' title="bbox 2341 4848 3857 4931; baseline 0.008 -27"><span class='ocrx_word' id='word_1_853' title='bbox 2341 4848 2469 4905; x_wconf 87' lang='lat' dir='ltr'><strong>Non</strong></span> <span class='ocrx_word' id='word_1_854' title='bbox 2508 4851 2622 4906; x_wconf 87' lang='lat' dir='ltr'><strong>veni</strong></span> <span class='ocrx_word' id='word_1_855' title='bbox 2651 4862 2707 4907; x_wconf 89' lang='lat' dir='ltr'><strong>ut</strong></span> <span class='ocrx_word' id='word_1_856' title='bbox 2735 4855 2971 4925; x_wconf 87' lang='lat' dir='ltr'><strong>judicem</strong></span> <span class='ocrx_word' id='word_1_857' title='bbox 2993 4897 3007 4921; x_wconf 92' lang='lat'><strong>,</strong></span> <span class='ocrx_word' id='word_1_858' title='bbox 3056 4857 3146 4910; x_wconf 88' lang='lat' dir='ltr'><strong>sed</strong></span> <span class='ocrx_word' id='word_1_859' title='bbox 3174 4866 3232 4911; x_wconf 93' lang='lat' dir='ltr'><strong>ut</strong></span> <span class='ocrx_word' id='word_1_860' title='bbox 3275 4856 3557 4928; x_wconf 78' lang='lat' dir='ltr'><strong>salviﬁcem</strong></span> <span class='ocrx_word' id='word_1_861' title='bbox 3580 4860 3857 4931; x_wconf 87' lang='lat' dir='ltr'><strong>mundum,</strong></span> 
     </span>
    </p>
   </div>
   <div class='ocr_carea' id='block_1_106' title="bbox 2268 4945 3863 5025">
    <p class='ocr_par' dir='ltr' id='par_1_106' title="bbox 2268 4945 3863 5025">
     <span class='ocr_line' id='line_1_106' title="bbox 2268 4945 3863 5025; baseline 0.009 -26"><span class='ocrx_word' id='word_1_862' title='bbox 2268 4945 2529 5013; x_wconf 87' lang='lat' dir='ltr'><strong>ostendit,</strong></span> <span class='ocrx_word' id='word_1_863' title='bbox 2578 4947 2722 5017; x_wconf 92' lang='lat' dir='ltr'><strong>quod</strong></span> <span class='ocrx_word' id='word_1_864' title='bbox 2750 4963 2847 5019; x_wconf 85' lang='lat' dir='ltr'><strong>per</strong></span> <span class='ocrx_word' id='word_1_865' title='bbox 2892 4949 3213 5008; x_wconf 68' lang='lat' dir='ltr'><strong>effusionem</strong></span> <span class='ocrx_word' id='word_1_866' title='bbox 3256 4955 3535 5025; x_wconf 89' lang='lat' dir='ltr'><strong>sanguinis</strong></span> <span class='ocrx_word' id='word_1_867' title='bbox 3563 4956 3863 5014; x_wconf 88' lang='lat' dir='ltr'><strong>redimeret</strong></span> 
     </span>
    </p>
   </div>
   <div class='ocr_carea' id='block_1_107' title="bbox 2271 5038 3861 5125">
    <p class='ocr_par' dir='ltr' id='par_1_107' title="bbox 2271 5038 3861 5125">
     <span class='ocr_line' id='line_1_107' title="bbox 2271 5038 3861 5125; baseline 0.012 -32"><span class='ocrx_word' id='word_1_868' title='bbox 2271 5038 2527 5095; x_wconf 90' lang='lat' dir='ltr'><strong>mundum</strong></span> <span class='ocrx_word' id='word_1_869' title='bbox 2553 5059 2565 5095; x_wconf 89' lang='lat'><strong>:</strong></span> <span class='ocrx_word' id='word_1_870' title='bbox 2618 5042 2776 5099; x_wconf 73' lang='lat' dir='ltr'><strong>dilexi</strong></span> <span class='ocrx_word' id='word_1_871' title='bbox 2806 5060 2915 5113; x_wconf 86' lang='lat' dir='ltr'><strong>vos,</strong></span> <span class='ocrx_word' id='word_1_872' title='bbox 2957 5045 3080 5116; x_wconf 90' lang='lat' dir='ltr'><strong>quia</strong></span> <span class='ocrx_word' id='word_1_873' title='bbox 3105 5062 3253 5104; x_wconf 89' lang='lat' dir='ltr'><strong>eram</strong></span> <span class='ocrx_word' id='word_1_874' title='bbox 3290 5050 3343 5104; x_wconf 91' lang='lat' dir='ltr'><strong>in</strong></span> <span class='ocrx_word' id='word_1_875' title='bbox 3374 5051 3663 5108; x_wconf 91' lang='lat' dir='ltr'><strong>mundum:</strong></span> <span class='ocrx_word' id='word_1_876' title='bbox 3695 5071 3861 5125; x_wconf 81' lang='lat' dir='ltr'><strong>usque</strong></span> 
     </span>
    </p>
   </div>
   <div class='ocr_carea' id='block_1_108' title="bbox 2268 5132 3855 5209">
    <p class='ocr_par' dir='ltr' id='par_1_108' title="bbox 2268 5132 3855 5209">
     <span class='ocr_line' id='line_1_108' title="bbox 2268 5132 3855 5209; baseline 0.01 -24"><span class='ocrx_word' id='word_1_877' title='bbox 2268 5132 2326 5185; x_wconf 86' lang='lat' dir='ltr'><strong>in</strong></span> <span class='ocrx_word' id='word_1_878' title='bbox 2354 5133 2508 5202; x_wconf 81' lang='lat' dir='ltr'><strong>finem</strong></span> <span class='ocrx_word' id='word_1_879' title='bbox 2558 5134 2770 5190; x_wconf 74' lang='lat' dir='ltr'><strong>dilexit:</strong></span> <span class='ocrx_word' id='word_1_880' title='bbox 2807 5139 3119 5209; x_wconf 77' lang='lat' dir='ltr'><strong>exemplum</strong></span> <span class='ocrx_word' id='word_1_881' title='bbox 3168 5140 3336 5209; x_wconf 89' lang='lat' dir='ltr'><strong>dedit,</strong></span> <span class='ocrx_word' id='word_1_882' title='bbox 3368 5151 3429 5198; x_wconf 90' lang='lat' dir='ltr'><strong>ut</strong></span> <span class='ocrx_word' id='word_1_883' title='bbox 3452 5159 3639 5200; x_wconf 90' lang='lat' dir='ltr'><strong>omnes</strong></span> <span class='ocrx_word' id='word_1_884' title='bbox 3668 5144 3722 5199; x_wconf 91' lang='lat' dir='ltr'><strong>in</strong></span> <span class='ocrx_word' id='word_1_885' title='bbox 3754 5144 3855 5202; x_wconf 89' lang='lat' dir='ltr'><strong>Dei</strong></span> 
     </span>
    </p>
   </div>
   <div class='ocr_carea' id='block_1_109' title="bbox 2262 5224 3856 5309">
    <p class='ocr_par' dir='ltr' id='par_1_109' title="bbox 2262 5224 3856 5309">
     <span class='ocr_line' id='line_1_109' title="bbox 2262 5224 3856 5309; baseline 0.009 -31"><span class='ocrx_word' id='word_1_886' title='bbox 2262 5224 2491 5281; x_wconf 85' lang='lat' dir='ltr'><strong>veritate</strong></span> <span class='ocrx_word' id='word_1_887' title='bbox 2541 5237 2899 5297; x_wconf 86' lang='lat' dir='ltr'><strong>permaneant</strong></span> <span class='ocrx_word' id='word_1_888' title='bbox 2942 5245 3113 5300; x_wconf 92' lang='lat' dir='ltr'><strong>usque</strong></span> <span class='ocrx_word' id='word_1_889' title='bbox 3153 5232 3206 5287; x_wconf 92' lang='lat' dir='ltr'><strong>in</strong></span> <span class='ocrx_word' id='word_1_890' title='bbox 3266 5234 3448 5290; x_wconf 86' lang='lat' dir='ltr'><strong>linem.</strong></span> <span class='ocrx_word' id='word_1_891' title='bbox 3481 5233 3636 5290; x_wconf 67' lang='lat' dir='ltr'><strong>Carna</strong></span> <span class='ocrx_word' id='word_1_892' title='bbox 3685 5240 3856 5309; x_wconf 80' lang='lat' dir='ltr'><strong>facta,</strong></span> 
     </span>
    </p>
   </div>
   <div class='ocr_carea' id='block_1_110' title="bbox 2262 5318 3860 5401">
    <p class='ocr_par' dir='ltr' id='par_1_110' title="bbox 2262 5318 3860 5401">
     <span class='ocr_line' id='line_1_110' title="bbox 2262 5318 3860 5401; baseline 0.009 -29"><span class='ocrx_word' id='word_1_893' title='bbox 2262 5318 2501 5374; x_wconf 89' lang='lat' dir='ltr'><strong>ostendit</strong></span> <span class='ocrx_word' id='word_1_894' title='bbox 2529 5320 2834 5390; x_wconf 87' lang='lat' dir='ltr'><strong>passionem</strong></span> <span class='ocrx_word' id='word_1_895' title='bbox 2862 5321 3090 5378; x_wconf 86' lang='lat' dir='ltr'><strong>Christi:</strong></span> <span class='ocrx_word' id='word_1_896' title='bbox 3122 5323 3274 5381; x_wconf 90' lang='lat' dir='ltr'><strong>Sicut</strong></span> <span class='ocrx_word' id='word_1_897' title='bbox 3301 5337 3423 5397; x_wconf 92' lang='lat' dir='ltr'><strong>post</strong></span> <span class='ocrx_word' id='word_1_898' title='bbox 3442 5341 3655 5383; x_wconf 73' lang='lat' dir='ltr'><strong>coenam</strong></span> <span class='ocrx_word' id='word_1_899' title='bbox 3687 5345 3860 5401; x_wconf 82' lang='lat' dir='ltr'><strong>pran-</strong></span> 
     </span>
    </p>
   </div>
   <div class='ocr_carea' id='block_1_111' title="bbox 2260 5413 3855 5495">
    <p class='ocr_par' dir='ltr' id='par_1_111' title="bbox 2260 5413 3855 5495">
     <span class='ocr_line' id='line_1_111' title="bbox 2260 5413 3855 5495; baseline 0.009 -27"><span class='ocrx_word' id='word_1_900' title='bbox 2260 5413 2411 5469; x_wconf 91' lang='lat' dir='ltr'><strong>dium</strong></span> <span class='ocrx_word' id='word_1_901' title='bbox 2444 5430 2553 5470; x_wconf 91' lang='lat' dir='ltr'><strong>non</strong></span> <span class='ocrx_word' id='word_1_902' title='bbox 2584 5415 2673 5471; x_wconf 82' lang='lat' dir='ltr'><strong>fit:</strong></span> <span class='ocrx_word' id='word_1_903' title='bbox 2721 5416 2798 5473; x_wconf 90' lang='lat' dir='ltr'><strong>sic</strong></span> <span class='ocrx_word' id='word_1_904' title='bbox 2830 5417 3076 5473; x_wconf 89' lang='lat' dir='ltr'><strong>Christus</strong></span> <span class='ocrx_word' id='word_1_905' title='bbox 3103 5431 3385 5490; x_wconf 89' lang='lat' dir='ltr'><strong>postquam</strong></span> <span class='ocrx_word' id='word_1_906' title='bbox 3438 5424 3610 5479; x_wconf 90' lang='lat' dir='ltr'><strong>semel</strong></span> <span class='ocrx_word' id='word_1_907' title='bbox 3662 5428 3855 5495; x_wconf 72' lang='lat' dir='ltr'><strong>passus</strong></span> 
     </span>
    </p>
   </div>
   <div class='ocr_carea' id='block_1_112' title="bbox 2261 5500 3856 5590">
    <p class='ocr_par' dir='ltr' id='par_1_112' title="bbox 2261 5500 3856 5590">
     <span class='ocr_line' id='line_1_112' title="bbox 2261 5500 3856 5590; baseline 0.008 -28"><span class='ocrx_word' id='word_1_908' title='bbox 2261 5517 2363 5576; x_wconf 90' lang='lat' dir='ltr'><strong>est,</strong></span> <span class='ocrx_word' id='word_1_909' title='bbox 2400 5525 2508 5564; x_wconf 94' lang='lat' dir='ltr'><strong>non</strong></span> <span class='ocrx_word' id='word_1_910' title='bbox 2556 5509 2793 5566; x_wconf 90' lang='lat' dir='ltr'><strong>ostendit</strong></span> <span class='ocrx_word' id='word_1_911' title='bbox 2849 5526 2907 5567; x_wconf 90' lang='lat' dir='ltr'><strong>se</strong></span> <span class='ocrx_word' id='word_1_912' title='bbox 2953 5511 3152 5569; x_wconf 88' lang='lat' dir='ltr'><strong>iterum</strong></span> <span class='ocrx_word' id='word_1_913' title='bbox 3202 5528 3518 5584; x_wconf 89' lang='lat' dir='ltr'><strong>passurum:</strong></span> <span class='ocrx_word' id='word_1_914' title='bbox 3560 5500 3774 5590; x_wconf 76' lang='lat' dir='ltr'><strong>surgens</strong></span> <span class='ocrx_word' id='word_1_915' title='bbox 3819 5537 3856 5574; x_wconf 88' lang='lat' dir='ltr'><strong>a</strong></span> 
     </span>
    </p>
   </div>
   <div class='ocr_carea' id='block_1_113' title="bbox 2263 5602 3850 5686">
    <p class='ocr_par' dir='ltr' id='par_1_113' title="bbox 2263 5602 3850 5686">
     <span class='ocr_line' id='line_1_113' title="bbox 2263 5602 3850 5686; baseline 0.008 -32"><span class='ocrx_word' id='word_1_916' title='bbox 2263 5615 2426 5669; x_wconf 77' lang='lat' dir='ltr'><strong>caena,</strong></span> <span class='ocrx_word' id='word_1_917' title='bbox 2456 5602 2699 5659; x_wconf 86' lang='lat' dir='ltr'><strong>ostendit</strong></span> <span class='ocrx_word' id='word_1_918' title='bbox 2719 5604 3027 5676; x_wconf 88' lang='lat' dir='ltr'><strong>passionem</strong></span> <span class='ocrx_word' id='word_1_919' title='bbox 3071 5615 3334 5677; x_wconf 88' lang='lat' dir='ltr'><strong>nostram,</strong></span> <span class='ocrx_word' id='word_1_920' title='bbox 3362 5610 3850 5686; x_wconf 85' lang='lat' dir='ltr'><strong>resurrectionem,</strong></span> 
     </span>
    </p>
   </div>
   <div class='ocr_carea' id='block_1_114' title="bbox 642 5763 2595 5857">
    <p class='ocr_par' dir='ltr' id='par_1_114' title="bbox 642 5763 2595 5857">
     <span class='ocr_line' id='line_1_114' title="bbox 642 5763 2595 5857; baseline 0.01 -35"><span class='ocrx_word' id='word_1_921' title='bbox 642 5772 672 5805; x_wconf 73' lang='grc' dir='ltr'>α</span> <span class='ocrx_word' id='word_1_922' title='bbox 702 5763 906 5840; x_wconf 85' lang='lat' dir='ltr'><strong>Supple</strong></span> <span class='ocrx_word' id='word_1_923' title='bbox 933 5778 1094 5825; x_wconf 81' lang='lat' dir='ltr'><strong>morte</strong></span> <span class='ocrx_word' id='word_1_924' title='bbox 1122 5784 1240 5839; x_wconf 87' lang='lat' dir='ltr'><strong>sua,</strong></span> <span class='ocrx_word' id='word_1_925' title='bbox 1267 5778 1359 5827; x_wconf 89' lang='lat' dir='ltr'><strong>aut</strong></span> <span class='ocrx_word' id='word_1_926' title='bbox 1385 5770 1515 5843; x_wconf 88' lang='lat' dir='ltr'><strong>quid</strong></span> <span class='ocrx_word' id='word_1_927' title='bbox 1532 5771 1720 5842; x_wconf 84' lang='lat' dir='ltr'><strong>simile</strong></span> <span class='ocrx_word' id='word_1_928' title='bbox 1752 5791 1765 5831; x_wconf 88' lang='lat'><strong>:</strong></span> <span class='ocrx_word' id='word_1_929' title='bbox 1799 5785 1953 5835; x_wconf 82' lang='lat' dir='ltr'><strong>vacat</strong></span> <span class='ocrx_word' id='word_1_930' title='bbox 1978 5774 2030 5836; x_wconf 90' lang='lat' dir='ltr'><strong>in</strong></span> <span class='ocrx_word' id='word_1_931' title='bbox 2064 5779 2313 5857; x_wconf 84' lang='lat' dir='ltr'><strong>originali</strong></span> <span class='ocrx_word' id='word_1_932' title='bbox 2338 5782 2595 5856; x_wconf 89' lang='lat' dir='ltr'><strong>spatium.</strong></span> 
     </span>
    </p>
   </div>
  </div>
