4050 6198
310 262 384 324 585
971 259 1337 326 EXPOSITIO
1374 253 1709 333 QUATUOR
1742 252 2315 321 EVANGELIORUM.
2352 259 2679 323 JOANNES.

3371 262 3479 328 586

301 386 386 444 sive
419 386 722 447 ascensionem
760 404 774 445 :
818 388 963 462 ponit
1002 388 1303 445 vestimenta
1356 400 1475 454 sua,
1507 381 1767 453 ostendit,
1794 380 1852 443 Α
1873 388 1923 436 et
1942 397 2071 453 ego;
2102 390 2158 439 et
2185 382 2431 454 reliqua:
2456 400 2634 455 pacem
2662 397 2828 439 meam
2848 383 2914 438 do
2934 382 3097 454 vobis,
3119 383 3174 441 id
3198 390 3305 452 est,
3329 386 3473 444 sicut

302 480 393 551 quia
416 481 662 553 deponenda
694 491 849 538 erant
875 482 1200 537 vestimenta
1225 478 1345 549 ejus
1375 477 1442 533 ad
1472 490 1711 533 crucem.

356 573 371 647 (
397 573 565 643 Incipit
590 573 957 643 capitulatio.)
992 572 1280 643 [Accipiens
1327 571 1541 624 linteum
1562 610 1579 636 ,
1641 581 1778 637 prte-

296 664 421 718 cinxit
449 683 490 720 se
522 665 663 733 linteo,
708 665 763 721 id
808 672 923 733 est,
978 664 1331 720 mortiﬁcatio
1386 662 1592 733 ipsius:
1625 662 1782 716 mittit

293 775 437 828 aquam
459 760 500 813 in
539 759 718 831 pelvim,
762 758 1001 815 ostendit
1029 759 1259 830 gratiam
1290 756 1549 827 baptismi
1588 774 1601 809 :
1636 755 1785 826 coepit

292 850 425 905 lavm
446 852 563 922 pedes
584 852 949 923 discipulorum
978 866 1212 916 suorum,
1237 857 1285 904 et
1317 859 1575 919 extergere
1604 845 1784 913 linteo,

288 955 366 1012 per
394 941 652 999 lavationem
697 944 913 1013 pedum,
949 942 1279 1012 baptismum
1306 938 1682 1011 apostolorum
1707 935 1788 991 in-

287 1034 511 1105 telligitur,
530 1051 606 1105 per
627 1040 992 1092 extersionem
1025 1035 1175 1091 lintei
1193 1032 1430 1089 ostendit
1461 1046 1559 1101 per
1583 1028 1790 1099 passio-

284 1140 384 1182 nem
404 1127 566 1184 Christi
605 1130 969 1186 extersionem
1000 1134 1372 1197 peccatorum.
1427 1121 1553 1177 Non
1596 1120 1791 1173 lavabis

280 1220 407 1291 pedes
441 1222 545 1275 mihi
570 1223 613 1276 in
648 1230 928 1289 ceternum,
965 1234 1174 1292 pavore
1195 1214 1518 1288 perterritus
1542 1212 1788 1269 dicebat:

279 1314 320 1367 si
335 1331 420 1368 non
444 1316 580 1369 lavero
607 1324 668 1381 te,
694 1331 798 1369 non
827 1313 1033 1368 habebis
1062 1320 1260 1381 partem
1282 1325 1505 1375 mecum,
1530 1304 1791 1370 ostendit,

275 1406 351 1477 qui
361 1419 446 1461 non
462 1406 719 1462 estlavatus
732 1420 830 1475 per
841 1404 1192 1475 baptismum,
1208 1410 1263 1458 et
1280 1415 1375 1471 per
1391 1396 1793 1455 confessionem

273 1500 551 1572 poenitentiae
574 1542 587 1567 ,
628 1516 738 1555 non
771 1497 992 1555 habebit
1024 1506 1234 1568 partem
1280 1494 1423 1565 apud
1469 1491 1791 1548 Dominum:

270 1594 437 1666 accepit
472 1596 743 1649 vestimenta
773 1609 891 1661 sua,
941 1592 1143 1648 iterum
1175 1588 1499 1655 ostenditur,
1527 1585 1672 1657 quod
1702 1598 1795 1639 re-

267 1694 477 1742 vertetur
499 1686 553 1741 ad
579 1684 789 1741 Judteos
819 1685 876 1739 in
904 1683 1067 1739 ﬁnem
1099 1682 1315 1738 mundi:
1367 1697 1470 1734 non
1496 1687 1569 1733 est
1621 1691 1796 1731 servus

1885 488 1987 545 ego
2016 476 2285 545 patienter
2315 477 2517 534 suﬂ'ero
2548 478 2750 543 omnia,
2783 484 2839 533 et
2881 492 2977 532 vos
3018 480 3340 549 patientiam
3377 480 3479 537 ha-

1884 565 2055 622 betis:
2115 585 2290 637 pacem
2328 585 2491 624 meam
2519 570 2756 641 relinquo
2793 569 2953 639 vobis,
2982 567 3036 623 id
3067 580 3171 637 εει,
3213 570 3479 644 sicutego

1887 674 2083 733 passus
2103 677 2245 733 sum,
2286 664 2357 719 ita
2388 672 2444 720 et
2473 678 2575 721 vos
2600 663 2916 734 patiemini:
2966 679 3071 717 non
3092 664 3224 716 sicut
3261 666 3482 720 mundus

1891 754 1983 808 dat
2004 772 2204 826 pacem,
2238 772 2330 827 ego
2356 755 2421 809 do
2448 757 2622 823 vobis;
2652 755 2889 811 mundus
2914 754 3271 825 interruptam
3295 769 3484 825 pacem

1891 845 2004 908 dat,
2040 847 2183 903 Deus
2204 855 2464 904 aeternam
2492 849 2584 904 dat
2612 866 2627 902 :
2659 850 2795 903 venit
2826 849 3061 919 princeps
3082 847 3265 903 mundi
3286 850 3354 903 ad
3383 867 3482 918 me,

1892 937 2026 992 nihil
2051 938 2103 990 in
2136 956 2215 993 me
2234 940 2449 1009 invenit,
2484 941 2535 996 id
2558 950 2661 1008 est,
2695 941 2942 999 diabolus
2973 940 3121 998 venit
3148 941 3217 996 ad
3248 955 3487 1012 crucem,

1892 1038 1946 1085 et
1978 1031 2032 1085 in
2065 1031 2296 1088 Domino
2327 1049 2436 1089 non
2487 1035 2697 1091 invenit
2746 1043 3062 1105 peccatum:
3104 1036 3355 1108 qumsivit
3404 1052 3493 1093 ca-

1893 1135 2046 1192 pere,
2080 1131 2272 1192 captus
2297 1133 2383 1180 est
2411 1126 2479 1179 ab
2508 1141 2606 1181 eo:
2636 1128 2770 1180 sicut
2802 1128 3047 1198 prlecepit
3072 1127 3200 1183 mihi
3231 1138 3397 1199 pater,
3423 1128 3495 1183 sic

1897 1215 2055 1283 facio,
2081 1214 2231 1269 misit
2268 1215 2420 1271 illum
2452 1225 2632 1286 pater,
2665 1226 2726 1273 ut
2755 1221 3073 1289 sanguinem
3114 1236 3271 1278 suum
3302 1221 3497 1278 funde-

1896 1311 1981 1358 ret
2008 1319 2109 1373 pro
2134 1319 2337 1375 genere
2385 1306 2649 1374 humano,
2682 1316 2739 1363 et
2758 1307 2831 1364 ita
2864 1309 2993 1365 fecit
3020 1328 3031 1364 :
3085 1328 3179 1384 ego
3210 1329 3325 1367 sum
3381 1314 3500 1369 vitis

1898 1410 2037 1464 vera,
2084 1396 2228 1453 unde
2253 1400 2471 1470 perﬂuit
2499 1402 2743 1471 sanguis,
2800 1404 3049 1473 et'aqua;
3097 1412 3146 1459 et
3172 1416 3318 1476 pater
3349 1425 3495 1464 meus

1899 1489 2129 1559 agricola
2150 1498 2247 1557 est,
2298 1490 2354 1546 id
2374 1500 2479 1561 est,
2509 1493 2684 1548 cultor
2711 1493 3006 1554 Ecclesiae:
3039 1510 3129 1551 vos
3149 1498 3411 1570 palmites,
3440 1500 3498 1556 id

1900 1590 2005 1649 est,
2030 1582 2264 1653 apostoli
2286 1583 2403 1640 sive
2433 1584 2622 1641 ﬁdeles
2650 1585 2947 1643 Eeclesim:
2995 1589 3130 1643 sicut
3159 1591 3356 1662 palmes
3395 1608 3501 1649 non

1902 1682 2068 1743 potest
2110 1693 2143 1729 a
2168 1692 2222 1730 se
2264 1676 2490 1746 fructum
2521 1682 2695 1751 ferre,
2749 1682 2851 1735 nisi
2880 1683 3127 1737 manserit
3172 1684 3229 1737 in
3271 1686 3395 1754 uite,
3424 1686 3506 1743 sic

264 1780 413 1849 major
442 1778 620 1833 domino
669 1794 796 1846 suo,
843 1793 1004 1846 neque
1060 1774 1324 1846 apostolus
1355 1788 1413 1827 eo
1451 1773 1658 1843 major,
1714 1767 1803 1837 qui
1831 1759 1882 1824 B
1909 1774 1964 1821 et
2002 1769 2371 1841 unusquisque
2419 1787 2527 1828 non
2556 1772 2667 1829 fert
2704 1773 2966 1843 fructum,
3022 1776 3127 1832 nisi
3158 1778 3422 1835 manserit
3445 1779 3503 1834 in

265 1872 388 1927 misit
429 1871 588 1937 illum,
637 1869 690 1925 id
741 1878 846 1935 est,
893 1883 993 1939 ego
1033 1870 1232 1939 patior,
1281 1877 1337 1921 et
1382 1878 1486 1920 vos
1532 1861 1798 1933 patimini.

212 2018 225 2025 ,
259 1963 416 2020 Aliter
440 1963 479 2019 si
513 1976 601 2032 ego
628 1976 713 2018 me
752 1961 980 2016 humilio
1027 1974 1198 2030 usque
1224 1957 1292 2012 ad
1319 1955 1544 2026 vestigia
1570 1962 1754 2010 vestra
1787 1968 1805 2015 ;

255 2056 325 2111 ita
371 2064 419 2111 et
470 2069 556 2111 vos
600 2054 881 2110 humiliate
914 2068 1014 2108 vos
1055 2052 1309 2107 omnibus
1357 2066 1370 2103 :
1413 2047 1591 2103 levabit
1622 2055 1805 2101 contra

251 2164 330 2204 me
348 2148 634 2215 calcaneum,
662 2146 716 2202 id
739 2156 845 2214 est,
876 2145 1191 2202 calcaneum
1217 2150 1461 2199 extrema
1484 2153 1609 2211 pars
1631 2151 1806 2194 mem-

249 2240 328 2298 bri
351 2247 448 2297 est.

314 2331 380 2387 Et
398 2348 479 2403 per
495 2330 761 2387 buccellam
776 2329 1007 2385 introivit
1025 2328 1082 2383 in
1103 2343 1222 2384 eum
1236 2326 1481 2392 Satanas,
1502 2323 1555 2380 id
1577 2330 1680 2389 εει,
1703 2321 1808 2378 sic-

244 2433 302 2481 ut
338 2424 605 2496 Apostolus
655 2424 764 2493 ait,
825 2423 914 2492 qui
964 2421 1179 2494 indigne
1224 2420 1410 2490 accipit
1452 2416 1651 2488 Corpus
1698 2412 1808 2467 D0—

239 2520 385 2587 mini,
407 2528 451 2574 et
485 2518 775 2590 sanguinem
803 2518 938 2589 ejus,
984 2516 1246 2588 judicium
1274 2514 1552 2569 manducat
1587 2522 1633 2566 et
1664 2510 1809 2565 bibit.

237 2610 552 2677 Prteceptum
577 2624 762 2663 novum
789 2609 855 2662 do
881 2607 1044 2673 vobis,
1079 2616 1135 2660 ut
1161 2615 1207 2661 et
1232 2605 1462 2677 diligatis
1483 2604 1697 2658 invicem
1719 2618 1736 2655 :
1755 2601 1809 2656 in

236 2708 436 2764 Vetere
463 2707 676 2773 dicitur,
709 2706 891 2777 diliges
920 2706 1166 2771 amicum,
1192 2713 1238 2759 et
1259 2704 1381 2757 odio
1406 2700 1610 2756 habebis
1636 2698 1812 2753 inimi-

230 2818 371 2857 cum.
419 2801 667 2857 Dominus
710 2799 859 2865 dicit,
891 2798 1091 2869 diligite
1138 2798 1380 2852 inimicos
1434 2803 1665 2850 vestros:
1706 2793 1812 2849 hoc

226 2901 319 2949 est
348 2898 668 2963 praeceptum
698 2905 931 2946 novum:
964 2906 1067 2944 non
1091 2887 1420 2942 conturbatur
1446 2901 1536 2941 cor
1562 2891 1809 2952 vestrum,

222 2983 320 3040 hic
357 2983 611 3054 praedicat
637 2983 899 3055 apostolis
948 2982 1017 3037 de
1058 2982 1311 3052 passione
1341 2994 1479 3036 sua:
1520 2979 1710 3033 credite
1759 2977 1812 3032 in

215 3074 414 3144 Deum,
446 3086 494 3132 et
517 3077 569 3130 in
594 3091 672 3130 me
694 3077 905 3142 credite,
938 3074 1064 3144 quia
1095 3073 1269 3128 Filius
1298 3073 1394 3129 Dei
1416 3090 1552 3129 sum.

1907 1857 2145 1916 Christo.

1979 1949 2046 2004 In
2076 1951 2171 2006 hoc
2201 1953 2523 2024 clari/icatus
2558 1966 2633 2011 est
2659 1955 2821 2014 Pater
2859 1975 3028 2029 meus,
3055 1971 3111 2017 ut
3137 1964 3365 2032 fructum
3394 1968 3503 2039 pri-

1908 2058 2048 2097 mum
2085 2044 2342 2113 offeratis,
2390 2047 2443 2102 id
2485 2057 2590 2116 est,
2638 2049 2781 2106 sicut
2818 2054 3269 2122 praedicationem
3309 2074 3410 2128 ego
3451 2070 3508 2118 ει

1911 2137 2221 2207 passionem
2250 2139 2597 2209 fructiﬁcavi,
2630 2142 2703 2198 ita
2734 2151 2790 2199 et
2816 2158 2915 2201 vos
2946 2145 3107 2203 facite
3134 2165 3148 2203 :
3171 2149 3303 2204 sicut
3323 2151 3509 2208 dilexit

1910 2242 1990 2281 me
2011 2226 2189 2296 Pater,
2206 2239 2256 2283 et
2276 2247 2368 2301 ego
2390 2231 2553 2287 dilexi
2574 2250 2683 2303 vos,
2708 2235 2761 2290 id
2784 2246 2888 2305 est,
2914 2238 3053 2297 sicut
3074 2242 3223 2298 misit
3241 2258 3330 2299 me
3350 2244 3512 2302 Pater

1910 2320 2238 2391 prmdicare,
2272 2332 2327 2378 et
2355 2324 2499 2393 pati,
2532 2334 2585 2381 et
2615 2341 2715 2397 ego
2741 2329 2899 2386 mitto
2928 2345 3028 2387 vos
3060 2348 3074 2385 :
3103 2338 3354 2407 majorem
3378 2337 3511 2392 cha-

1912 2413 2119 2467 ritatem
2157 2430 2305 2469 nemo
2332 2415 2520 2483 habet,
2558 2427 2613 2473 et
2638 2419 2850 2490 reliqua
2888 2439 2901 2476 :
2943 2423 3165 2480 dilectio
3207 2426 3400 2485 fortior
3428 2440 3515 2487 est

1914 2513 2115 2571 morte;
2148 2520 2248 2576 ego
2277 2521 2373 2576 per
2399 2508 2747 2565 dilectionem
2777 2512 2956 2585 patior
2982 2528 3090 2583 pro
3115 2515 3291 2585 vobis,
3325 2528 3381 2575 et
3412 2534 3515 2578 vos

1912 2596 2161 2667 patimini
2180 2613 2279 2669 pro
2305 2599 2552 2657 Ecclesia
2585 2618 2599 2656 :
2630 2604 2803 2659 omnia
2829 2621 2947 2676 qua:
2963 2608 3140 2663 audivi
3161 2626 3193 2664 a
3215 2608 3379 2667 Patre
3398 2629 3512 2668 meo

1914 2695 2038 2742 nota
2062 2689 2159 2757 feci
2187 2691 2349 2759 vobis,
2377 2691 2429 2746 id
2462 2703 2567 2759 est,
2593 2704 2866 2766 praecepta
2898 2697 3182 2770 Evangelii
3215 2719 3231 2757 :
3265 2702 3395 2776 elegi
3422 2721 3511 2762 vos

1916 2783 1981 2837 de
2008 2784 2222 2853 mundo,
2250 2784 2303 2840 id
2334 2794 2419 2842 est
2446 2785 2515 2842 de
2540 2788 2837 2847 mundanis
2866 2791 3081 2849 actibus
3113 2810 3128 2847 :
3160 2810 3263 2850 non
3293 2799 3416 2851 estis
3450 2797 3516 2853 de

1918 2879 2148 2947 mundo,
2189 2879 2245 2934 id
2283 2890 2389 2947 εει,
2427 2882 2553 2952 quia
2596 2897 2708 2939 non
2746 2882 2969 2956 diligitis
3005 2887 3270 2945 mundum
3303 2908 3318 2945 :
3350 2899 3413 2948 ut
3438 2892 3518 2949 ait

1918 2970 2199 3040 Salomon,
2233 2973 2360 3029 talis
2385 2983 2471 3031 est
2498 2977 2697 3033 mulier
2724 2979 2995 3049 adultera,
3028 2996 3150 3053 quae
3178 2998 3303 3040 cum
3333 2999 3519 3044 come-

1918 3066 2081 3133 derit,
2122 3068 2298 3139 tetigit
2334 3084 2397 3126 os
2438 3085 2619 3140 suum,
2667 3072 2819 3140 dicit,
2852 3089 2961 3129 non
2992 3088 3112 3130 sum
3142 3088 3370 3147 operata
3401 3095 3518 3137 ma-

292 3142 519 3233 Credite,
571 3168 626 3220 in
658 3166 809 3219 domo
841 3142 1019 3217 Patris
1058 3165 1200 3231 mei,
1240 3164 1295 3219 id
1318 3174 1422 3232 est,
1458 3167 1511 3218 in
1542 3163 1807 3234 Ecclesia,
1841 3142 1887 3211 Ο
1918 3160 2269 3233 lum:ﬁgurat
2298 3163 2599 3222 Ecclesiam
2624 3180 2689 3222 ex
2719 3166 2994 3237 gentibus,
3022 3184 3142 3241 qua:
3172 3142 3273 3240 per
3300 3173 3518 3230 confes-

210 3258 515 3314 mansiones
549 3257 729 3311 multa:
756 3265 897 3323 sunt,
953 3255 1008 3310 id
1039 3268 1143 3325 est,
1170 3256 1310 3312 sicut
1353 3257 1407 3311 in
1438 3270 1550 3312 uno
1598 3257 1816 3314 homine

201 3364 415 3408 sensus
442 3348 650 3406 divisus
672 3356 757 3404 est
787 3366 801 3401 :
852 3348 924 3403 ita
953 3348 1007 3403 in
1037 3348 1303 3415 Ecclesia,
1337 3363 1456 3420 quae
1501 3358 1585 3405 est
1614 3364 1813 3421 corpus

195 3442 446 3510 Christi,
474 3442 664 3513 gratia:
684 3441 870 3497 multa:
895 3450 1052 3498 sunt:
1093 3443 1228 3497 vado
1248 3458 1433 3515 parare
1455 3443 1591 3498 vobis
1621 3443 1812 3512 locum,

187 3536 254 3593 id
281 3544 396 3604 εει,
426 3536 639 3605 parabo
666 3534 823 3590 vobis
852 3536 1037 3602 vitam,
1068 3535 1209 3591 sicut
1238 3533 1561 3605 Apostolus:
1593 3536 1817 3591 advoca-

186 3636 312 3682 tum
364 3626 623 3682 habemus
652 3626 795 3697 apud
818 3625 1053 3697 Patrem,
1086 3628 1173 3698 qui
1202 3626 1504 3698 interpellat
1526 3644 1620 3699 pro
1642 3628 1811 3683 nobis.

174 3721 315 3793 Ego
362 3737 485 3776 sum
524 3720 611 3774 via
653 3728 700 3773 et
757 3721 946 3775 veritas
973 3761 988 3786 ,
1040 3730 1087 3775 et
1127 3722 1269 3789 vita,
1326 3722 1411 3776 via
1455 3721 1575 3777 sine
1622 3735 1817 3777 errore

170 3812 455 3869 Christus
502 3819 613 3881 est,
667 3812 871 3869 veritas
913 3813 1033 3870 sine
1056 3812 1312 3884 falsitate,
1358 3813 1469 3870 vita
1495 3814 1613 3871 sine
1638 3821 1816 3870 morte

163 3906 305 3976 ipse
332 3914 451 3962 est.

244 3998 473 4054 Amodo
524 4000 697 4053 nostis
737 4016 855 4054 eum
884 4007 931 4055 et
960 3999 1159 4054 vidistis
1185 4015 1341 4068 eum,
1400 4000 1452 4055 id
1492 4008 1606 4066 est,
1653 4015 1815 4071 quem

149 4094 584 4163 cognoverunt
614 4091 792 4148 oculis
834 4091 1102 4161 corporis,
1146 4100 1199 4147 et
1242 4099 1618 4161 cognoverunt
1644 4093 1817 4151 oculis

144 4186 372 4243 cordis
400 4228 417 4253 ,
484 4185 797 4241 secundum
864 4185 1212 4242 divinitatem
1255 4200 1351 4256 per
1396 4185 1815 4244 illustrationem

137 4280 440 4352 Spiritus
494 4280 721 4336 sancti:
767 4283 971 4351 majora
1001 4278 1188 4334 horum
1243 4280 1388 4349 facit,
1441 4279 1495 4333 id
1544 4288 1649 4347 est,
1692 4281 1818 4350 quia

132 4374 448 4432 Christus
516 4389 627 4445 per
701 4374 972 4431 ﬁmbriam
1024 4374 1310 4431 mulierem
1375 4375 1630 4430 sanavit:
1680 4388 1815 4445 apo-

125 4466 293 4521 stoli
337 4480 496 4522 vero
530 4480 643 4538 per
670 4466 920 4522 umbram
950 4465 1198 4521 inﬁrmos
1226 4465 1514 4521 curabunt.
1551 4463 1815 4537 (Explicit

123 4558 428 4630 Passio.)

205 4650 485 4726 Ragabo
518 4649 752 4707 Patrem
780 4668 948 4707 meum
973 4691 989 4721 ,
1035 4658 1084 4706 et
1113 4653 1274 4706 alium
1309 4651 1634 4708 Paraclitum
1679 4652 1819 4707 dabit

123 4747 298 4801 vobis
334 4761 359 4799 :
411 4760 533 4815 per
597 4745 686 4802 bis
732 4746 984 4816 spiritum
1028 4754 1311 4815 acceptum
1350 4746 1569 4802 dilectio
1597 4746 1724 4810 Dei,
1769 4753 1822 4800 et

120 4837 421 4895 )roximi
455 4837 815 4907 intelligitur
847 4855 859 4891 :
894 4837 1140 4907 spiritum
1167 4838 1432 4907 veritatis,
1493 4854 1643 4909 quem
1673 4852 1824 4891 mun-

122 4932 235 4984 tus
269 4929 581 5001 accipere
620 4944 726 4983 non
754 4936 942 5000 potest,
994 4927 1046 4983 id
1072 4935 1177 4995 est,
1225 4928 1313 4999 qui
1346 4928 1603 4984 mundum
1629 4928 1821 5000 diligit,

121 5039 245 5079 ton
289 5022 550 5093 accipit.
606 5022 801 5080 illum:
848 5040 954 5078 non
999 5023 1292 5093 relinquam
1329 5040 1415 5077 vos
1447 5022 1729 5093 orphanos,
1769 5022 1823 5079 id

122 5126 235 5186 κει,
285 5133 433 5173 non
503 5116 839 5187 relinquam
869 5131 968 5173 vos
996 5115 1296 5174 secundum
1337 5116 1713 5171 divinitatem:
1771 5116 1827 5170 in

122 5211 217 5264 να
262 5210 381 5265 die
409 5209 808 5282 cognoscetis,
838 5209 894 5264 id
926 5218 1029 5275 est,
1057 5210 1111 5264 in
1138 5208 1343 5275 futuro,
1403 5209 1519 5264 sive
1563 5209 1616 5262 in
1648 5221 1829 5264 resur-

127 5301 430 5359 ectione
470 5301 741 5358 Christi.
766 5299 881 5373 Ego
905 5301 960 5355 in
986 5300 1167 5371 Patre,
1202 5301 1255 5355 id
1287 5308 1393 5367 est,
1425 5298 1721 5356 secundum
1751 5299 1835 5356 di-

124 5395 481 5451 I’nitatcm
521 5413 541 5450 :
578 5411 682 5449 vos
711 5395 765 5449 in
793 5410 898 5461 me,
928 5394 1053 5466 quia
1082 5395 1323 5450 membra
1340 5409 1457 5449 mea
1483 5394 1648 5461 estis;
1671 5403 1719 5448 et
1743 5411 1833 5467 ego

128 5534 129 5537 η
197 5490 442 5557 vobis,
482 5489 554 5545 id
597 5499 711 5557 est,
742 5491 794 5544 in
824 5488 1116 5545 dilectione
1162 5489 1343 5546 cordis
1392 5489 1587 5546 vestri:
1618 5489 1839 5559 manife-

134 5584 276 5637 τὸο
310 5585 382 5639 ei
440 5586 783 5654 mcipsum,
835 5585 887 5640 id
920 5594 1035 5653 est,
1067 5586 1354 5641 credentes
1386 5587 1437 5640 in
1469 5584 1837 5641 divinitatem:

131 5676 539 5731 ansionem
607 5676 763 5749 apud
809 5694 923 5730 eum
981 5679 1260 5749 faciemus:
1293 5678 1432 5733 sicut
1474 5681 1592 5748 ipse
1622 5676 1730 5743 ait,
1757 5674 1844 5729 ubi

1918 3255 2130 3311 sionem
2162 3255 2415 3314 abstersit
2442 3273 2502 3314 se
2530 3257 2599 3315 de
2642 3259 2983 3314 immunditia
3012 3270 3358 3331 peccatorum
3393 3282 3411 3319 :
3453 3266 3517 3321 ab

1917 3347 2068 3403 initio
2098 3364 2296 3404 mecum
2324 3351 2477 3417 estis,
2508 3350 2561 3405 id
2593 3359 2699 3417 est,
2730 3350 2799 3405 ab
2829 3352 2987 3408 initio
3015 3352 3442 3423 praedicationis.

1990 3440 2055 3497 Si
2081 3457 2171 3513 ego
2188 3458 2291 3496 non
2304 3441 2497 3511 abiero,
2520 3439 2819 3496 Paraclitus
2842 3459 2945 3496 non
2966 3445 3129 3499 veniet
3151 3446 3222 3499 ad
3240 3462 3331 3503 vos
3356 3464 3374 3502 :
3396 3464 3518 3504 cum

1918 3534 2109 3588 venerit
2134 3530 2458 3599 Paraclitus,
2488 3540 2669 3605 arguet
2698 3532 2950 3589 mundum
2976 3534 3041 3589 de
3065 3546 3295 3607 peccato,
3325 3539 3381 3595 id
3406 3548 3514 3614 est,

1918 3626 2010 3697 qui
2055 3639 2165 3680 non
2204 3623 2377 3681 credit
2418 3624 2473 3679 in
2515 3639 2643 3692 me,
2687 3625 2880 3682 credat
2925 3642 3025 3697 per
3065 3629 3517 3699 praedicationem

1918 3717 2200 3789 Evangelii
2243 3734 2257 3771 :
2299 3719 2363 3772 de
2387 3718 2594 3789 judicio
2629 3729 2830 3787 autem,
2868 3721 2996 3792 quia
3033 3722 3289 3795 princeps
3327 3727 3518 3784 mundi

1914 3810 2187 3881 judicatus
2212 3818 2297 3867 est
2327 3827 2343 3865 :
2375 3822 2555 3882 arguet
2589 3814 2654 3885 de
2678 3822 2912 3885 peccato,
2944 3814 2997 3889 id
3024 3824 3129 3883 εει,
3163 3825 3222 3872 ut
3248 3832 3346 3889 per
3372 3834 3521 3891 prin-

1920 3904 2250 3960 dicationem
2281 3912 2520 3960 vestram
2556 3916 2947 3963 convertantur
2977 3908 3044 3964 ad
3083 3911 3464 3978 paenitentiam
3499 3931 3517 3969 :

1920 3994 1983 4048 de
1998 3993 2226 4064 iustitia,
2256 4002 2317 4049 ut
2342 3994 2487 4050 sicut
2507 3994 2682 4066 diligit
2702 3996 3035 4067 proximum,
3058 3997 3249 4069 diligat
3268 4010 3323 4056 et
3344 4001 3516 4058 Deum

1920 4104 1989 4146 ex
2020 4096 2136 4143 toto
2164 4087 2331 4143 corde
2363 4104 2379 4143 :
2409 4087 2478 4144 de
2497 4087 2721 4158 judicio,
2758 4099 2816 4145 ut
2845 4090 3105 4162 quidquid
3133 4092 3323 4159 vultis,
3348 4102 3407 4148 ut
3436 4094 3519 4149 fa-

1922 4185 2071 4243 ciant
2095 4183 2252 4239 vobis
2277 4182 2551 4255 homines,
2569 4193 2625 4242 ει
2644 4200 2741 4242 νοε
2762 4186 2926 4244 facite
2956 4187 3063 4244 illis
3090 4205 3104 4245 :
3128 4186 3247 4245 haec
3267 4189 3421 4247 enim
3435 4199 3523 4250 est

1920 4278 2032 4337 Lex
2062 4290 2117 4337 et
2146 4278 2455 4352 Prophetas.

1994 4375 2263 4430 Modicum
2293 4391 2396 4429 non
2426 4373 2662 4430 videbitis
2691 4393 2791 4446 me,
2816 4377 2871 4433 id
2901 4386 3006 4445 est,
3038 4376 3163 4433 dum
3181 4376 3330 4449 jacui
3355 4377 3411 4434 in
3434 4392 3521 4437 se-

1922 4467 2114 4540 pulcro
2145 4485 2159 4522 :
2190 4467 2453 4522 modicum
2490 4468 2703 4536 iterum,
2732 4478 2779 4522 et
2803 4468 3041 4523 videbitis
3069 4485 3170 4536 me,
3205 4467 3260 4524 id
3288 4477 3393 4535 est,
3426 4484 3525 4540 per

1844 4527 1901 4591 D
1926 4558 2391 4619 resurrectionem
2423 4576 2436 4613 :
2466 4559 2602 4614 venit
2629 4555 2759 4614 hora
2786 4561 2996 4631 quando
3021 4576 3125 4614 non
3154 4560 3209 4613 in
3239 4560 3523 4631 proverbiis

1928 4657 2113 4727 loquar
2138 4654 2416 4719 vobiscum,
2448 4654 2538 4708 sed
2562 4654 2737 4723 palam
2766 4653 2830 4706 de
2860 4651 3024 4707 Patre
3050 4652 3399 4723 manifestabo
3429 4670 3523 4708 vo-

1927 4747 2023 4815 bis,
2058 4747 2113 4803 id
2143 4754 2250 4813 est,
2278 4759 2380 4815 per
2403 4744 2865 4801 resurrectionem
2899 4761 2912 4796 :
2942 4744 2995 4797 in
3023 4742 3120 4798 illa
3140 4742 3223 4798 die
3242 4744 3299 4798 in
3319 4745 3527 4801 nomine

1929 4854 2041 4896 meo
2070 4839 2282 4907 petatis,
2316 4835 2370 4889 id
2398 4842 2501 4899 est,
2534 4835 2657 4905 quia
2686 4834 2923 4890 ascendo
2953 4834 3019 4889 ad
3050 4833 3302 4906 Patrem,
3333 4849 3524 4892 resur-

1930 4928 2107 5002 gendo
2133 4942 2229 4998 per
2252 4932 2605 4997 potestatem.
2631 4924 2797 4981 Pater
2817 4926 2991 4996 diligit
3016 4940 3126 4995 vos,
3152 4924 3280 4997 quia
3301 4925 3529 4999 diligitis

1928 5040 2018 5083 me
2048 5043 2061 5077 ε
2092 5021 2324 5091 relinquo
2350 5019 2604 5073 mundum
2627 5028 2675 5073 et
2699 5020 2837 5073 vado
2862 5018 2929 5071 ad
2956 5016 3192 5089 Patrem,
3214 5020 3269 5077 id
3300 5030 3403 5092 est,
3431 5036 3532 5093 per

1930 5111 2281 5187 praesentiam
2330 5108 2617 5178 corporis,
2666 5123 2793 5164 nam
2839 5108 3138 5165 secundum
3187 5110 3531 5168 divinitatem

1934 5221 2043 5265 non
2074 5200 2332 5273 relinquit
2356 5199 2620 5257 mundum
2655 5216 2672 5255 z
2704 5215 3004 5270 pressuram
3034 5200 3258 5270 habetis,
3286 5201 3342 5257 id
3365 5208 3472 5269 est,
3500 5213 3534 5255 a

1938 5297 2226 5358 mundanis
2252 5293 2571 5350 hominibus
2609 5291 3020 5350 tribulationem
3066 5314 3078 5349 ε
3123 5312 3215 5368 ego
3251 5296 3350 5349 vici
3386 5309 3542 5349 mun-

1943 5395 2088 5460 dum,
2128 5390 2182 5447 id
2221 5396 2327 5457 est,
2367 5386 2584 5458 alligavi
2612 5388 2812 5444 fortem
2841 5388 2897 5444 in
2925 5388 3154 5459 mundo,
3182 5388 3277 5460 qui
3303 5396 3390 5444 est
3417 5387 3535 5445 dia-

1943 5485 2123 5542 holus.

2026 5576 2179 5635 Venit
2203 5576 2352 5643 hora,
2376 5572 2557 5646 Pater,
2582 5576 2650 5631 ad
2672 5576 2961 5646 clariﬁcare
2981 5575 3148 5647 ﬁlium
3173 5584 3336 5646 tuum,
3363 5562 3550 5648 idest,

1951 5690 2048 5746 per
2075 5669 2538 5729 resurrectionem
2568 5688 2581 5724 :
2610 5678 2666 5725 ut
2696 5669 2837 5740 ﬁlius
2866 5669 3114 5738 clariﬁcel
3139 5678 3207 5737 te,
3238 5668 3291 5724 id
3317 5679 3423 5738 εει,
3448 5686 3552 5742 per

142 5789 213 5829 r0
290 5770 403 5828 vel
448 5782 599 5827 tres
631 5773 927 5842 congregati
958 5773 1149 5841 [ιιενίηε
1173 5775 1224 5828 in
1258 5773 1461 5830 nomine
1482 5787 1615 5841 meo,
1640 5770 1709 5825 ibi
1730 5786 1846 5827 sum
1924 5766 2126 5839 ﬁlium
2156 5769 2566 5835 convertantur,
2598 5774 2653 5824 et
2678 5763 2907 5824 credant
2932 5781 2943 5818 :
2971 5778 3064 5833 ego
3088 5772 3135 5821 te
3160 5760 3446 5833 clari/icavi
3466 5778 3554 5821 su-

495 5865 821 5929 PA'rnon.
866 5863 1080 5933 XXX.

2976 5858 3048 5921 19
3080 5923 3120 5943 η
