2028 3173
277 146 331 175 587

799 142 827 169 S.
849 141 1042 169 HlERONYM‘l‘
1059 139 1203 169 OPERUM
1219 138 1405 168 MANTISSA.

1885 136 1942 166 588

276 211 321 239 per
337 207 442 236 terram,
459 202 486 230 id
502 206 554 234 est,
568 203 662 227 notum
675 198 728 235 feci
740 198 865 225 omnibus
877 197 950 233 apud
963 204 987 225 te
1001 206 1007 223 :
1021 205 1076 223 ma-
1090 198 1113 226 Α
1129 201 1151 222 et
1164 203 1215 222 non
1229 196 1356 222 introivit:
1369 193 1455 223 Judazi
1471 201 1520 229 per
1534 194 1634 230 Legem
1648 198 1676 222 et
1690 193 1848 229 Prophetas
1861 193 1943 221 vide-

278 238 399 287 nifestavi
410 257 501 276 nomen
512 245 747 282 tuum/taminibus,
760 238 890 281 ostendit,
898 243 968 279 quod
980 251 1078 270 secun-

278 296 344 323 dum
357 294 526 322 divinitatem
542 299 602 319 cum
620 290 700 318 Patre
720 294 796 323 crat,
814 293 841 316 et
855 288 1033 323 corporaliter
1049 288 1076 315 in

279 346 352 368 terra
366 348 373 368 ;
386 347 450 375 quos
466 337 530 373 mihi
543 337 638 363 dedisti
654 335 685 375 de
701 334 797 362 mundo
813 335 850 361 tui
864 338 950 368 erant,
966 335 993 361 iu
1007 342 1077 370 prte-

274 385 390 420 scientia
403 384 436 411 ab
453 382 532 410 ittitio
553 383 590 410 tui
603 386 683 410 erant
700 390 707 407 :
724 380 787 407 mitti
802 388 845 407 eos
860 379 964 414 dedisti,
982 380 1007 406 id
1022 384 1075 413 est,

275 431 308 466 ad
324 426 475 457 docendum
493 437 500 456 :
516 433 539 456 et
553 436 695 455 sermonem
710 431 782 453 tuum
795 432 967 458 servaverunt,
981 421 1006 453 id
1022 429 1074 458 est,

275 477 301 503 in
325 476 376 503 ﬁde
402 478 621 511 permanserunt.
647 474 705 509 Ego
727 481 775 508 pro
796 473 833 500 eis
857 481 931 509 rogo,
954 480 1004 500 non
1029 480 1077 508 pro

254 541 259 546 .
274 521 384 554 mundo,
402 522 462 556 qttia
477 521 529 548 scit
545 521 625 553 Deus,
638 520 683 555 qui
698 523 762 547 sunt
776 519 834 554 ejus
846 527 854 547 ε
866 519 954 546 omnia
965 523 1010 546 tua
1021 526 1077 545 mea

272 572 349 600 sunt,
370 571 394 593 et
412 561 469 605 nt'ea
488 571 532 593 tua
552 569 615 592 sunt
630 573 639 594 :
653 569 677 592 et
691 564 852 599 clariﬁcatus
867 572 924 592 sum
939 565 965 591 in
981 564 1033 597 eis,
1050 563 1076 591 id

273 616 326 645 est,
339 613 366 639 in
379 612 475 639 iisdem
487 609 614 648 gentibus
626 611 817 639 manifestatus
828 619 900 646 sum,
912 611 938 639 id
950 615 1002 644 est,
1014 610 1076 646 quia

272 659 450 687 crediderunt
464 660 492 686 in
509 667 552 686 me
571 668 577 686 :
599 659 626 686 in
645 658 745 686 mundo
761 666 820 686 sum
837 658 1033 693 corporaliter,
1049 663 1077 685 et

267 706 302 732 in
319 705 419 733 mundo
435 713 486 733 non
502 713 560 733 sum
575 705 770 740 corporaliter;
790 709 814 732 et
830 713 876 740 pro
893 705 928 731 eis
943 704 1076 738 sancti/ica

273 753 411 790 meipstt_m,
428 751 454 778 id
470 745 522 784 est,
536 758 585 786 per
600 751 761 786 martyrium
776 755 803 777 et
820 749 1050 779 resurrectionem
1066 758 1073 777 :

271 806 319 834 ego
339 791 501 832 claritatem,
517 805 594 830 quam
612 796 707 824 dedisti
726 796 790 834 int/ti
802 817 810 829 ,
829 796 888 823 dedi
908 797 962 830 eis,
979 795 1004 823 id
1020 799 1072 829 est,

273 831 408 880 pratcepta
421 844 521 871 divina.
540 843 629 870 Exibit
639 851 698 870 cum
712 831 847 879 discipulis
862 843 916 870 suis
931 847 1004 870 trans
1022 847 1075 870 tor—
1109 873 1114 881 4

1128 247 1189 269 ruttt
1211 240 1353 269 Christum
1367 246 1512 269 venturum
1524 262 1532 276 ,
1549 245 1577 269 et
1600 241 1749 269 adventum
1762 240 1855 277 ipsius
1883 248 1939 268 non

1127 293 1299 323 receperunt.
1318 288 1391 315 Venit
1407 287 1501 323 Petrus
1526 296 1633 323 sequens
1654 296 1711 315 eum
1726 295 1736 315 :
1759 287 1824 314 vidit
1842 288 1939 314 lintea-

1127 336 1207 367 mina,
1221 341 1245 361 et
1258 335 1386 368 introivit,
1400 334 1520 362 ostendit
1534 339 1630 369 gentes
1640 356 1647 368 ,
1662 343 1721 370 quae
1736 335 1762 361 in
1778 334 1935 362 adventum

1128 381 1230 409 Christi
1240 402 1248 413 .
1263 382 1325 408 sive
1336 381 1488 408 doctrinam
1504 380 1595 408 illius:
1609 388 1656 415 per
1668 380 1831 408 linteamina
1844 381 1938 408 incar-

1130 423 1204 456 n'atio
1221 429 1324 458 Christi
1340 429 1503 464 intelligitur
1523 437 1530 455 :
1546 435 1594 463 per
1608 428 1748 456 sudarium
1765 428 1934 463 mysterium

1127 475 1276 503 divinitatis
1293 475 1456 510 intelligitur
1469 484 1474 502 ι
1488 474 1628 502 sudarium
1641 482 1695 502 non
1711 482 1774 502 cum
1788 474 1933 502 linteami-

1128 522 1221 555 nibus,
1235 522 1283 549 sed
1295 522 1444 557 separatim
1460 522 1486 549 in
1503 529 1587 548 unum
1598 522 1688 549 locum
1702 521 1874 553 involutum.
1889 529 1934 549 os-

1127 569 1230 601 tendit,
1247 568 1308 604 quia
1323 568 1451 596 divinitas
1475 568 1557 603 longe
1573 571 1616 595 est
1629 573 1734 595 remota
1760 575 1775 594 a
1802 568 1931 595 sensibus

1126 614 1273 655 httmapis,
1301 614 1328 643 in
1356 622 1439 641 unum
1463 614 1642 649 locttquui
1668 618 1732 647 sunt
1748 614 1928 646 universalis:

1127 665 1192 688 tttnc
1205 660 1330 687 introivit
1344 664 1372 687 et
1383 661 1453 687 alius
1467 660 1635 694 discipulus.
1660 659 1706 695 qui
1721 660 1801 694 prius
1814 665 1929 687 venerat

1127 708 1160 734 ad
1177 710 1401 744 monumentum,
1416 706 1538 733 ostendit
1561 705 1671 733 Judatos
1695 712 1819 733 reversos
1840 705 1875 733 ad
1897 705 1928 732 ﬁ-

1127 753 1189 780 dem
1206 752 1232 780 in
1247 752 1329 780 ﬁnetn
1345 752 1438 787 mundi
1453 760 1460 778 :
1484 752 1574 786 angeli
1590 751 1716 779 sedentes
1733 751 1765 778 ad
1780 756 1862 786 caput
1873 774 1882 786 ,
1900 755 1928 779 et

1126 799 1160 826 ad
1178 798 1281 835 pedes,
1297 799 1419 826 ostendit
1435 798 1559 831 initium,
1571 801 1600 825 et
1616 798 1708 825 tinem.

1163 840 1235 872 Dixit
1248 845 1345 878 Maria,
1357 846 1444 872 nescio
1457 844 1499 871 ubi
1512 848 1655 879 posuerunt
1666 852 1735 879 eum,
1748 841 1871 873 ostendit
1881 852 1927 871 se-

271 896 368 918 rentem
384 890 496 923 Cedron,
511 890 630 918 oStendit
646 890 775 925 impetunt
792 890 1001 926 persecutionis.
1017 889 1071 916 Ite-
1087 885 1110 916 Β
1123 891 1241 919 cundum
1264 898 1389 918 carnem:
1410 890 1536 925 diligebat
1559 891 1685 917 mundum
1696 910 1708 927 ,Α
1729 893 1756 918 et
1779 897 1829 927 per
1845 889 1924 917 ﬁdem

270 934 327 965 rum
348 938 477 965 transiens
497 936 575 965 Jestts
596 945 654 964 cum
674 936 812 971 discipulis
832 937 902 970 suis,
924 936 951 964 id
969 941 1020 970 est,
1038 937 1072 964 de

272 984 372 1011 mundo
386 984 418 1010 ad
434 984 560 1017 Patrem,
572 988 599 1011 et
614 983 647 1010 de
659 983 761 1010 Iudaeis
775 982 808 1009 ad
819 987 923 1017 gentes.
939 982 1072 1020 Venerunt

270 1037 330 1055 cum
349 1029 456 1056 [uternis
473 1031 500 1055 et
517 1029 628 1064 faculis,
645 1028 670 1055 id
685 1033 736 1063 est,
754 1029 805 1063 ipsi
822 1029 873 1056 sibi
888 1029 1072 1057 accenderunt

268 1075 361 1103 lunteu
383 1075 490 1110 poenale
513 1084 519 1102 :
543 1075 708 1102 adduxerunt
729 1084 787 1102 eum
805 1075 840 1102 ad
855 1075 975 1108 Annam,
993 1078 1070 1103 Anna

268 1122 352 1156 gratia
375 1121 425 1148 Dei
444 1122 656 1156 interpretatur,
678 1121 723 1156 qui
747 1123 831 1157 gratia
854 1123 903 1150 Dei
927 1127 1071 1158 acceperat

267 1163 454 1202 principatum
476 1166 645 1207 sacerdotis;
666 1168 714 1195 sed
738 1168 783 1195 illa
806 1168 863 1195 visa
881 1172 923 1195 est
942 1169 1068 1201 cstiaria,

269 1221 330 1248 qua:
344 1210 492 1240 introduxit
510 1213 619 1241 Petrum
636 1213 662 1240 in
678 1213 788 1246 atrium,
805 1213 940 1251 signiﬁcat
952 1215 1068 1250 primiti-

273 1259 333 1286 vum
350 1259 500 1287 Ecclesium
518 1268 525 1288 ε
539 1260 702 1295 exprobravit
717 1268 787 1293 eum,
800 1261 861 1295 quia
873 1260 922 1287 Dei
938 1261 1022 1288 tilium
1039 1268 1069 1289 se

270 1313 331 1334 esse
345 1304 470 1338 dixisset,
486 1304 572 1340 certe,
584 1314 637 1333 non
647 1306 766 1341 rapinam
776 1306 917 1333 arbitratus
929 1310 966 1333 est
977 1314 1004 1333 se
1013 1314 1068 1334 esse

269 1349 394 1387 (equalem
404 1351 469 1385 Deo,
483 1352 527 1380 sed
540 1352 705 1388 semetipsum
716 1353 868 1387 exinanivit,
881 1355 992 1388 formam
1002 1348 1068 1380 senti

266 1395 377 1432 decepit.
408 1432 411 1436 >
472 1433 476 1436 ‘
610 1425 614 1427 ,
864 1431 867 1436 Ι
941 1428 946 1436 ⁸
1038 1431 1041 1434 ι

302 1441 381 1480 Iesus
394 1432 629 1478 bajutans'crucem
642 1451 716 1470 suam
732 1451 741 1471 :
756 1432 909 1479 exemplum
923 1432 998 1473 dedit
1011 1432 1066 1473 sic-

269 1486 299 1516 tit
312 1487 369 1524 ipse
385 1481 536 1531 dixit‘tqui
554 1480 677 1525 vnttpost
692 1499 731 1518 me
743 1492 838 1524 venire,
852 1491 959 1528 abneget
974 1497 1066 1520 semet-

265 1531 363 1570 ipsum,
378 1539 406 1562 et
419 1532 531 1569 reliqua
548 1543 555 1564 :
572 1535 624 1563 duo
639 1536 758 1564 latrones
773 1537 894 1565 cruciﬁxi
911 1542 1062 1566 erantcum

1125 936 1270 970 credebat,
1293 936 1363 971 quod
1382 936 1450 964 dixit
1469 936 1568 968 Maria,
1585 935 1706 968 ostendit
1731 936 1922 972 cogitationem

1124 983 1215 1010 vocis:
1228 983 1290 1017 quia
1307 990 1355 1017 per
1369 982 1544 1010 dilectionem
1561 982 1677 1017 proximi
1689 981 1830 1016 cognoscit
1844 981 1921 1019 homo

1124 1028 1227 1056 Deum:
1240 1028 1307 1055 dixit
1318 1027 1407 1061 Jesus,
1424 1028 1477 1055 noti
1490 1036 1530 1055 me
1545 1032 1661 1063 tangere,
1682 1026 1709 1054 id
1720 1032 1761 1055 est
1773 1047 1786 1066 ,_
1798 1026 1826 1054 in
1842 1026 1920 1054 corde

1124 1078 1186 1101 tuo:
1201 1073 1246 1101 tibi
1257 1082 1309 1101 non
1324 1074 1440 1106 escendi,
1458 1081 1507 1108 per
1519 1073 1692 1100 divinitatem
1707 1082 1713 1099 :
1727 1073 1854 1107 discipuli
1869 1072 1920 1113 pis-

1122 1124 1216 1147 cantes
1230 1124 1312 1147 tolam
1328 1124 1436 1147 noctem
1452 1119 1520 1146 nihil
1533 1124 1679 1154 ceperunt:
1691 1119 1847 1160 piscatores
1858 1119 1920 1147 doc-

1123 1169 1197 1192 tores
1223 1170 1349 1198 veteres,
1376 1165 1402 1204 in
1420 1170 1511 1205 nocte
1539 1165 1661 1205 ostendit
1687 1171 1754 1193 ante
1776 1165 1918 1199 adventum

1121 1210 1222 1247 Christi
1239 1211 1340 1252 nullos,
1352 1202 1391 1238 ad
1413 1202 1609 1252 periegtionem
1626 1203 1674 1246 per
1696 1212 1916 1246 prazdicationem

1120 1258 1314 1299 Legis'veteris
1328 1250 1448 1299 venisse.
1474 1250 1552 1292 Hane
1569 1263 1658 1292 autem
1680 1259 1750 1294 facta
1763 1280 1770 1293 ,
1796 1259 1917 1287 ostendit

1120 1305 1220 1333 factum
1233 1296 1381 1344 adventum
1392 1296 1510 1342 Cbrisﬁ;
1532 1299 1625 1332 mittite
1639 1305 1669 1339 in,
1692 1303 1825 1341 dexteram
1852 1312 1915 1339 par-

1120 1354 1186 1383 tem,
1200 1350 1226 1378 id
1239 1356 1299 1384 est,
1312 1343 1412 1379 mittite
1425 1350 1647 1386 priedicationem
1659 1350 1686 1378 in
1698 1351 1836 1391 gentibus.
1852 1350 1917 1378 Erat

1119 1397 1188 1425 enim
1202 1396 1296 1425 Petrus
1311 1397 1414 1432 nudus,
1427 1397 1454 1425 id
1469 1403 1512 1425 est
1522 1418 1532 1430 ,
1544 1396 1609 1425 nudi
1623 1383 1727 1425 erantin
1740 1396 1793 1424 ﬁde
1804 1383 1914 1424 Christi:

1118 1435 1205 1472 tunica
1218 1445 1345 1471 succinin
1356 1453 1393 1477 se,
1407 1435 1489 1472 ﬁdem
1511 1444 1643 1472 Ecclesiae
1653 1453 1660 1471 :
1671 1444 1742 1471 misit
1755 1452 1783 1471 se
1796 1436 1823 1470 in
1837 1451 1912 1477 mare,

1117 1490 1144 1519 id
1160 1496 1217 1524 est,
1236 1492 1261 1518 in
1278 1491 1477 1524 lluctttationcs,
1494 1495 1521 1518 ct
1546 1490 1740 1518 amaritudines
1758 1489 1854 1517 mundi
1869 1498 1914 1527 per

1117 1537 1289 1565 dilectionem
1303 1538 1402 1565 Christi
1416 1547 1421 1563 ι
1435 1538 1481 1564 alii
1492 1538 1614 1572 discipuli
1626 1537 1728 1572 παι-ἱειἱο
1744 1531 1876 1578 venenint,
1888 1536 1912 1564 id

263 1580 349 1614 Iesu;
372 1581 417 1616 qui
433 1579 579 1615 permansit
598 1590 666 1609 unus
681 1579 707 1609 in
724 1582 833 1618 perﬁdia
853 1590 901 1611 sua
914 1604 920 1616 ,
944 1583 1063 1612 ostendit
1074 1579 1099 1611 C
1115 1587 1176 1617 est,
1190 1584 1217 1611 in
1230 1584 1350 1611 Ecclesia
1361 1605 1367 1615 ,
1383 1583 1587 1611 ﬂuctuationem
1601 1582 1691 1610 tnundi
1704 1578 1845 1610 calcantes
1857 1591 1864 1610 :
1875 1583 1911 1609 vi-

263 1618 387 1660 Judieos;
405 1627 449 1663 qui
465 1620 606 1655 confessus
621 1633 679 1662 est,
702 1624 836 1665 signiﬁcat
850 1622 945 1665 gentes
960 1639 966 1658 :
980 1631 1062 1666 scrip-

263 1666 318 1699 turn
333 1677 387 1699 erat
400 1673 427 1699 in
447 1670 526 1700 titulo
536 1670 763 1708 rex’ludworum,
777 1672 802 1702 id
819 1680 877 1710 est,
893 1683 941 1703 rex
955 1678 1062 1704 confes-

264 1720 368 1746 eorum.
381 1714 646 1754 Fecerun't'quatuor‘
656 1715 792 1755 partes‘de
804 1721 971 1749 vestimentis
981 1714 1059 1750 Jesu:

263 1766 376 1800 quatitur
386 1765 490 1806 milites,
498 1765 525 1792 id
537 1771 589 1798 est,
599 1762 714 1801 quatuor
725 1763 899 1803 evangelistaé
912 1768 1061 1796 vestimenta

260 1809 354 1843 divisa,
371 1811 398 1838 id
413 1816 471 1843 est,
486 1808 706 1846 prtedicatiOnent
718 1834 724 1846 .
746 1814 960 1842 incarnationem
972 1835 979 1848 ,
999 1822 1061 1850 pas-

261 1854 385 1888 sloneni,
400 1861 428 1884 et
447 1856 691 1893 resurrectionem,
713 1867 773 1894 qua:
797 1860 1011 1895 praedicaverunt
1032 1862 1058 1888 itt

263 1896 380 1935 quttuor
395 1899 515 1934 partibus
531 1901 636 1930 mundi;
652 1899 757 1943 Tunica
781 1901 870 1943 alitem
887 1901 1059 1943 inconsutilis

263 1942 387 1980 desupei‘
398 1945 542 1979 contexta,
562 1938 681 1975 asteridit
693 1950 754 1983 quia
769 1938 899 1978 divinitas
923 1938 949 1978 in
977 1940 1058 1979 lintre

263 1987 576 2028 et‘Filib'insepnrabilis
591 1998 633 2022 est
656 2003 662 2022 :
689 2004 740 2022 non
767 1997 915 2026 scindamus
930 2006 996 2031 eam,
1013 1999 1058 2025 sed

257 2033 397 2065 sortittmus
409 2038 441 2065 de
453 2038 510 2073 illa,
531 2040 605 2075 cujus
617 2041 681 2075 erit,
708 2042 844 2077 ostendit,
861 2042 924 2078 quia
940 2043 990 2071 viri
1013 2051 1058 2071 ca-

258 2079 354 2110 tholici
370 2091 423 2111 non
443 2083 571 2113 scindunt
585 2087 714 2114 unitatem
733 2084 892 2116 divinitatis.

292 2127 400 2165 latter,
411 2138 468 2163 ecce
482 2131 554 2166 [ilius
570 2137 647 2159 tuus:
663 2132 805 2168 discipulo,
819 2142 876 2161 ecce
896 2139 978 2162 mater
990 2140 1035 2163 tua
1046 2144 1056 2163 :

257 2175 302 2204 ltic
318 2176 449 2211 virginem
464 2178 684 2211 commendavit,
705 2183 733 2205 ut
754 2179 938 2214 incorruptam
964 2188 1056 2209 serva-

252 2226 295 2249 ret
305 2231 375 2250 τηου
389 2225 525 2258 fregerunt
536 2230 615 2250 crura
625 2223 703 2257 Jestt,
718 2225 744 2251 id
756 2229 813 2258 est,
827 2225 898 2260 quod
911 2226 1054 2262 ﬁguratum

1118 1630 1212 1658 derunt
1226 1639 1333 1666 prunas,
1349 1635 1371 1657 et
1388 1631 1495 1665 piscem,
1512 1635 1534 1657 et
1548 1639 1638 1663 panem
1652 1630 1780 1665 positum;
1798 1637 1847 1669 per
1861 1629 1912 1669 pis-

1113 1684 1172 1705 cem
1189 1677 1306 1704 ostendit
1322 1677 1401 1703 lidetn
1414 1697 1420 1709 ,
1437 1684 1485 1710 per
1504 1684 1605 1711 prunas
1621 1676 1741 1703 calorem
1754 1675 1906 1714 charitatis,

1114 1720 1164 1758 per
1175 1731 1271 1758 patrem
1284 1723 1394 1750 verbum
1407 1723 1528 1750 divinum
1541 1731 1547 1749 :
1560 1722 1688 1749 trahentes
1699 1727 1753 1750 rete
1764 1723 1790 1749 in
1806 1727 1910 1756 terram,

1114 1776 1162 1805 per
1173 1769 1265 1796 littora
1280 1769 1398 1796 ostendit
1411 1770 1490 1797 tinent
1506 1769 1614 1797 mundi:
1627 1769 1732 1805 plenum
1745 1770 1846 1805 magnis
1856 1770 1910 1805 pis-

1112 1810 1194 1849 cibus,
1208 1815 1232 1842 id
1248 1820 1307 1847 est,
1326 1816 1463 1850 plenitudo
1480 1820 1507 1842 et
1522 1815 1680 1855 magnitudo
1704 1811 1846 1855 Ecclesia,
1863 1822 1910 1850 per

1112 1856 1303 1889 remissionem
1317 1866 1509 1896 peccatorum:
1523 1853 1571 1896 per
1588 1866 1657 1894 tres,
1671 1853 1796 1897 ostendit
1807 1861 1910 1890 trinita-

1111 1913 1181 1936 tem:
1195 1908 1333 1934 indivisum
1345 1914 1396 1935 rete
1410 1914 1432 1935 et
1444 1917 1495 1935 non
1508 1909 1616 1935 scissum
1626 1929 1634 1941 ,
1647 1908 1671 1935 itl
1686 1913 1727 1935 est
1737 1929 1744 1940 ,
1760 1908 1909 1937 Ecclesiam

1112 1949 1145 1980 ini
1155 1953 1246 1980 futuro
1262 1945 1449 1989 incorruptam
1464 1944 1738 1981 :manducaui‘tllesus
1751 1957 1810 1989 post
1823 1962 1910 1982 retur-

1110 1999 1249 2026 rectioncm
1261 2020 1268 2032 ,
1285 1999 1505 2027 ostenditveram
1526 1999 1743 2028 incarnationem
1765 1992 1908 2036 corporis,

1110 2049 1140 2072 ut
1155 2043 1299 2073 credentes
1315 2038 1471 2073 crederent.

1146 2090 1219 2119 Dixit
1228 2092 1317 2132 Iesus,
1327 2090 1421 2119 Simon
1431 2090 1552 2132 Joannis,
1565 2100 1638 2120 antas
1649 2087 1698 2125 me,
1710 2083 1843 2128 ostendit,
1855 2084 1906 2120 sic;

1110 2131 1140 2165 ut
1152 2142 1194 2166 ter
1208 2130 1330 2173 negavit,
1347 2143 1376 2165 ut
1390 2142 1431 2166 ter
1448 2133 1626 2165 conﬁteretur
1640 2138 1720 2166 ﬁdem
1734 2133 1879 2166 Trinitatis
1897 2146 1904 2165 :

1109 2193 1183 2220 pasce
1198 2193 1255 2211 ores
1269 2193 1350 2217 meas,
1362 2184 1389 2212 id
1405 2179 1463 2220 est,
1481 2185 1507 2211 in
1524 2179 1666 2214 Ecclesia;
1681 2186 1813 2221 ingressus
1827 2179 1905 2219 Iesus

1105 2231 1197 2267 januis
1211 2231 1307 2274 clausis
1317 2251 1325 2264 ,
1335 2223 1457 2258 ostendit
1469 2224 1533 2265 quia
1542 2231 1641 2258 clausis
1652 2231 1794 2274 ingressus
1807 2235 1851 2258 est
1861 2224 1905 2266 ja-

255 2273 323 2296 antc-
335 2268 442 2302 fuerat,
459 2266 513 2303 p'er
523 2273 631 2303 agnum‘
646 2269 673 2296 in
688 2269 826 2307 Egypto:
841 2279 894 2299 non
920 2273 1033 2302 crudum
1044 2296 1051 2308 ,
1065 2275 1092 2305 Β
1106 2266 1168 2304 nuis
1184 2267 1289 2304 uterum
1306 2276 1358 2311 (sic
1385 2281 1412 2304 et
1427 2284 1522 2305 omnes
1538 2277 1625 2305 sancti
1640 2269 1705 2313 post
1723 2271 1905 2306 r‘esurrcctio—

254 2313 307 2342 nee
319 2320 427 2342 coctum
442 2314 526 2350 aqua;
551 2315 598 2343 sed
615 2321 705 2343 assum
723 2320 826 2344 tantum
843 2314 914 2353 igni',
930 2316 1051 2348 oetendit

252 2360 406 2395 passionem
418 2360 534 2401 Christi:
553 2361 680 2389 baculum
697 2363 722 2390 in
739 2366 820 2391 manu
831 2384 838 2397 ,
855 2364 975 2392 ostendit
988 2365 1050 2394 c'ru-

251 2406 310 2433 c‘em
323 2405 437 2440 Christi,
448 2406 482 2434 de
494 2406 596 2434 mundo
608 2403 763 2436 ad‘Patretr‘t
776 2417 783 2435 :
801 2417 852 2436 non
868 2411 1049 2439 eomminuetis

250 2451 472 2484 ex‘eo‘,~ostendit
483 2460 493 2486 η,
508 2457 536 2479 ιιι
552 2450 605 2480 non
621 2448 831 2482 ﬁeret'inl‘raet‘a
845 2455 911 2483 crux
923 2454 1025 2485 Christi
1039 2467 1046 2486 :

250 2497 340 2523 [antea
350 2497 489 2534 ‘latus'eju’s'
505 2496 669 2533 punxertt‘nt",
684 2499 1046 2539 ut‘impleretutJScriptura:

249 2541 372 2581 viderunt
381 2543 408 2570 in
421 2546 494 2578 quem
508 2542 683 2582 pupugerttnt;

283 2584 609 2633 Eicivit'sanguis‘et‘aqua
620 2590 715 2633 :g'sicut
729 2600 761 2620 ex
778 2585 863 2622 latere
875 2587 941 2623 Adie
952 2593 1046 2633 sump-

245 2637 272 2661 ta
282 2638 330 2662 est
343 2631 398 2662 E’va
406 2634 416 2668 ⁵,
426 2635 467 2662 ita
475 2632 609 2664 annue
617 2631 721 2666 Ch‘risti
734 2635 819 2667 exitii
829 2634 920 2668 redem
925 2641 980 2676 ptio
991 2631 1044 2670 Ei:-

242 2679 335 2709 cl’e‘sia:
347 2690 354 2708 :
370 2689 420 2716 per
434 2680 592 2717 sanguinem
602 2683 735 2712 remissio
749 2694 755 2711 :
769 2682 818 2721 p’er
828 2686 925 2721 aquam
939 2688 1043 2723 baptis-

241 2727 326 2755 mum;
342 2727 695 2765 Dua’disciputi‘eurrentes,
711 2726 807 2759 Petrus
818 2738 841 2760 et
851 2732 978 2769 Joannes,
995 2743 1041 2763 os-

239 2773 329 2817 tendit
340 2774 407 2802 duos
422 2776 538 2809 populos
551 2782 694 2804 currentes
705 2798 713 2811 ,
725 2778 835 2807 Judaeos
849 2788 896 2815 per
912 2781 979 2817 legis
994 2779 1038 2811 lit-

238 2816 324 2846 téram
335 2841 342 2852 ,
359 2826 454 2855 gentes
470 2829 517 2856 per
529 2822 615 2857 legem
632 2828 747 2852 naturae.

272 2863 388 2893 Ioannes
402 2870 572 2901 prwcucurrit
585 2869 672 2906 citius,
684 2871 748 2899 uidit
768 2871 920 2902 linteamina
933 2876 1032 2913 posita,

1106 2330 1169 2351 nem
1182 2322 1296 2350 induunt
1308 2323 1433 2358 spiritale
1447 2331 1548 2365 corpus
1558 2345 1565 2358 ,
1582 2323 1684 2365 ubique
1695 2316 1844 2365 s‘i’n‘e‘met‘u
1860 2317 1904 2352 in-

1104 2368 1181 2405 gredi
1198 2363 1336 2405 pessum),
1354 2368 1424 2397 ttnde
1437 2362 1554 2405 intege'r,
1570 2374 1598 2398 et
1613 2361 1903 2405 inco‘rr'uptusmatrie

1104 2415 1212 2462 mopio:
1225 2419 1282 2444 tres
1297 2412 1442 2445 testiﬁcant
1456 2417 1527 2460 hanc
1539 2410 1767 2461 sententiamimg
1784 2447 1805 2461 '_
1825 2446 1869 2462 HV

1138 2450 1312 2499 liiscipulus,
1331 2471 1405 2498 quem
1426 2458 1528 2491 amabat
1551 2464 1629 2503 Jes’us
1641 2450 1902 2504 ε’δεὲὶιῆδξιήδῖῖῖυἳ

1102 2512 1160 2542 est,
1169 2508 1243 2555 quod
1254 2508 1319 2537 fecit
1329 2503 1408 2554 tlest
1421 2511 1445 2538 in
1458 2506 1530 2554 Cana
1542 2510 1670 2553 Galile'ae,
1683 2504 1775 2554 vinum
1786 2503 1820 2540 de
1831 2520 1901 2553 aqua

1100 2555 1236 2591 expressit
1247 2564 1252 2583 :
1262 2560 1450 2593 opusparatum
1458 2556 1641 2592 virginitatem
1647 2557 1899 2592 Joannis‘ostcndit,

1098 2596 1164 2636 quia
1181 2600 1219 2629 illi
1242 2609 1343 2644 sponsa
1370 2597 1513 2645 conjuncta
1538 2608 1597 2631 est:
1615 2603 1823 2645 testimoniu'mh
1840 2612 1899 2645 qpo

1098 2642 1300 2676 commendavit
1312 2642 1392 2677 Josus
1405 2643 1520 2677 matrem
1533 2644 1732 2678 suamJoanni.
1748 2642 1834 2687 Maria
1845 2642 1900 2679 Ec-

1097 2693 1210 2723 clesiam
1223 2691 1332 2730 ﬁgurat,
1342 2693 1461 2724 Joannes
1473 2688 1651 2732 principatum
1660 2720 1668 2732 ,
1678 2698 1749 2725 sicut
1759 2688 1809 2727 fuit
1817 2689 1899 2728 Joan;

1097 2747 1146 2768 nes
1158 2740 1233 2775 virgo
1245 2740 1430 2775 matrimonio,
1445 2742 1483 2769 sic
1499 2742 1548 2769 l‘uit
1562 2743 1735 2778 incorruptus
1748 2748 1776 2771 et
1789 2749 1894 2781 morte:

1094 2782 1213 2828 Joannes
1226 2782 1412 2823 genealogiam
1427 2788 1460 2816 de
1483 2789 1623 2816 divinitate
1643 2795 1753 2822 narrat,
1769 2798 1836 2829 nam
1848 2783 1894 2830 alii

1093 2832 1128 2860 de
1143 2832 1253 2860 homine
1268 2839 1396 2861 narrant:
1411 2833 1445 2862 de
1458 2834 1600 2862 divinitate
1610 2835 1746 2869 Joannes,
1761 2827 1844 2870 dicit,
1859 2827 1891 2864 In

1090 2877 1221 2914 principio
1231 2883 1286 2906 erat
1299 2878 1418 2908 Verbum.
1431 2880 1484 2909 Iste
1490 2878 1599 2916 iacebat
1612 2888 1694 2917 super
1704 2885 1803 2917 pectus
1810 2873 1892 2918 Jesu,
