4050 6198
267 290 361 352 389
734 289 1277 352 COMMENTARIUS
1313 288 1383 346 IN
1419 286 1877 347 EVANGELIUM
1916 285 2067 345 SEC.
2109 288 2422 345 MARCUM.
2463 286 2855 346 PREFATIO.

3305 293 3411 350 890

263 404 302 463 ei
335 406 499 463 scientia
519 405 805 470 divinitatis,
838 414 958 475 qum
998 405 1176 460 fuerat
1208 405 1263 458 in
1294 410 1519 473 pectore
1543 402 1673 458 Jesu
1691 444 1707 470 ,
1734 404 1787 463 Α
1812 401 2021 456 tiﬂcata
2048 407 2132 456 est
2153 444 2167 467 ,
2190 401 2387 456 deinde
2412 415 2550 471 aqua
2574 443 2590 469 ,
2617 410 2673 456 et
2698 406 2882 470 postea
2906 401 3205 458 novissime
3235 402 3408 473 ignis,

262 501 443 557 ascendit
461 499 602 556 Joanni
623 498 683 554 de
710 498 1096 567 conjunctione
1128 496 1359 551 duorum
1406 506 1712 565 pectorum.

262 596 382 649 Insita
403 596 526 649 arbor
540 596 578 648 in
597 593 750 647 altera
770 631 785 657 ,
811 592 941 645 facit
966 590 1199 646 fructum
1230 589 1445 644 arboris
1466 586 1715 657 alterius,

255 690 294 742 in
318 698 393 758 qna
419 689 639 756 plantatnr.
670 686 726 742 Si
754 685 1053 740 secundum
1084 684 1329 740 ordinem
1361 681 1586 739 canonis
1617 683 1719 736 iste

252 780 354 834 liber
373 779 559 833 Matthzeo
576 776 975 848 praemittendus
998 786 1143 832 esset
1170 794 1183 829 :
1208 786 1262 832 et
1292 774 1437 845 quod
1460 774 1515 829 in
1540 773 1722 829 novis-

248 870 390 925 simam
416 869 576 940 positus
596 866 794 940 partem
819 906 835 937 ,
862 875 949 924 est
974 869 1101 939 quia
1128 877 1271 923 terra
1300 866 1537 938 primum
1565 880 1723 921 sanc-

1818 496 1949 567 quia
1996 496 2201 551 clarior
2232 503 2349 560 est,
2383 495 2676 551 subtilior:
2710 494 2837 549 item
2893 495 2947 549 in
2995 495 3413 553 similitudinem

1821 587 2049 642 duarum
2082 588 2260 658 legum
2281 628 2297 653 ,
2350 586 2401 641 id
2434 596 2517 641 est
2542 630 2557 655 ,
2590 596 2747 643 vetus
2771 596 2827 641 et
2854 602 3033 642 nova:
3060 597 3215 645 vetus
3260 590 3415 658 prius

1823 682 2019 738 tradita
2050 692 2169 738 erat
2189 724 2205 748 ,
2232 697 2372 737 nova
2403 691 2581 737 tamen
2612 683 2817 737 clarior
2841 689 2959 746 est,
2988 690 3045 737 et
3072 682 3270 751 major,
3295 685 3418 753 quia

1824 774 1892 830 de
1923 775 2241 830 caelestibus
2267 773 2549 841 discernit,
2581 783 2636 829 et
2659 773 3024 829 abundantior
3054 787 3149 839 ea,
3182 774 3324 843 quod
3352 776 3420 830 ad

1826 866 2179 938 Evangelium
2202 866 2431 923 Joannis
2460 867 2699 937 pertinet
2729 880 2801 923 ex
2833 882 3004 937 supra
3025 865 3211 922 dictis.

240 1096 1076 1195 COMMENTARIUS
1130 1106 1253 1190 IN
1304 1101 2104 1189 EVANGELIUM
2160 1095 2824 1192 SECUNDUM
2864 1102 3425 1195 MARCUM.

1450 1360 2087 1450 PR/EFATIO.-
2106 1362 2121 1374 ’

286 1510 436 1570 omnis
469 1511 610 1568 scriba
629 1511 823 1568 doctus
853 1511 907 1566 in
953 1520 1124 1581 regno
1168 1510 1439 1567 caelorum
1464 1550 1479 1576 ,
1525 1507 1720 1563 similis

220 1618 291 1664 t-st
334 1607 504 1663 homini
546 1600 938 1675 patrilamilias,
986 1602 1078 1673 qui
1109 1602 1320 1671 profert
1361 1601 1432 1657 de
1462 1599 1721 1656 thesauro

214 1715 299 1756 suo
325 1714 437 1756 nova
458 1710 502 1753 et
517 1710 701 1753 vetera.
732 1696 845 1768 Ego
872 1711 1003 1751 vero
1032 1694 1229 1751 similis
1254 1693 1600 1764 paupercula:
1643 1690 1724 1745 vi-

207 1794 339 1860 dum,
383 1790 475 1847 duo
508 1791 692 1846 minuta
724 1786 779 1845 iri
806 1787 1258 1859 gazophylacium
1291 1784 1526 1839 mittenti
1547 1826 1562 1851 ,
1611 1782 1725 1837 dis-

202 1888 421 1942 centibus
448 1883 561 1938 meis
597 1881 977 1953 pauperculis,
1008 1893 1071 1934 ac
1099 1880 1171 1934 de
1208 1890 1449 1948 paupere
1488 1888 1724 1945 paupera

198 1979 505 2049 sperantibus
530 1978 801 2032 alimenta:
834 1978 934 2031 has
978 1976 1047 2030 de
1075 1987 1263 2030 mensa
1306 1972 1537 2028 divitum
1570 1971 1729 2025 mitto

194 2070 377 2136 micas,
399 2080 514 2137 quas
539 2066 691 2119 catuli
721 2066 829 2121 mei
862 2064 1021 2119 avide
1045 2078 1167 2119 cum
1192 2060 1611 2133 Syrophtnnissa
1640 2060 1731 2114 ila-

190 2166 364 2233 gilanl.
390 2161 540 2216 Porro
567 2159 807 2225 anxiata,
843 2171 1037 2213 aurum
1084 2167 1137 2211 et
1164 2162 1484 2225 argentum,
1519 2152 1727 2222 lapides

185 2252 430 2324 pretiosos
472 2254 677 2306 minime
703 2250 913 2305 habens
938 2267 951 2301 :
982 2249 1155 2320 pelles
1182 2247 1396 2302 scilicet
1423 2243 1729 2315 hyacinthi-

1830 1508 2058 1573 tbaaum;
2086 1509 2181 1580 qui
2212 1508 2416 1576 fremit,
2454 1518 2511 1566 ut
2540 1509 2656 1576 leo;
2692 1511 2782 1583 qui
2815 1513 2988 1581 volat,
3016 1524 3075 1570 ut
3100 1518 3311 1585 aquila;
3341 1522 3434 1589 qui

1828 1600 1979 1666 dicit,
2010 1609 2068 1656 ut
2094 1601 2288 1668 homo;
2318 1601 2407 1672 qui
2432 1602 2696 1669 immolat,
2725 1614 2785 1658 ut
2808 1604 3088 1672 sacerdos;
3110 1608 3202 1677 qui
3227 1610 3438 1679 irrigat,

1828 1700 1889 1745 ut
1916 1692 2154 1759 ﬂumen;
2198 1694 2287 1764 qui
2319 1693 2585 1762 ﬂoresdt,
2620 1704 2679 1749 ut
2699 1708 2828 1766 ager
2856 1714 2870 1764 ;
2904 1698 2993 1764 qui
3028 1697 3233 1765 fervet,
3270 1709 3325 1754 ut
3354 1702 3440 1757 vi-

1833 1796 2002 1836 nttm:
2052 1783 2298 1838 Christus
2342 1786 2545 1840 etenim
2591 1785 2661 1841 de
2703 1802 2811 1855 quo
2850 1788 3111 1858 loquitur,
3143 1790 3306 1845 honio
3335 1805 3438 1846 na-

1835 1875 2039 1930 SCendo
2060 1917 2075 1941 ,
2122 1876 2323 1930 vitulus
2352 1878 2637 1932 moriendo
2661 1921 2675 1945 ,
2709 1878 2795 1933 leo
2825 1882 3122 1949 surgendo,
3156 1882 3334 1953 aquila
3359 1893 3443 1939 est

1834 1966 2200 2023 ascendendo.
2234 1968 2477 2035 Quatuor
2498 1979 2629 2025 sunt
2658 1972 2945 2041 qualitates
2963 2013 2979 2039 ,
3004 1975 3072 2030 de
3095 1977 3289 2045 quibus
3318 1994 3444 2033 san-

1835 2068 1921 2115 cta
1958 2062 2244 2131 Evangelia
2286 2072 2688 2117 contexuntur:
2720 2073 2984 2134 praecepta
3011 2110 3026 2134 ,
3052 2067 3329 2130 mandata,
3366 2078 3445 2124 te-

1834 2152 2115 2220 stimonia,
2150 2152 2417 2222 exempla.
2451 2156 2508 2210 ln
2540 2158 2827 2223 prteceptis
2849 2156 3055 2227 justitia
3089 2174 3105 2213 :
3134 2160 3189 2213 in
3222 2161 3444 2215 manda-

1838 2244 1909 2297 tis
1954 2245 2231 2299 charitas:
2265 2247 2315 2298 in
2368 2247 2689 2302 testimoniis
2740 2249 2911 2303 ﬁdes:
2947 2251 2998 2304 in
3030 2253 3296 2321 exemplis
3323 2268 3445 2321 per-

182 2362 273 2402 nas
312 2346 372 2401 de
400 2345 721 2409 coelestibus,
755 2358 863 2397 non
898 2338 966 2397 de
999 2339 1351 2396 terrestribus
1389 2337 1615 2393 oli’eram
1642 2351 1657 2389 :
1686 2335 1732 2390 si
1763 2339 1814 2400 B
1840 2338 2000 2391 fectio
2046 2339 2318 2393 consistit.
2364 2338 2437 2394 Ut
2476 2351 2603 2394 sunt
2636 2341 2751 2396 haec
2778 2352 3043 2411 praecepta
3071 2362 3085 2399 :
3117 2344 3266 2400 Tunc
3290 2345 3449 2401 Jesus

176 2444 388 2510 potuero
400 2438 459 2491 de
478 2436 688 2499 naturis,
716 2434 768 2489 id
785 2443 888 2501 est,
914 2434 980 2487 de
1006 2432 1170 2486 Marci
1185 2430 1541 2501 Evangelista:
1556 2428 1729 2481 histo-

171 2534 274 2597 ria,
306 2529 384 2584 vel
411 2530 624 2600 mystico
648 2526 963 2591 intellectu,
995 2532 1055 2578 ut
1082 2524 1319 2591 majores
1348 2521 1454 2575 mei
1490 2517 1728 2573 tradide-

158 2634 323 2689 runt,
355 2623 458 2677 Deo
494 2621 775 2689 adjuvante
796 2659 812 2681 ,
845 2618 1101 2671 intimare
1130 2615 1353 2669 curabo.
1390 2612 1561 2679 Quem
1606 2608 1733 2663 ideo

155 2716 539 2784 Evangelistam
570 2721 863 2767 tractantes
896 2710 1190 2772 intactum,
1214 2715 1277 2761 ut
1304 2714 1468 2776 puto,
1502 2712 1735 2773 praeter-

152 2817 289 2864 eunt
329 2820 343 2862 :
368 2806 484 2874 quia
513 2805 693 2860 eadem
726 2813 860 2870 p‘eue
883 2846 896 2870 ,
939 2816 1063 2871 qua:
1092 2797 1381 2854 Matthzrus
1410 2805 1599 2850 narrat
1629 2812 1640 2845 :
1672 2794 1737 2847 li-

151 2909 244 2954 cet
275 2899 326 2951 in
360 2897 587 2965 propriis
614 2894 939 2965 quibusdam
985 2893 1097 2946 sint
1120 2888 1362 2944 distincti
1387 2884 1736 2949 testimoniis;

151 3002 210 3047 ut
241 2991 318 3044 ala
354 2986 613 3053 alterius,
646 2988 784 3041 alam
835 2983 1065 3039 alterius
1118 2989 1304 3051 tangat
1347 2978 1633 3033 animalis:
1683 2984 1739 3031 et

153 3096 275 3140 rosa
309 3078 479 3137 r‘otain
502 3080 691 3137 eadem
721 3086 982 3149 sequatur
1004 3078 1089 3132 via
1114 3093 1127 3128 :
1153 3085 1208 3130 et
1234 3084 1294 3129 ut
1314 3073 1491 3127 versis
1513 3070 1739 3124 invicem

152 3180 406 3239 vultibus,
433 3189 556 3231 sese
583 3180 770 3228 saneta
795 3172 1161 3226 contueantur
1182 3167 1458 3222 animalia.
1482 3165 1539 3219 lu
1568 3164 1745 3233 primo

152 3276 351 3326 :anone
382 3271 597 3324 Marcus
623 3308 637 3332 ,
670 3280 792 3320 cum
826 3263 1112 3329 Matthazo,
1156 3260 1411 3330 Lucaque
1456 3258 1747 3314 comitatur

164 3374 186 3418 t
246 3363 484 3417 Joanne.
518 3359 577 3414 lit
608 3356 873 3421 secundo,
903 3369 1028 3409 cum
1067 3351 1321 3408 Matthzeo
1369 3359 1426 3406 et
1474 3350 1638 3405 Luca.
1686 3348 1744 3403 In

164 3465 358 3519 uarto,
397 3458 521 3506 cum
556 3450 813 3505 Matthmo
864 3456 922 3503 et
949 3448 1179 3503 Joanne.
1232 3442 1288 3498 In
1342 3452 1498 3498 sexto
1536 3453 1748 3495 canone

157 3547 282 3602 eiut
316 3546 371 3600 ih
400 3552 561 3599 recte
582 3542 697 3598 'duo
718 3540 903 3595 annuli
924 3581 937 3604 ,
962 3539 1247 3594 Matthaeus
1274 3550 1494 3604 semper
1514 3534 1747 3603 conjun-

158 3644 293 3703 itur,
329 3648 387 3691 et
421 3637 683 3690 Marcus:
737 3632 792 3687 id
823 3636 936 3697 est,
973 3631 1024 3684 in
1054 3627 1408 3699 quadraginta
1441 3635 1495 3681 et
1538 3634 1747 3694 septem

1837 2432 2099 2502 praecepit
2120 2432 2409 2502 discipulis
2433 2434 2545 2488 suis
2573 2434 2861 2490 duodecim
2890 2454 2903 2491 :
2935 2437 2990 2490 In
3033 2437 3172 2492 viam
3204 2440 3446 2510 gentium

1839 2542 1908 2583 ne
1937 2529 2182 2583 abieritis
2209 2569 2221 2592 ,
2256 2537 2312 2582 et
2342 2530 2588 2599 reliqua:
2620 2530 2720 2585 hoc
2744 2541 2827 2586 cst
2853 2577 2866 2599 ,
2914 2532 3187 2589 divertere
3223 2548 3251 2586 a
3283 2536 3447 2589 malo.

1840 2619 2090 2674 Mandata
2115 2627 2295 2673 autem
2320 2618 2433 2673 haec
2461 2630 2609 2685 sunt,
2643 2621 2839 2691 quibus
2870 2621 3105 2678 dicitur:
3137 2623 3447 2679 Mandatum

1840 2722 2041 2765 novum
2065 2709 2135 2764 do
2152 2710 2331 2775 vobis,
2360 2720 2421 2764 ut
2442 2710 2679 2779 diligatis
2699 2712 2927 2768 invicem
2956 2732 2968 2767 :
3001 2717 3103 2770 hoc
3132 2724 3237 2781 est,
3269 2715 3452 2771 faccre

1848 2800 2071 2866 bonum,
2096 2813 2149 2856 et
2178 2801 2495 2857 charitatem
2516 2802 2762 2871 implere.
2792 2802 3120 2861 Testimonia
3155 2816 3302 2873 sunt,
3330 2822 3453 2874 quae

1847 2895 1901 2948 in
1933 2911 2026 2949 ore
2055 2894 2314 2960 duorum,
2341 2896 2423 2949 vel
2454 2896 2615 2950 trium
2643 2898 2862 2951 teatium
2890 2907 3055 2953 stant.
3082 2894 3150 2955 Ut
3171 2880 3256 2955 εει
3284 2900 3449 2955 illud:

1847 2985 2086 3039 Joannes
2114 2985 2483 3040 testimonium
2509 2986 2757 3054 perhibet
2786 2986 2852 3043 de
2881 3000 3000 3055 me,
3039 2990 3132 3044 sed
3168 2990 3345 3045 habeo
3375 2998 3456 3047 ιε-

1851 3077 2164 3131 stimonium
2194 3078 2367 3145 majus
2392 3078 2621 3134 Joanne.
2650 3079 2813 3134 Pater
2843 3080 2988 3150 ipse,
3022 3081 3111 3149 qui
3141 3081 3307 3136 inme
3335 3094 3453 3137 ma-

1852 3178 1982 3235 net,
2035 3169 2407 3223 testimoninm
2456 3170 2706 3239 perhibet
2749 3171 2818 3225 de
2863 3184 2968 3227 me.
3026 3172 3089 3225 Et
3118 3173 3229 3242 ipsa
3260 3186 3445 3242 opera,

1851 3270 1971 3330 quae
2006 3274 2108 3331 ego
2155 3260 2298 3315 facio
2324 3304 2338 3327 ,
2382 3264 2756 3317 testimonium
2804 3264 3093 3334 perhibent
3131 3264 3201 3319 de
3240 3279 3365 3320 me:
3399 3276 3456 3321 ει

1851 3368 1953 3423 ego
2003 3354 2372 3409 testimonium
2422 3355 2688 3424 pcrhibeo
2728 3356 2967 3410 veritati.
3027 3355 3291 3425 Exempla
3323 3372 3454 3413 vero

1851 3454 1978 3501 sunt
2006 3487 2018 3509 ,
2069 3445 2263 3515 quibus
2301 3444 2485 3499 Jesum
2516 3446 2818 3511 imitantur,
2844 3446 3112 3503 dicentem
3141 3466 3153 3501 :
3196 3450 3395 3506 Discite
3421 3468 3453 3507 a

1853 3554 1965 3605 me,
1996 3540 2119 3609 quia
2143 3539 2288 3591 mitis
2311 3550 2453 3600 sum,
2485 3548 2539 3592 et
2571 3538 2801 3609 reliqua.
2846 3539 2948 3593 Et:
2984 3539 3173 3595 Estotc
3200 3543 3455 3612 perfecti,

1854 3630 1908 3684 id
1941 3640 2062 3695 est,
2094 3628 2505 3697 misericordes,
2554 3630 2691 3684 sicut
2737 3639 2793 3685 et
2822 3630 2981 3686 Pater
3010 3642 3189 3689 vester
3212 3637 3456 3693 coelestia

155 3731 409 3799 npitulis.
445 3728 508 3782 in
539 3730 740 3781 octavo
768 3736 977 3779 canone
1022 3734 1145 3778 cum
1176 3722 1320 3776 Luca
1347 3721 1661 3783 comitatur,
1696 3716 1749 3772 id
1779 3722 1825 3786 C
1855 3721 2133 3793 perfectus
2162 3728 2265 3775 εει.
2317 3720 2387 3774 Ει
2415 3722 2541 3775 alibi
2566 3739 2579 3776 :
2616 3722 2936 3792 Exemplum
2956 3727 3099 3779 enim
3118 3726 3243 3781 dedi
3276 3729 3455 3797 vobis,

154 3831 200 3877 st
224 3864 236 3887 ,
268 3823 323 3874 in
352 3818 637 3873 tredecim
662 3813 933 3885 capitulis.
959 3813 1017 3868 In
1041 3812 1281 3882 propriis
1301 3824 1463 3875 vero,
1488 3824 1608 3880 qua:
1633 3820 1748 3863 ma-
1852 3822 1913 3867 ut
1935 3823 1989 3868 et
2011 3826 2107 3867 vos
2132 3810 2203 3865 ita
2233 3811 2469 3866 faciatis.
2509 3812 2616 3867 Has
2643 3826 2874 3883 quatuor
2897 3817 3183 3884 qualitates
3213 3819 3459 3876 Psalmo-

155 3919 267 3968 ime
302 3921 627 3980 utcumque
662 3909 957 3979 explanare
987 3906 1257 3975 dispono,
1292 3904 1480 3959 decem
1525 3913 1580 3957 et
1626 3910 1750 3955 octo
1852 3903 2043 3974 graphi
2073 3916 2260 3957 versus
2298 3906 2595 3959 concinunt
2620 3946 2634 3970 ,
2665 3906 2950 3963 dicentes:
2986 3908 3325 3980 Praeceptum
3353 3914 3459 3971 Do-

170 4004 327 4060 cedil
353 4002 665 4073 speciatim
685 3998 966 4070 capitulis:
989 4012 1110 4068 quae
1131 3996 1291 4050 simul
1313 3995 1494 4048 omnia
1515 3994 1752 4047 ducenta
1858 3998 1992 4053 mini
2020 3999 2258 4052 Incidunt
2294 3998 2606 4055 illuminans
2634 4000 2842 4055 oculos.
2900 4002 3193 4057 "istm-iam
3220 4008 3456 4063 maxime

156 4144 157 4147 η
208 4097 456 4167 triginta
489 4096 748 4165 quinque
781 4101 908 4146 sunt
949 4088 1209 4158 capitula.
1242 4088 1452 4142 Marcus
1505 4087 1749 4155 Evange-
1858 4102 2129 4162 praecepta
2190 4092 2494 4148 continent.
2566 4094 2633 4148 Et
2689 4094 2814 4149 alibi
2857 4113 2870 4152 :
2913 4096 3104 4152 Latum
3145 4102 3458 4157 mandatum

157 4201 232 4245 ua
276 4189 420 4255 Dei,
454 4187 624 4242 Petri
656 4185 981 4254 discipulus,
1014 4181 1289 4236 Leviticus
1314 4193 1517 4249 genere
1542 4218 1556 4244 ,
1582 4186 1639 4233 et
1667 4192 1760 4232 sa-
1861 4192 2008 4238 tuum
2038 4185 2218 4238 nimis.
2245 4183 2381 4251 Quia
2409 4185 2498 4254 qui
2530 4184 2704 4257 diligit
2735 4189 3061 4256 proximum,
3088 4198 3255 4243 totam
3284 4192 3454 4261 legem

162 4284 309 4337 rdos
342 4323 358 4346 ,
424 4280 486 4334 in
551 4279 716 4333 Italia
788 4276 889 4332 hoc
943 4275 1164 4344 scripsit
1224 4273 1606 4342 Evangelium.
1654 4271 1758 4338 Qui
1864 4275 2127 4345 implevit.
2162 4276 3179 4336 ltcmtestimoniatuaintellexi:non
3209 4290 3291 4336 est
3312 4285 3458 4339 enim

156 4376 334 4429 itimn
372 4371 694 4441 Evangelii
727 4372 808 4425 sui
837 4369 905 4424 de
930 4369 1156 4423 vocibus
1182 4367 1576 4436 prephetarum
1616 4380 1758 4434 prze-
1863 4367 2104 4422 omnium
2147 4368 2457 4423 testimonia
2502 4370 2829 4440 intelligere.
2900 4371 3057 4427 Unde
3110 4374 3245 4427 alias
3288 4374 3455 4429 dicit:

156 4483 337 4522 mens
373 4484 389 4519 :
420 4464 856 4531 Praecursorem
887 4460 1095 4516 Christi
1124 4459 1413 4527 Joannem,
1440 4457 1718 4513 Malachiae
1740 4497 1756 4523 ,
1867 4458 2263 4513 TeStimonium
2293 4457 2505 4514 Domini
2536 4461 2716 4516 ﬁdele.
2767 4462 2901 4527 Quia
2930 4464 3111 4531 potius
3138 4465 3243 4518 ﬁde
3267 4466 3455 4529 animi,

217 4571 365 4624 est,
429 4557 641 4627 angeli
694 4555 1006 4611 testimonio
1062 4552 1459 4623 comprobans:
1523 4551 1763 4607 Verbum
1866 4564 2030 4620 quam
2075 4550 2250 4605 oculis
2293 4550 2476 4605 carnis
2522 4552 2893 4605 testimonium
2937 4553 3160 4623 indiget.
3212 4555 3457 4621 Quarto:

151 4668 219 4706 πο
250 4651 499 4706 factum
524 4692 540 4713 ,
569 4663 718 4704 voce
737 4647 893 4703 Isaia:
910 4646 1229 4716 designans:
1251 4645 1577 4714 principium
1601 4658 1765 4699 evan-
1866 4642 2079 4700 Judicia
2110 4644 2196 4699 dei
2226 4660 2373 4710 vera,
2404 4645 2697 4714 justilicata
2725 4645 2777 4698 in
2809 4646 3098 4715 semetipsa
3128 4666 3140 4701 :
3176 4648 3225 4701 id
3253 4658 3366 4716 est,
3402 4662 3462 4706 ut

154 4748 285 4802 ica:
346 4742 809 4817 praedicationis
850 4740 1126 4795 instituit:
1181 4749 1235 4794 et
1272 4740 1477 4793 invenit
1516 4740 1569 4791 in
1597 4738 1765 4793 verbo
1870 4738 1950 4793 sic
1990 4737 2098 4793 sint
2138 4737 2469 4807 iudiciorum
2517 4738 2764 4807 exempla
2810 4748 3117 4793 nostrorum
3146 4741 3461 4815 jus:ilicata,

152 4843 266 4908 :is,
304 4837 493 4909 quod
524 4839 589 4892 in
627 4833 1097 4890 consonantibus:
1127 4831 1179 4886 id
1209 4839 1322 4897 est,
1355 4831 1409 4884 itt
1436 4830 1769 4900 genealogiis
1874 4833 2015 4911 signi
2040 4830 2326 4899 injudiciis
2352 4831 2447 4885 Dei
2480 4840 2756 4901 comperta
2801 4831 3083 4887 habemus.
3136 4833 3287 4890 Unde
3322 4837 3466 4893 idem

151 4936 159 4986 i
203 4941 274 4987 et
316 4930 621 4986 hominis
664 4927 998 4999 perdiderat.
1054 4923 1206 4979 Unde
1253 4933 1397 4978 totus
1440 4924 1494 4977 in
1524 4923 1712 4993 primis
1738 4936 1769 4978 a
1875 4922 2071 4978 videns
2095 4918 2203 4974 alio
2228 4924 2369 4987 loco,
2401 4921 2516 4979 ait:
2556 4923 2598 4976 A
2624 4921 2849 4990 judiciis
2875 4923 3020 4977 enim
3055 4925 3160 4981 tuis
3188 4926 3360 4983 timui.
3406 4930 3465 4985 ln

152 5023 481 5079 factione
508 5021 739 5078 Christi
770 5022 945 5075 aetatis
965 5017 1264 5091 praedicare
1291 5016 1540 5072 inchoat:
1569 5031 1667 5072 nec
1686 5017 1769 5071 ia-
1877 5028 1985 5084 quo
2014 5012 2157 5068 enim
2179 5012 2383 5081 judicio
2417 5012 2842 5081 judicaverimus
2864 5054 2879 5079 ,
2918 5013 3251 5083 iudicabitur
3272 5021 3340 5077 de
3368 5037 3469 5077 no-

154 5126 239 5171 παι
292 5118 368 5172 in
429 5115 762 5169 nativitate
790 5112 1038 5168 inla’ntuli
1062 5155 1076 5179 ,
1106 5110 1199 5181 qui
1240 5110 1477 5180 loquitur
1500 5110 1568 5165 de
1597 5108 1735 5179 ρει-ιε

1838 5104 1984 5162 ibis.
2038 5104 2096 5159 In
2142 5104 2227 5161 his
2269 5112 2501 5174 quatuor
2526 5106 2879 5174 qualitatibus
2910 5117 3060 5172 sunt,
3096 5111 3276 5180 timor,
3313 5115 3467 5181 lides,

152 5224 270 5264 me
317 5205 449 5262 ﬁlii
494 5206 645 5262 Dei.
695 5204 803 5261 Sed
831 5214 885 5259 et
911 5201 1173 5274 jejunium
1205 5198 1416 5255 numeri
1442 5199 1660 5269 legalis,
1694 5213 1779 5253 re-
1881 5214 2031 5270 spes,
2056 5197 2316 5253 charitas.
2348 5197 2569 5251 Timore
2598 5212 2840 5268 namque
2872 5199 3184 5271 incipimus,
3212 5205 3320 5260 ﬂde
3361 5222 3477 5261 scr-

153 5318 299 5358 ;am
346 5300 623 5357 diaboli
659 5344 673 5368 ,
708 5297 1066 5353 ministerium
1102 5294 1428 5365 angelorum
1471 5291 1735 5363 proferen:

1882 5304 2118 5355 vamus,
2171 5288 2313 5358 quod
2358 5288 2684 5357 incipimus,
2734 5306 2831 5359 spe
2879 5292 3160 5364 erigimur,
3210 5295 3481 5353 charitaie

152 5411 277 5464 :na
310 5398 391 5450 in
439 5395 643 5451 brevi
691 5390 1125 5462 comprehendit.
1174 5388 1276 5456 Qui
1306 5388 1511 5459 primus
1550 5386 1784 5441 Alexan-
1886 5397 2349 5442 consummamur.
2412 5380 2563 5435 Finis
2603 5385 2749 5437 enim
2794 5388 3085 5457 praecepti,
3112 5396 3196 5443 est
3220 5388 3481 5445 cbaritas.

154 5509 185 5545 [ε
268 5488 411 5544 run
473 5489 805 5557 episcopus
847 5502 859 5539 :
912 5487 1063 5553 Cujus
1107 5498 1208 5553 per
1252 5480 1462 5552 singula
1506 5493 1642 5549 Opus
1689 5477 1786 5532 luit
1890 5476 1954 5532 ili
1988 5481 2115 5529 sunt
2144 5482 2376 5543 quatuor
2402 5487 2620 5529 menses
2650 5490 2787 5545 quos
2818 5476 3064 5532 Christus
3102 5489 3227 5533 ante
3250 5495 3486 5537 messem

157 5602 192 5636 ε
240 5629 260 5653 ,
332 5590 427 5661 .et
469 5580 793 5649 Evangelii
828 5581 881 5633 in
920 5578 978 5633 se
1003 5577 1147 5632 dicta
1178 5577 1470 5647 disponere
1494 5617 1508 5641 ,
1540 5576 1594 5628 εἰ
1622 5572 1787 5628 disci-
1892 5567 2165 5639 praedixit,
2195 5565 2422 5620 dicens:
2450 5564 2640 5621 Nonne
2668 5577 2903 5637 quatuor
2924 5584 3140 5626 menses
3163 5584 3284 5626 sunt
3316 5588 3491 5644 usque

161 5692 285 5729 nm
333 5659 419 5729 in
464 5689 552 5728 se
604 5673 751 5742 legis
782 5683 1110 5739 cognoscere
1137 5714 1151 5736 ,
1182 5678 1237 5722 et
1264 5668 1500 5721 divinam
1540 5666 1595 5719 in
1626 5676 1790 5719 carne
1899 5663 1965 5717 ad
1998 5674 2229 5715 messem
2253 5659 2277 5713 7
2303 5659 2372 5715 Ut
2397 5666 2451 5715 et
2484 5673 2580 5712 nos
2606 5675 2699 5729 per
2723 5670 2998 5733 prmcepta
3025 5663 3118 5719 Dei
3145 5674 3199 5719 et
3228 5670 3489 5723 mandata

168 5766 308 5824 lini
350 5764 753 5836 intelligere
789 5770 1062 5822 naturain.
1106 5758 1214 5830 Qui
1251 5759 1489 5818 seminat
1514 5761 1638 5827 post
1657 5753 1796 5813 Μαι·
1900 5768 1965 5818 ac
1986 5751 2303 5814 testimonia
2331 5761 2493 5829 atque
2517 5755 2796 5829 exempla,
2824 5766 3067 5817 maturos
3087 5759 3494 5832 postjudicium
