4056 6352
603 304 710 373 591

1654 304 1711 363 S.
1756 298 2138 362 HIERONVMI
2175 294 2457 361 OPERUM
2495 295 2863 360 MANTISSA.

3807 295 3920 357 593

606 436 881 486 metamus
902 434 1022 482 cum
1049 420 1246 493 gaudio
1276 417 1522 486 fructus,
1552 417 1643 489 qui
1673 418 1726 473 in
1752 417 2009 488 lacrymis
2038 417 2191 471 timo~
2222 415 2279 478 Α
2301 416 2687 472 Paenitentiam
2730 415 2879 486 agite
2902 453 2918 481 ,
2970 408 3435 485 appropinquabit
3476 424 3713 485 regnum
3739 415 3923 473 coelo-

608 523 689 579 ris
721 520 927 577 semina
956 513 1293 587 ptenitentiae
1324 513 1652 583 jactavimus
1684 511 1736 566 in
1771 518 1913 565 terra
1940 527 1954 564 :
1987 518 2204 565 nostros

611 622 893 687 portantes
939 607 1224 664 charitatis
1270 606 1582 676 manipulos
1603 647 1617 674 ,
1652 618 1777 661 cum
1806 601 2004 672 gaudio
2034 611 2205 657 meta-

609 720 733 760 mus
758 704 814 759 in
834 700 993 758 etelo.

1121 768 1348 826 CAPUT
1386 766 1681 825 PRIMUM.

676 887 898 943 Initium
923 885 1197 957 Evangelii
1217 884 1345 939 Jesu
1357 884 1548 940 Christi
1573 883 1704 938 Filii
1730 881 1852 951 Dei,
1882 882 2017 936 sicut
2038 880 2204 952 scrip-

604 992 714 1038 tum
745 989 823 1036 est
860 980 914 1033 in
949 977 1098 1034 Isaia
1124 975 1375 1048 propheta
1400 992 1421 1032 .°
1470 974 1605 1030 Ecce
1645 991 1737 1046 ego
1775 975 1921 1028 mitto
1960 974 2203 1044 angelum

602 1088 777 1126 meum
821 1079 941 1125 ante
986 1070 1372 1141 faciemtuam,
1413 1067 1505 1137 qui
1548 1066 1861 1136 praeparabit
1892 1065 2023 1119 viam
2056 1072 2201 1117 tuam

603 1172 727 1219 ante
754 1172 824 1219 te.
894 1161 1011 1217 Vox
1041 1161 1312 1216 clamantis
1353 1160 1408 1213 in
1437 1159 1636 1213 deserto
1663 1202 1677 1227 ,
1716 1156 1912 1210 Parate
1931 1156 2064 1209 viam
2084 1152 2198 1208 Do-

602 1260 731 1314 mini
765 1276 782 1317 :
830 1265 995 1313 rectas
1027 1256 1180 1327 facite
1207 1253 1417 1309 semitas
1440 1256 1572 1324 ejus.
1606 1252 1758 1306 Κατά
1790 1250 1990 1323 Μάρκον
2023 1246 2201 1302 Evan-

600 1351 805 1421 gelium
832 1364 929 1419 per
957 1346 1103 1418 quod
1126 1346 1277 1402 venit
1304 1344 1611 1414 redemptio
1640 1341 1907 1405 ﬁdelium,
1942 1348 1996 1395 et
2023 1339 2198 1395 beati-

601 1444 735 1499 tudo
759 1450 1116 1499 sanctorum:
1161 1438 1286 1507 quia
1309 1445 1543 1508 quatuor
1573 1450 1741 1491 unum
1774 1442 1923 1498 sunt,
1954 1440 2011 1487 et
2033 1447 2197 1487 unum

596 1543 870 1605 quatuor:
917 1539 1153 1601 quatuor
1176 1528 1473 1599 Evangelia
1509 1528 1805 1583 multarum
1836 1533 2053 1581 constat
2074 1538 2196 1581 esse

594 1626 884 1680 virtutum.
912 1621 1053 1691 Quid
1081 1621 1229 1677 enim
1256 1620 1481 1686 fortius,
1526 1632 1689 1689 quam
1719 1619 1928 1673 animas
1951 1616 2191 1683 salvare,

595 1730 719 1787 qua:
765 1729 1015 1771 errorum
1055 1726 1279 1767 suorum
1309 1711 1464 1765 vitiis
1497 1716 1749 1779 poterant
1783 1707 2050 1763 interire?
2096 1705 2195 1761 Se-

2304 524 2423 565 rum
2450 529 2462 563 :
2496 509 2618 578 quia
2646 508 2699 562 in
2724 507 2814 563 die
2834 506 3065 577 septima
3096 508 3371 577 requievit
3390 507 3533 564 Deus
3553 508 3624 564 ab
3650 509 3912 567 omnibus

2304 603 2564 673 operibus
2591 602 2727 657 suis.
2806 602 3031 671 Septem
3060 600 3205 657 enim
3236 601 3396 686 nobis
3427 616 3654 660 necesse
3684 612 3773 660 est
3807 605 3909 662 de-

2304 697 2421 753 lere
2466 697 2593 751 vitia
2643 712 2740 767 per
2790 695 3169 767 paenitentiam
3212 695 3368 753 velut
3403 695 3545 752 mala
3574 711 3817 765 genera:
3848 706 3910 754 ut

2304 788 2712 860 requiescentes
2759 798 2949 859 postea
2975 832 2990 860 ,
3057 787 3433 859 possideamus
3484 788 3906 847 desiderabilem

2304 888 2530 937 terram.
2585 879 2786 938 [iectas
2832 880 2994 937 facite
3037 878 3262 936 semitas
3306 880 3452 950 ejus.
3505 880 3652 947 Quas
3682 882 3906 937 semitas

2306 972 2715 1029 incurvavimus
2741 1012 2757 1040 ,
2805 972 3149 1029 declinantes
3177 973 3232 1027 in
3264 970 3549 1027 dexteram
3574 981 3738 1043 atque
3774 973 3905 1029 sini-

2305 1075 2497 1123 stram.
2548 1065 2701 1121 Nunc
2730 1063 2874 1120 Deus
2904 1062 3157 1135 praecipit
3187 1063 3350 1118 nobis
3370 1107 3385 1133 ,
3429 1072 3489 1117 ut
3531 1062 3620 1118 via
3646 1063 3797 1134 regia
3824 1065 3903 1119 in-

2301 1158 2577 1225 cedentes,
2610 1155 2890 1226 proximos
2912 1163 3147 1220 nostros,
3175 1161 3237 1210 ut
3257 1167 3357 1210 nos
3383 1170 3398 1208 :
3423 1161 3479 1210 et
3509 1154 3897 1225 nosmetipsos,

2303 1260 2362 1307 ut
2409 1249 2687 1321 proximos
2740 1248 3060 1319 diligamus.
3107 1245 3281 1313 Nam,
3323 1246 3415 1317 qui
3444 1245 3622 1319 diligit
3650 1246 3901 1317 iniquita-

2300 1350 2411 1397 tem
2433 1381 2449 1409 ,
2490 1340 2608 1398 odit
2632 1340 2867 1396 animam
2897 1354 3073 1395 suam.
3119 1337 3223 1407 Qui
3252 1337 3402 1395 enim
3429 1340 3788 1409 semetipsum
3818 1339 3899 1395 di-

2300 1434 2423 1506 ligit
2446 1474 2462 1501 ,
2495 1442 2553 1489 et
2584 1446 2691 1487 non
2720 1432 2897 1502 diligit
2924 1430 3236 1502 proximum
3262 1473 3277 1499 ,
3322 1429 3392 1485 ad
3417 1429 3699 1487 dexteram
3733 1429 3898 1487 decli-

2302 1536 2419 1583 nat.
2460 1528 2527 1582 Et
2570 1527 2663 1596 qui
2712 1526 3064 1596 semetipsum
3094 1524 3321 1591 odiens,
3359 1523 3660 1594 proximum
3692 1523 3896 1595 diligit,

2296 1620 2365 1675 ad
2409 1618 2688 1674 sinistram
2732 1617 2973 1673 dirertit.
3024 1615 3158 1672 Nam
3201 1614 3361 1672 multi
3394 1614 3528 1672 bene
3565 1624 3767 1686 agunt,
3795 1615 3899 1672 sed

2298 1727 2406 1769 non
2446 1712 2587 1768 bene
2624 1712 2938 1782 corrigunt:
2984 1718 3044 1766 ut
3090 1710 3189 1765 fuit
3241 1708 3383 1765 Heli.
3442 1707 3513 1764 Et
3540 1708 3698 1764 multi
3754 1707 3897 1764 bene

595 1806 841 1865 cundum
882 1806 1029 1877 quod
1078 1806 1133 1859 in
1165 1803 1508 1873 sexagesimo
1544 1803 1778 1872 septimo
1817 1800 2030 1871 psalmo
2055 1800 2193 1870 jam-
2223 1792 2274 1855 B
2297 1806 2603 1875 corrigunt,
2629 1802 2727 1859 sed
2757 1818 2871 1859 non
2895 1811 3095 1875 agunt:
3128 1814 3189 1859 ut
3210 1802 3431 1859 fuerunt
3457 1800 3656 1858 scribae
3682 1809 3738 1856 et
3762 1800 3896 1871 pha-

596 1900 802 1957 dudum
836 1898 1097 1969 propheta
1136 1897 1343 1966 Spiritu
1384 1903 1573 1949 sancto
1613 1894 1907 1963 instigante
1950 1891 2192 1947 denuda—

594 1997 708 2050 vit:
743 1993 1005 2049 Dominus
1030 1990 1179 2045 dabit
1198 1988 1431 2043 verbum
1450 1984 1949 2057 evangelizantibus
1964 1983 2191 2041 virtutes

589 2086 817 2140 multas.
865 2082 1069 2139 Versus
1116 2081 1273 2136 istius
1310 2079 1450 2135 ordo
1479 2078 1603 2134 talis
1627 2086 1731 2144 est,
1764 2079 1854 2149 qui
1886 2077 2191 2150 huiwperi

584 2180 955 2245 congruenter
982 2171 1263 2227 inseritur.
1318 2170 1581 2226 Dominus
1617 2170 1768 2225 dabit
1796 2170 2023 2226 virtutes
2050 2170 2191 2227 mul-

584 2274 671 2322 tas
697 2264 983 2335 apostolis,
1008 2263 1098 2334 qui
1119 2262 1346 2318 verbum
1372 2262 1490 2331 ejus
1506 2262 1815 2317 veneranda
1840 2261 2187 2319 confessione

581 2359 995 2431 praedicabant:
1028 2356 1245 2427 quando
1267 2357 1348 2411 eis
1379 2356 1749 2426 languentium
1784 2355 1968 2411 turbas
1990 2370 2187 2412 sanare

581 2468 909 2511 concessum
947 2459 1033 2506 est
1068 2469 1079 2503 :
1114 2451 1399 2525 εὐαγγέλιον
1438 2447 1663 2517 Graece,
1699 2448 1895 2504 Latine
1930 2448 2063 2504 bona
2089 2466 2186 2505 an-

580 2544 845 2600 nuntiatio
877 2542 1212 2613 praedicatur
1239 2559 1253 2595 :
1286 2541 1429 2611 quod
1462 2541 1685 2611 proprie
1707 2538 1775 2594 ad
1802 2555 2028 2610 regnum
2061 2541 2179 2611 Dei,

582 2648 642 2695 et
672 2638 1053 2693 remissionem
1086 2635 1323 2704 pertinet
1344 2642 1718 2703 peccatorum.
1761 2631 1918 2689 Unde
1940 2632 2140 2688 dicitur
2166 2650 2178 2687 :

580 2729 954 2795 Ptnnitemiui,
990 2737 1044 2784 et
1070 2727 1277 2782 credite
1306 2726 1626 2794 Evangelio,
1652 2734 1706 2781 et
1724 2725 2182 2796 appropinquabit

577 2838 814 2894 regnum
850 2821 1115 2877 caelorum
1162 2821 1292 2875 Jesu
1340 2817 1545 2874 Christi
1574 2862 1587 2887 ,
1622 2817 1677 2873 id
1709 2829 1793 2874 est
1821 2859 1835 2884 ,
1875 2817 2178 2874 Salvatoris

577 2914 756 2984 uncti,
787 2916 841 2970 in
871 2915 1106 2970 llebrzeo
1131 2912 1320 2969 lusus.
1350 2911 1407 2968 lu
1439 2912 1631 2967 Graeco
1658 2917 1853 2988 Σωτήρ.
1892 2911 1949 2965 1η
1984 2910 2177 2966 Latino

575 3006 851 3064 Salvator.
901 3005 1129 3061 Messms
1155 3003 1450 3070 llebraice,
1485 3005 1707 3081 Χριστὸς
1728 3003 1948 3067 Graece,
1978 3010 2176 3057 unctus

573 3097 788 3154 Latine.
838 3095 988 3152 Idem
1030 3110 1157 3162 rex,
1200 3102 1257 3149 et
1296 3092 1552 3149 sacerdos
1597 3091 1795 3147 dicitur
1835 3092 1966 3146 dum
1991 3090 2059 3147 de
2082 3106 2175 3161 ge-

2294 1898 2440 1954 risaei
2470 1898 2560 1969 qui
2590 1896 2855 1954 sedebant
2879 1911 3046 1968 super
3071 1894 3390 1953 cathedram
3426 1892 3622 1964 Moysi.
3651 1892 3811 1950 Unde
3830 1907 3892 1949 os

2292 1989 2525 2046 turturis
2568 1989 2622 2043 in
2649 1988 2771 2060 lege
2803 1989 2871 2045 ad
2897 1987 3133 2045 ascellas
3162 1989 3279 2057 ejus
3315 1986 3622 2056 retorqueri
3650 1984 3887 2055 iubetur,

2293 2096 2361 2139 ne
2392 2090 2678 2153 separetur
2702 2095 2765 2136 os
2802 2081 2873 2137 ab
2901 2095 3107 2151 opere:
3139 2087 3194 2137 et
3223 2094 3360 2151 opus
3396 2087 3644 2134 nostrum
3674 2092 3780 2134 non
3806 2076 3889 2133 di-

2290 2173 2508 2229 vidatur
2529 2173 2598 2228 ab
2626 2187 2741 2230 ore.
2770 2172 2994 2229 Semita:
3015 2178 3201 2229 autem
3227 2181 3351 2243 post
3379 2169 3521 2227 viam
3552 2179 3885 2243 sequuntur:

2290 2266 2414 2339 quia
2448 2265 2702 2322 mandata
2740 2265 2967 2321 moralia
2999 2275 3122 2336 post
3158 2264 3563 2335 paenitentiam,
3590 2262 3884 2320 secundum

2290 2360 2558 2425 Marcum,
2612 2357 2993 2429 explanantur.
3047 2356 3276 2413 Paratur
3321 2357 3407 2411 via
3440 2370 3551 2426 ’ρει-
3594 2355 3753 2412 ﬁdem
3779 2398 3795 2423 ,
3835 2364 3887 2413 et

2287 2449 2641 2520 baptismum,
2671 2457 2727 2505 et
2749 2448 3153 2519 paenitentiam.
3187 2449 3373 2504 Recta:
3392 2448 3597 2504 semita:
3621 2448 3760 2503 ﬁunt
3791 2462 3889 2518 per

2286 2551 2502 2599 austera
2542 2542 2760 2611 indicia,
2795 2541 2963 2597 vestis
2990 2540 3247 2605 cilicium,
3276 2550 3333 2596 et
3358 2554 3502 2596 zona
3529 2538 3799 2610 pellicem,
3831 2546 3913 2611 et.

2284 2636 2394 2691 cibi
2421 2635 2699 2700 locustini,
2722 2644 2778 2689 et
2804 2641 2966 2703 potus
2990 2633 3171 2690 mellis
3201 2632 3470 2689 silvestris
3490 2640 3544 2688 et
3564 2630 3886 2688 humillima:

2283 2727 2457 2782 vocis.
2489 2726 2643 2782 Unde
2670 2726 2919 2796 sequitur
2946 2742 2958 2778 :

2287 2832 2297 2842 '
2354 2815 2480 2871 Fuit
2504 2818 2560 2872 in
2590 2818 2792 2873 deserto
2818 2817 3047 2873 Joannes
3072 2817 3363 2890 baptizans,
3392 2824 3443 2871 et
3471 2816 3768 2887 praedicans
3794 2815 3881 2871 ba-

2280 2910 2524 2981 ptismum
2562 2908 2904 2979 pomitentiaz,
2936 2909 2990 2962 in
3024 2908 3378 2963 remissionem
3417 2915 3770 2985 peccatorum.
3811 2906 3879 2961 Et

2278 3003 2634 3074 egrediebatur
2658 3001 2728 3055 ad
2755 3017 2871 3056 eum
2898 3001 3065 3057 omnis
3089 2999 3292 3055 ludam
3320 3000 3457 3073 regio
3482 3014 3502 3054 :
3542 3009 3592 3055 et
3618 2998 3881 3071 Jerosolg-

2276 3095 2418 3148 mita:
2462 3093 2725 3148 universi:
2767 3102 2817 3147 et
2866 3090 3263 3161 baptizabantur
3311 3090 3373 3144 ab
3422 3090 3517 3144 illo
3553 3092 3609 3145 in
3636 3090 3879 3147 Iordanis

573 3204 710 3247 nere
752 3188 921 3243 David
964 3187 1107 3256 regis
1147 3184 1398 3240 Christus
1431 3183 1708 3238 nascitur:
1742 3191 1796 3239 et
1823 3184 2046 3238 vocibus
2073 3198 2173 3239 va-
2201 3175 2249 3239 C
2280 3187 2494 3258 ﬂumine
2541 3186 2837 3256 conﬁtentes
2884 3194 3101 3258 peccata
3145 3201 3261 3239 sua.
3307 3183 3548 3241 Joannes
3586 3186 3756 3257 gratia
3782 3184 3877 3239 Dei

571 3290 690 3338 tum
732 3278 960 3337 Levitici
997 3276 1216 3349 generis
1264 3275 1642 3346 prophetatur.
1705 3273 1861 3330 Unde
1896 3276 2173 3345 sequitur:

577 3373 700 3429 Vox
729 3371 1020 3429 clamantis
1048 3371 1103 3427 in
1130 3370 1351 3427 deserto
1370 3409 1385 3435 ,
1411 3378 1465 3425 et
1493 3368 1721 3439 reliqua.
1750 3368 1869 3424 Vox
1899 3378 1983 3424 est
2006 3368 2175 3424 Joan-

577 3478 705 3519 nes:
746 3463 816 3519 de
858 3477 963 3533 qua
1004 3475 1141 3517 voce
1179 3458 1453 3515 clamabat
1505 3459 1767 3516 Dominus
1802 3458 1961 3515 Jesus
1989 3459 2059 3515 ad
2083 3460 2178 3516 Ju-

580 3555 768 3620 daeos,
799 3553 944 3625 quod
986 3554 1128 3608 inter
1166 3559 1324 3607 natos
1367 3550 1656 3607 mulierum
1687 3550 1863 3619 major
1890 3550 1986 3606 illo
2031 3560 2179 3608 esset

577 3662 764 3703 nemo.
793 3646 1012 3702 Clamor
1037 3652 1218 3700 autem
1249 3644 1319 3698 ad
1349 3643 1548 3699 surdos
1573 3643 1735 3713 longe
1767 3643 1977 3713 positos
2001 3684 2018 3710 ,
2059 3645 2178 3701 sive

576 3751 703 3794 cum
748 3735 1123 3803 indignatione
1171 3735 1288 3789 lieri
1330 3733 1513 3788 solet:
1561 3748 1684 3804 qua:
1711 3733 1936 3791 Judaico
1965 3745 2175 3791 certum

581 3835 669 3882 est
714 3824 969 3881 evenisse
1012 3824 1212 3893 populo
1232 3865 1248 3890 ,
1280 3824 1407 3878 dum
1440 3824 1601 3895 longe
1627 3834 1713 3880 est
1742 3840 1773 3880 a
1800 3828 2175 3896 peccatoribus

580 3920 751 3987 salus,
784 3926 841 3974 et
867 3931 1029 3972 aures
1058 3933 1182 3973 suas
1214 3918 1451 3988 graviter
1482 3918 1894 3989 ohturavcrunt,
1923 3922 2065 3979 sicut
2088 3938 2175 3978 as-

571 4013 743 4083 pides,
776 4010 956 4066 surda:
979 4050 995 4076 ,
1027 4020 1082 4065 et
1122 4010 1550 4081 indignationem
1576 4021 1631 4067 et
1653 4012 1787 4069 iram
1815 4054 1830 4081 ,
1863 4022 1919 4069 et
1950 4014 2175 4070 tribula-

574 4106 785 4159 tionem
812 4116 843 4156 a
872 4101 1090 4157 Christo
1122 4101 1313 4157 audire
1340 4112 1678 4158 meruerunt.
1731 4104 1789 4159 In
1825 4104 2044 4160 deserto
2070 4120 2171 4161 au-

577 4210 688 4253 tem
733 4194 792 4249 lit
827 4208 930 4250 vox
956 4234 973 4263 ,
1014 4202 1071 4250 et
1099 4193 1327 4260 clamor,
1372 4194 1494 4263 quia
1525 4194 1727 4250 deserti
1774 4209 1803 4249 a
1825 4195 2018 4264 spiritu
2049 4196 2169 4264 Dei,

576 4297 717 4351 sicut
740 4295 940 4351 domus
970 4310 1168 4351 vacans
1196 4303 1251 4350 et
1295 4302 1517 4364 scopata
1544 4313 1557 4347 :
1599 4295 1801 4350 deserti
1828 4310 1859 4350 a
1880 4295 2168 4365 propheta,

571 4405 601 4442 a
627 4400 771 4457 rege,
802 4395 965 4457 atque
985 4386 1294 4441 sacerdote.
1329 4383 1485 4440 Unde
1505 4384 1743 4441 Joannes
1765 4394 1821 4440 et
1841 4386 1999 4442 Jesus
2023 4402 2172 4457 quie-

569 4488 730 4548 ruut,
764 4478 895 4550 quid
926 4479 979 4532 iu
1019 4478 1238 4533 deserto
1267 4477 1528 4531 amissum
1559 4485 1660 4533 est.
1696 4477 1799 4534 Ubi
1828 4480 1957 4535 vicit
1980 4480 2169 4536 diabo-

2281 3280 2691 3349 intcrpretatur.
2737 3279 2783 3335 Λ
2804 3279 2979 3350 gratia
3012 3278 3253 3334 narratio
3282 3275 3562 3348 incipitur.
3609 3277 3767 3335 Unde
3792 3292 3877 3335 se—

2281 3373 2494 3443 quitur:
2542 3371 2867 3442 Baptizans:
2914 3387 3011 3441 per
3037 3370 3372 3440 baptismum
3403 3370 3548 3425 enim
3579 3371 3755 3440 gratia
3784 3370 3875 3426 da-

2282 3470 2392 3529 tur,
2440 3477 2545 3529 qua
2597 3471 2818 3531 peccata
2860 3463 3031 3533 gratis
3056 3461 3429 3518 dimittuntur.
3458 3460 3618 3517 Unde
3643 3462 3869 3518 dicitur:

2279 3552 2436 3620 Quod
2483 3553 2651 3622 gratis
2698 3553 2994 3623 accepistis
3021 3594 3037 3621 ,
3069 3553 3241 3623 gratis
3289 3553 3437 3610 date.
3488 3553 3558 3607 Et
3580 3550 3873 3624 Apostolus

2279 3645 2394 3699 ait:
2434 3642 2626 3699 Gratia
2673 3644 2809 3700 salvi
2856 3644 2983 3701 facti
3029 3646 3163 3700 estis
3192 3660 3289 3715 per
3316 3644 3479 3701 ﬁdem
3499 3682 3517 3712 ,
3549 3653 3607 3701 et
3632 3645 3739 3700 hoc
3763 3660 3871 3701 non

2280 3749 2345 3790 ex
2378 3734 2536 3790 vobis
2563 3750 2577 3787 :
2630 3733 2727 3790 Dei
2776 3734 2922 3790 enim
2952 3734 3160 3791 donum
3188 3744 3273 3792 est
3295 3776 3312 3805 ,
3341 3751 3409 3791 ne
3436 3736 3557 3806 quis
3587 3736 3867 3807 glorietur.

2277 3825 2348 3881 Et
2376 3826 2677 3896 praedicans
2698 3826 3027 3896 baptismum
3054 3828 3387 3898 paenitentia:
3415 3832 3470 3883 lu
3492 3828 3870 3884 remissionem

2252 3928 2642 3996 peccatorum.
2656 3918 2813 3986 Quod
2831 3928 3246 3976 consummatur
3266 3935 3363 3990 per
3383 3934 3671 3990 sponsum,
3695 3922 3871 3977 initia-

2280 4021 2367 4067 tur
2395 4026 2494 4082 per
2518 4010 2973 4083 parauymphum.
3006 4010 3161 4067 Unde
3190 4011 3602 4080 catechumeni,
3633 4015 3737 4068 hoc
3763 4022 3863 4079 est,

2282 4102 2531 4159 instructi
2550 4146 2563 4171 ,
2607 4103 2871 4172 incipiunt
2899 4117 2995 4172 per
3019 4102 3357 4159 sacerdotem
3376 4143 3391 4170 ,
3418 4112 3475 4160 et
3502 4104 3869 4161 chrismantur

2276 4210 2373 4266 per
2402 4196 2741 4266 episc0pum.
2785 4196 2939 4252 Nunc
2967 4204 3150 4252 autem
3178 4212 3274 4268 per
3303 4198 3535 4254 amicum
3563 4200 3754 4270 sponsi
3778 4201 3864 4255 in-

2272 4286 2494 4344 ducitur
2537 4302 2776 4359 sponsa:
2827 4303 2890 4344 ac
2939 4288 3019 4344 sic
3057 4303 3153 4358 per
3184 4289 3332 4347 Isaac
3358 4305 3585 4361 puerum
3618 4290 3898 4362 Rebecca,

2271 4380 2437 4450 pallio
2484 4380 2661 4435 velata
2708 4380 2831 4437 albo
2869 4380 3210 4437 conducitur.
3261 4382 3330 4437 Et
3372 4382 3761 4454 egrediebatur
3794 4385 3865 4440 ad

2270 4471 2422 4526 illum
2454 4473 2631 4526 omnis
2661 4471 2863 4528 Judaeze
2892 4472 3067 4543 regio,
3090 4484 3145 4529 et
3171 4473 3571 4548 Jerosolymita:
3593 4479 3860 4549 universi,

567 4570 653 4625 lus
678 4611 693 4637 ,
738 4548 816 4626 ibi
858 4567 1134 4623 vincitur:
1182 4566 1275 4622 ubi
1322 4566 1520 4622 cecidit
1564 4567 1747 4636 homo,
1798 4569 1873 4625 ibi
1902 4572 2162 4641 exsurgit.
2192 4548 2245 4608 Ῑ)
2269 4571 2326 4617 ει
2364 4562 2776 4632 baptizabantur
2804 4566 2872 4619 ab
2912 4564 3007 4620 illo
3037 4567 3090 4619 in
3130 4565 3371 4624 Jordane
3413 4568 3658 4636 ﬂumine,
3690 4572 3863 4626 conﬁ-

565 4662 713 4717 Ecce
741 4676 840 4728 ego
868 4659 1026 4715 mitto
1052 4658 1305 4728 angelum
1330 4672 1531 4715 meum.
1569 4659 1683 4715 Vox
1704 4662 1991 4733 πνεύματος
2013 4662 2160 4735 ἁγίου

562 4769 662 4823 per
711 4751 1031 4808 Malachiam
1076 4751 1141 4805 ad
1190 4750 1411 4806 Patrem
1454 4761 1613 4807 sonat
1652 4752 1720 4808 de
1752 4751 1929 4820 Filio,
1959 4755 2051 4824 qui
2077 4763 2165 4810 est

562 4844 732 4901 facies
753 4844 950 4909 Patris,
990 4842 1135 4898 unde
1164 4844 1381 4913 agnitus
1403 4852 1506 4899 est.
1537 4844 1776 4914 Angelus
1804 4853 1984 4902 autem
2025 4863 2161 4902 nun-

561 4935 666 4987 tius
697 4933 1111 5004 interpretatur,
1154 4934 1250 5003 qui
1284 4935 1612 5003 praenuntiat
1641 4936 1709 4990 de
1736 4934 1971 4992 Christo.
2031 4936 2159 4993 Post

561 5040 651 5079 me
699 5025 889 5094 venit,
935 5026 1025 5096 qui
1055 5034 1182 5081 ante
1225 5042 1309 5081 me
1341 5026 1510 5082 lactus
1540 5034 1659 5083 cst:
1702 5026 1795 5097 qui
1828 5028 2153 5098 praeparabit

554 5116 701 5169 viam
725 5124 892 5169 tuam.
923 5116 1023 5172 Via
1051 5118 1288 5185 Domini,
1320 5132 1425 5189 qua
1451 5118 1522 5173 ad
1544 5117 1795 5175 homines
1822 5118 2147 5191 ingreditur,

550 5206 875 5278 poenitentia
902 5216 1006 5274 est,
1035 5222 1134 5278 per
1162 5224 1322 5279 quam
1350 5209 1491 5265 Deus
1522 5210 1589 5265 ad
1625 5225 1726 5266 nos
1751 5210 2063 5279 descendit,
2093 5222 2148 5268 et

550 5317 653 5358 nos
681 5301 748 5356 ad
780 5301 931 5356 illum
962 5302 1327 5359 ascendimus.
1375 5303 1529 5359 Unde
1556 5305 1736 5375 angeli
1766 5306 2142 5372 ascendentes,

544 5392 1055 5464 descendentesque
1104 5402 1483 5450 memorantur
1547 5395 1613 5450 ad
1660 5394 1828 5451 lilium
1880 5395 2140 5453 hominis.

542 5485 739 5540 Parate
783 5487 925 5539 viam
972 5485 1232 5551 Domini:
1283 5486 1387 5541 hoc
1413 5495 1537 5555 est,
1570 5489 1945 5557 paenitentiam
1974 5490 2137 5560 agite,

541 5590 596 5635 et
621 5579 937 5649 praedicate.
962 5580 1429 5656 Undenapaa-xswi
1450 5591 1578 5639 ante
1605 5584 1888 5639 sabbatum
1913 5584 2134 5653 dicitur,

540 5670 595 5722 id
628 5682 709 5724 est
731 5672 1055 5739 poenitentia
1079 5683 1205 5727 ante
1234 5674 1472 5743 requiem
1512 5674 1772 5730 futuram.
1805 5675 1945 5731 Hinc
1975 5690 2133 5730 nam-

534 5774 640 5830 que
682 5760 895 5819 initium
934 5763 1336 5845 praedicationis
1366 5764 1591 5847 Joannis
1619 5774 1671 5822 et
1698 5764 1903 5835 Christi
1928 5766 2123 5831 oritur.

2270 4662 2449 4710 tentes
2472 4666 2694 4725 peccata
2720 4670 2837 4711 sua.
2870 4656 3174 4725 Confessio,
3198 4668 3256 4713 et
3272 4659 3621 4729 pulchritudo
3649 4663 3705 4718 iu
3730 4678 3861 4722 con~

2268 4756 2456 4819 spectu
2501 4749 2619 4820 ejus
2644 4790 2660 4816 ,
2693 4750 2745 4805 id
2778 4761 2891 4819 est,
2932 4752 3145 4820 sponsi.
3174 4751 3332 4808 Unde
3356 4754 3539 4811 desilit
3561 4770 3764 4825 Sponsa
3792 4760 3860 4816 de

2266 4840 2475 4897 camelo
2502 4882 2516 4908 ,
2564 4856 2707 4897 cum
2737 4842 2984 4899 humiliat
3009 4858 3070 4898 se
3100 4860 3242 4901 nunc
3269 4845 3514 4903 Ecclesia
3562 4850 3680 4906 viso
3727 4867 3859 4908 vero

2265 4929 2418 4987 Isaac
2448 4931 2575 4989 Jesu
2603 4933 2862 5003 Christo,
2912 4935 2966 4989 in
3010 4934 3163 5005 cujus
3194 4936 3480 4995 nativitate
3522 4941 3694 4997 risum
3730 4942 3860 5000 fecit

2264 5024 2409 5079 Deus
2431 5023 2621 5090 Sarae;
2649 5027 2792 5082 sicut
2820 5026 2888 5082 ad
2913 5026 3136 5082 Mariam
3159 5028 3382 5096 dicitur,
3418 5042 3656 5105 qu:e_est
3697 5036 3855 5105 priu-

2259 5133 2386 5189 ceps
2416 5134 2538 5176 cum
2568 5121 2704 5190 Deo,
2750 5121 3042 5177 Benedicta
3074 5132 3131 5177 tu
3168 5122 3311 5180 inter
3340 5124 3621 5184 mulieres.
3651 5126 3854 5189 Jorda-

2259 5212 2344 5267 nis
2374 5220 2555 5268 autem
2576 5214 2838 5269 descensio
2866 5211 3035 5269 aliena
3055 5213 3448 5285 interpretatur
3471 5236 3483 5269 :
3510 5218 3603 5272 ubi
3622 5233 3853 5289 peccata

2255 5305 2569 5360 abluuntur.
2622 5305 2765 5363 Area
2808 5307 2980 5374 enim,
3036 5306 3273 5364 Iordane
3315 5310 3704 5383 transvadato,
3756 5331 3851 5387 per

2254 5410 2525 5452 marmora
2568 5400 2852 5469 peregrina
2894 5399 2949 5454 in
2985 5408 3185 5455 terram
3218 5401 3472 5456 transivit
3500 5402 3765 5476 alienam,
3794 5416 3851 5463 et

2253 5490 2430 5545 media
2459 5500 2612 5561 parte
2656 5492 2709 5546 in
2750 5506 2900 5547 mare
2940 5490 3239 5557 deﬂuente,
3272 5492 3449 5547 altera
3476 5509 3604 5564 pars
3634 5499 3846 5569 turgida

2252 5584 2453 5636 montis
2497 5583 2726 5653 erigitur
2767 5584 2962 5639 forma.
3009 5582 3099 5640 Sic
3139 5596 3237 5637 nos
3264 5583 3395 5639 olim
3427 5584 3651 5641 alienati
3677 5605 3708 5643 a
3730 5589 3846 5645 Deo

2246 5688 2345 5744 per
2368 5677 2678 5745 superbiam
2707 5721 2720 5745 ,
2775 5692 2871 5747 per
2896 5675 3152 5759 baptismi
3182 5674 3497 5745 symbolum
3547 5678 3841 5751 lmmiliati,

2246 5766 2507 5839 erigimur
2535 5768 2590 5826 in
2622 5770 2770 5828 alta:
2812 5766 2947 5837 Quia
2987 5764 3078 5836 qui
3108 5777 3169 5823 se
3198 5762 3601 5841 humiliaverit,
3632 5772 3842 5832 exalta-
