4056 6338
199 280 331 351 593

893 283 1435 347 COMMENTARIUS
1471 286 1541 347 1N
1579 287 2030 354 EVANGELIUM
2069 290 2220 349 SEC.
2260 290 2578 352 MARCUM.
2619 292 2772 351 CAP.
2812 297 2856 353 Ι.

3413 300 3523 366 59‘

203 404 388 463 bitur.
429 402 566 460 Pars
597 408 778 459 autem
804 441 821 472 ,
844 415 966 473 qua:
1002 401 1123 457 ﬁuit
1149 402 1201 458 in
1235 417 1408 470 mare,
1440 404 1807 461 amaricatur:
1837 408 1894 471 Α
1914 407 2126 464 subter.
2157 406 2309 463 Sicut
2340 407 2699 465 excellentior
2734 420 2820 467 est
2863 413 3064 484 anima,
3108 428 3273 488 quam
3319 432 3521 491 corpus

203 512 349 553 cum
375 509 502 552 arca
533 495 653 561 Dei,
692 495 799 551 hoc
824 502 930 562 est,
960 507 1162 564 corpus
1187 494 1421 566 Christi,
1450 511 1558 554 non
1590 498 1821 554 munda-

204 590 294 644 tis
349 603 458 646 non
499 588 721 661 profuit,
772 586 872 646 sed
915 585 974 646 in
1023 586 1270 647 deterius
1314 589 1405 646 illa
1450 590 1698 649 mutavit.
1726 591 1825 650 Se.

200 684 429 753 quitur.

290 773 365 828 Et
394 782 507 828 erat
548 770 777 829 Joannes
822 773 1036 830 vestitus
1062 774 1183 844 pilis
1214 773 1428 842 cameli,
1473 783 1524 830 et
1551 791 1685 831 zona
1713 776 1826 845 pel-

202 866 355 921 licea
380 866 515 918 circa
543 864 742 920 lumbos
767 881 786 919 :
814 874 863 919 et
885 865 1134 931 locustae,
1161 875 1208 920 et
1236 866 1337 921 mel
1364 865 1595 922 silvestre
1619 867 1825 922 edebat:

201 965 259 1012 et
294 956 616 1029 prwdicabat
657 958 852 1011 dicens.
903 954 1084 1013 Vestis
1115 956 1431 1027 prophetae,
1460 965 1517 1014 et
1542 958 1729 1024 cibus,
1769 966 1827 1014 et

200 1061 381 1120 potus
429 1058 597 1107 totam
644 1060 916 1107 austeram
973 1051 1139 1106 vitam
1173 1051 1585 1119 praedicandum
1617 1050 1821 1120 signiﬁ-

200 1150 384 1200 cant:
415 1152 471 1199 et
501 1142 711 1198 futuras
736 1151 926 1214 gentes
953 1142 1020 1197 ad
1044 1142 1272 1213 gratiam
1303 1143 1433 1212 Dei,
1474 1158 1595 1213 qure
1624 1150 1706 1197 est
1727 1140 1823 1197 Jo-

199 1250 414 1301 annes,
445 1236 594 1292 intus
620 1245 677 1291 et
704 1235 837 1291 foris
867 1250 991 1292 esse
1031 1236 1464 1306 conjungendas.
1524 1234 1655 1290 Pilis
1687 1248 1822 1290 vero

199 1328 439 1397 cameli,
467 1329 664 1383 divites
688 1328 933 1399 gentium
960 1343 975 1383 :
1013 1334 1068 1382 et
1094 1341 1232 1382 zona
1260 1326 1488 1397 pellicea
1505 1366 1521 1392 ,
1550 1340 1821 1397 pauperes

199 1422 425 1477 mundo
463 1420 701 1485 mortui;
748 1418 977 1475 locustis
1024 1419 1255 1475 serratis
1284 1459 1301 1486 ,
1348 1420 1629 1490 sapientes
1658 1419 1820 1490 hujus

198 1514 447 1569 mundi:
500 1512 589 1582 qui
645 1510 878 1581 stipulas
933 1509 1136 1567 Judzeis
1180 1509 1364 1566 aridas
1420 1510 1816 1581 relinquentes,

197 1604 491 1660 frumenta
519 1604 749 1676 mystica
776 1603 1030 1659 cruribus
1054 1602 1315 1670 trahunt,
1360 1612 1417 1658 et
1447 1604 1500 1657 in
1540 1603 1725 1658 calore
1757 1602 1819 1657 ﬁ-

196 1697 297 1753 dei
321 1697 492 1753 saltus
522 1695 857 1762 inhabitant;
882 1705 937 1752 et
959 1696 1123 1751 melle
1148 1695 1408 1764 silvestri,
1436 1695 1621 1752 ﬁdeles
1648 1695 1819 1765 inspi-

1925 505 2067 575 quod
2094 506 2253 575 regit,
2284 505 2356 561 ita
2384 507 2714 564 eminentior
2742 520 2826 565 est
2861 510 3082 580 spiritus
3121 528 3282 585 quam
3312 516 3518 573 anima.

1924 594 2033 652 Sed
2086 598 2286 653 mansit
2334 612 2501 667 super
2547 613 2670 655 eum
2716 600 2941 670 spiritus
2988 617 3003 656 :
3042 601 3159 659 haec
3201 615 3289 661 est
3334 608 3518 663 unctio

1926 684 2132 744 Christi
2161 688 2465 745 secundum
2509 704 2765 759 carnem,
2825 690 2894 748 de
2939 706 3049 763 qua
3105 693 3305 751 dicitur
3337 715 3350 753 :
3381 698 3519 757 Pro—

1927 787 2115 850 pterea
2143 781 2298 836 unxit
2326 791 2377 836 te
2406 781 2576 850 Deus,
2602 782 2743 838 Deus
2786 790 2911 840 tuus
2967 785 3090 842 oleo
3147 787 3353 844 laetitia:
3402 804 3515 859 prae

1927 874 2272 930 consortibus
2295 874 2425 929 tuis.
2459 874 2655 931 Oleum
2682 892 2793 933 non
2818 887 2999 947 potest
3027 894 3153 936 esse
3201 881 3303 936 sub
3333 896 3470 953 aqua
3497 901 3513 941 :

1925 965 2004 1020 sic
2034 976 2254 1022 creator
2285 981 2395 1024 non
2421 977 2605 1038 potest
2620 970 2722 1025 sub
2746 982 3024 1028 creatura.
3055 972 3251 1030 Oleum
3271 974 3340 1032 de
3370 990 3524 1031 ama-

1925 1056 2164 1113 ritudine
2186 1058 2362 1130 surgit
2390 1059 2614 1129 radicis,
2642 1070 2698 1117 et
2726 1063 2781 1118 in
2804 1064 3061 1133 pabulum
3082 1065 3327 1133 luminis,
3378 1076 3433 1123 et
3462 1068 3520 1124 in

1925 1151 2288 1206 medicamina
2314 1151 2625 1222 vulnerum,
2670 1156 2806 1210 etin
2856 1156 3217 1215 refectionem
3270 1160 3524 1216 esurien-

1924 1240 2077 1307 tium,
2109 1241 2165 1295 in
2194 1242 2478 1298 cacumine
2504 1245 2725 1299 crescit.
2760 1247 2917 1303 Unde
2950 1249 3011 1304 lit
3036 1252 3224 1307 unctio
3264 1252 3519 1323 corporis

1922 1329 2163 1386 Christi?
2192 1331 2261 1388 de
2286 1334 2654 1390 amaritudine
2700 1338 2973 1406 passionis
2996 1383 3011 1409 ,
3064 1350 3123 1397 et
3166 1345 3414 1412 pervenit
3453 1346 3522 1403 ad

1921 1421 2147 1492 gloriam
2174 1424 2603 1481 resurrectionis
2637 1442 2652 1481 :
2681 1427 2826 1483 unde
2855 1444 2956 1485 nos
2985 1432 3283 1501 Apostolus
3330 1436 3522 1493 admo-

1922 1523 2037 1583 net,
2071 1515 2258 1572 dicens
2287 1533 2303 1571 :
2337 1517 2451 1573 Hoc
2479 1519 2625 1575 enim
2648 1522 2850 1577 sentite
2876 1522 2934 1578 in
2964 1524 3121 1580 vobis
3148 1570 3163 1595 ,
3189 1529 3333 1598 quod
3378 1538 3433 1585 et
3460 1530 3519 1585 in

1919 1605 2140 1661 Christo
2165 1606 2316 1674 Jesu,
2341 1614 2397 1663 et
2416 1608 2647 1679 reliqua,
2677 1625 2849 1681 usque
2872 1613 2942 1668 ad
2971 1622 3208 1671 mortem
3226 1656 3241 1681 ,
3283 1628 3519 1675 mortem

1921 1708 2103 1754 autem
2133 1700 2311 1754 crucis
2343 1716 2357 1755 :
2394 1708 2618 1771 propter
2647 1703 2794 1772 quod
2836 1713 2894 1759 et
2940 1705 3086 1761 Deus
3143 1708 3404 1764 exaltavit
3451 1711 3521 1765 il-

197 1792 349 1848 ratis
382 1793 451 1849 de
480 1792 683 1849 inculta
712 1790 845 1847 silva
895 1790 1110 1861 ignibus
1153 1790 1445 1860 praeparati
1474 1803 1538 1843 ac
1564 1803 1816 1859 mergen-
1840 1788 1890 1851 Β
1918 1791 2052 1860 lum,
2089 1800 2143 1846 et
2168 1790 2392 1846 donavit
2423 1792 2499 1847 illi
2551 1809 2790 1863 nomen,
2844 1795 2988 1865 quod
3018 1806 3105 1855 est
3141 1814 3307 1870 super
3358 1816 3523 1858 omne

196 1894 291 1940 tes
316 1883 725 1956 signiﬁcantur.
765 1881 901 1949 Quae
930 1881 1113 1937 omnia
1137 1895 1165 1935 a
1197 1881 1369 1951 gratia
1401 1880 1684 1949 Evangelii
1714 1894 1809 1934 su-

200 1985 484 2034 muntur:
528 1978 587 2032 In
630 1991 734 2047 qua
764 1992 873 2031 non
910 1983 992 2031 est
1020 1975 1302 2030 distinctio
1324 1973 1497 2029 Judaei
1528 1982 1583 2029 et
1608 1973 1808 2031 Graeci.

284 2070 451 2126 Venit
484 2070 675 2140 fortior
708 2085 789 2123 me
823 2078 938 2141 post
974 2085 1071 2122 me.
1098 2067 1231 2134 Quis
1266 2066 1463 2122 fortior
1501 2074 1585 2121 est
1613 2067 1809 2135 gratia,

194 2178 311 2237 qua
346 2171 572 2232 peccata
598 2161 929 2217 abluuntur?
958 2160 1056 2215 Ille
1084 2160 1359 2227 nimirum,
1396 2160 1487 2230 qui
1530 2160 1730 2230 septies
1758 2168 1814 2215 et

194 2256 525 2328 septuagies
547 2254 751 2325 septies
776 2253 1011 2310 remittit
1034 2262 1277 2323 peccata.
1311 2254 1497 2309 Gratia
1520 2253 1669 2322 prior
1695 2254 1814 2323 qui-

196 2347 332 2404 dem
367 2354 476 2413 est,
506 2345 604 2402 sed
635 2346 803 2402 semel
836 2344 1065 2401 remittit
1090 2361 1186 2417 per
1218 2345 1571 2416 baptismum.
1602 2345 1813 2401 Miseri-

196 2437 399 2496 cordia
429 2451 562 2494 vero
588 2438 644 2492 in
674 2438 907 2494 miseros
932 2438 999 2493 ab
1022 2438 1197 2493 Adam
1220 2451 1390 2508 usque
1416 2437 1485 2493 ad
1510 2436 1807 2509 Christum,

140 2589 155 2602 ,
198 2544 307 2602 per
336 2530 683 2600 septuaginta
726 2537 935 2599 septem
964 2528 1393 2598 generationes:
1440 2537 1498 2585 et
1535 2543 1707 2600 usque
1741 2528 1811 2585 ad

198 2630 439 2679 centum
466 2620 821 2692 quadraginta
851 2628 1085 2691 quatuor
1126 2620 1295 2675 millia
1328 2622 1600 2691 pervenit.

276 2714 455 2785 Cujus
482 2730 587 2769 non
614 2730 729 2768 sum
749 2716 934 2786 dignus
955 2714 1291 2786 procumbens
1312 2716 1510 2771 solvere
1533 2717 1810 2791 corrigiam

200 2806 674 2863 calciamentorum
702 2809 837 2879 ejus.
862 2806 978 2863 Non
1006 2817 1091 2863 est
1127 2807 1289 2879 digna
1329 2808 1445 2863 sola
1485 2811 1656 2880 gratia
1686 2825 1811 2881 pro-

201 2896 482 2954 cumbens
510 2897 565 2951 in
592 2898 860 2969 baptismo
888 2898 1105 2955 solvere
1149 2899 1443 2970 corrigiam
1484 2900 1811 2956 calciamen-

201 2996 401 3045 torum
443 2988 581 3058 ejus,
628 2988 680 3044 id
735 3000 840 3058 est,
888 2990 1210 3060 mysterium
1256 2991 1646 3047 incarnationis
1691 2993 1807 3049 Dei.

200 3082 344 3138 Calx
375 3081 529 3138 enim
557 3090 802 3138 extrema
839 3097 967 3153 pars
1006 3090 1091 3138 cst
1128 3083 1397 3152 corporis.
1433 3083 1490 3137 In
1524 3083 1633 3138 ﬁne
1664 3085 1810 3139 enim

1918 1897 2116 1938 nomen
2150 1900 2162 1936 :
2197 1882 2321 1953 quia
2354 1884 2614 1941 Dominus
2641 1887 2801 1943 Jesus
2843 1888 2900 1943 in
2929 1890 3104 1959 gloria
3145 1901 3230 1948 est
3271 1892 3370 1950 Dei
3410 1893 3513 1950 Pa-

1915 1976 2037 2032 tris.

1986 2068 2057 2123 Et
2084 2074 2281 2139 factum
2306 2080 2379 2126 est
2408 2073 2464 2125 in
2490 2072 2668 2126 diebus
2700 2072 2845 2140 illis;
2895 2076 3031 2129 venit
3069 2075 3229 2131 Jesus
3258 2095 3291 2130 a
3327 2079 3514 2134 Naza-

1914 2161 2027 2217 reth
2051 2159 2288 2218 Galiltea:
2319 2180 2338 2217 .·
2369 2171 2415 2217 et
2440 2163 2730 2234 baptizatus
2776 2172 2849 2219 est
2879 2166 2935 2218 in
2963 2166 3197 2222 Jordane
3224 2185 3257 2222 a
3284 2167 3512 2227 Joanne.

1915 2251 1985 2306 Et
2016 2254 2191 2308 statim
2218 2255 2502 2309 ascendens
2531 2254 2597 2308 de
2623 2271 2761 2324 aqua
2793 2254 2924 2309 vidit
2965 2256 3122 2312 cales
3168 2269 3408 2329 apertos,
3463 2272 3515 2315 et

1912 2344 2153 2415 spiritum
2188 2354 2455 2416 tamquam
2475 2346 2765 2400 columbam
2786 2346 3201 2417 descendentem,
3226 2359 3276 2404 et
3301 2368 3516 2405 manen-

1915 2445 2014 2490 tem
2039 2438 2094 2491 in
2121 2437 2253 2507 ipso.
2285 2436 2355 2490 Et
2380 2452 2479 2492 vox
2503 2437 2647 2507 facta
2668 2448 2743 2493 est
2770 2438 2831 2492 de
2871 2441 3010 2496 ccelis
3042 2456 3061 2494 :
3115 2439 3193 2494 Tu
3248 2457 3301 2496 es
3361 2442 3509 2510 ﬁlius

1914 2543 2056 2582 meus
2081 2528 2321 2595 dilectus,
2353 2529 2409 2581 in
2433 2536 2482 2582 te
2511 2528 2803 2600 complacui
2831 2538 2921 2585 :et
2946 2531 3123 2585 statim
3151 2533 3373 2603 spiritus
3421 2550 3514 2588 ea:-

1914 2622 2047 2693 pulit
2073 2638 2191 2675 eum
2221 2622 2277 2676 in
2303 2621 2563 2677 desertum
2592 2638 2612 2677 :
2638 2632 2687 2678 et
2712 2634 2822 2678 erat
2846 2623 2920 2677 ibi
2948 2625 3003 2679 in
3031 2624 3233 2680 deserto
3273 2629 3510 2698 quadrae

1913 2715 2060 2785 ginta
2084 2714 2286 2783 diebus,
2319 2722 2368 2767 et
2408 2714 2759 2787 quadraginta
2808 2716 3043 2771 noctibus
3071 2734 3090 2771 :
3119 2726 3170 2773 et
3218 2716 3513 2772 tentabatur

1914 2825 1947 2861 a
1977 2807 2198 2864 Satana.
2234 2806 2467 2877 Eratque
2498 2825 2614 2861 cum
2650 2809 2846 2876 bestiis,
2869 2818 2919 2864 et
2945 2809 3121 2880 angeli
3148 2811 3517 2865 ministrabant
3556 2858 3559 2869 ν

1914 2901 2015 2955 illi.
2043 2900 2255 2955 Marcus
2286 2899 2617 2971 evangelista
2649 2901 2788 2956 sicut
2816 2915 3012 2957 cervus
3031 2900 3099 2956 ad
3136 2902 3315 2957 fontes
3343 2917 3509 2972 aqua-

1914 3008 2033 3047 rum
2061 2991 2400 3056 desiderans,
2431 2991 2601 3047 saltus
2624 2992 2677 3046 in
2702 2991 2874 3060 planis
2922 3000 2981 3047 et
3019 2990 3207 3047 arduis
3246 2993 3341 3047 dat
3390 3010 3402 3046 :
3454 3001 3512 3049 et

1914 3084 2150 3141 culmina
2180 3091 2392 3138 tantum
2419 3091 2702 3153 pratorum
2732 3085 2928 3153 carpit,
2964 3093 3018 3140 et
3044 3085 3253 3153 palmas
3299 3086 3351 3140 in
3382 3101 3512 3141 vcr-

205 3172 276 3230 ad
294 3173 566 3243 justitiam
589 3172 741 3228 adest
763 3172 1013 3230 Salvator
1033 3173 1365 3228 incarnatus.
1385 3172 1540 3229 Unde
1559 3173 1701 3230 bene
1720 3191 1815 3244 per
1842 3170 1888 3234 C
1920 3179 2025 3233 tice
2045 3183 2225 3249 portat
2254 3194 2269 3231 :
2302 3184 2357 3231 et
2383 3176 2533 3231 velut
2559 3178 2676 3246 apis
2702 3176 2988 3245 melliﬂua,
3014 3177 3179 3231 ﬁores
3229 3177 3369 3247 agri,
3420 3179 3511 3232 cui

205 3264 539 3335 prophetam
577 3263 779 3319 dicitur
812 3282 824 3317 :
875 3264 931 3318 ln
972 3263 1262 3318 Idumaeam
1292 3264 1577 3319 extendam
1611 3266 1812 3321 calcia-

208 3366 463 3414 mentum
494 3371 674 3423 meum
704 3374 718 3411 :
744 3356 867 3426 quia
899 3357 1000 3411 nisi
1026 3356 1282 3427 jungatur
1310 3357 1534 3413 scientia
1564 3360 1810 3429 spiritus,

209 3462 383 3505 nemo
400 3462 496 3518 per
514 3447 741 3517 gratiam
761 3447 1098 3504 remissionis
1119 3449 1404 3519 investigat
1427 3448 1813 3507 incarnationis

209 3542 421 3599 Christi
470 3545 786 3615 mysterium
826 3544 1100 3616 quomodo
1152 3544 1391 3601 Verbum
1431 3560 1561 3602 caro
1609 3546 1811 3604 factum

210 3647 298 3695 est
329 3655 343 3692 :
378 3636 521 3693 unde
562 3652 693 3694 caro
720 3638 941 3709 Christi,
986 3639 1130 3695 unde
1166 3639 1367 3707 anima,
1416 3641 1561 3696 unde
1588 3642 1814 3710 spiritus

214 3733 385 3788 sumit
412 3730 719 3801 exordium,
753 3740 813 3787 ut
841 3731 1006 3788 homo
1034 3746 1198 3787 verus
1234 3732 1328 3788 ﬁat
1354 3747 1450 3802 per
1475 3733 1657 3788 omnia
1692 3734 1814 3788 abs-

213 3837 325 3893 que
356 3834 581 3894 peccato
610 3841 621 3878 :
656 3832 710 3879 et
749 3823 893 3880 Deus
923 3837 1086 3881 verus
1117 3825 1169 3879 in
1200 3824 1313 3880 Deo
1346 3839 1479 3880 vero
1503 3826 1620 3881 sine
1668 3825 1815 3893 prin-

215 3913 364 3987 cipio
397 3915 541 3972 idem
574 3917 715 3973 ﬁlius
753 3918 1014 3984 hominis,
1045 3919 1135 3988 qui
1167 3926 1253 3974 est
1289 3920 1343 3973 in
1371 3920 1511 3975 caelo
1540 3937 1554 3973 :
1594 3928 1820 3989 etquo-

215 4008 387 4063 modo
416 4017 688 4080 tamquam
718 4025 952 4080 sponsus
981 4011 1283 4081 procedens
1311 4012 1379 4066 de
1419 4013 1656 4066 thalamo
1693 4028 1815 4080 suo,

215 4096 270 4152 id
303 4108 412 4162 cst,
436 4098 683 4169 virginali
705 4109 881 4167 utero,
909 4102 1150 4156 clausum
1178 4101 1509 4170 relinquens.
1543 4100 1697 4157 Unde
1718 4103 1814 4157 ad-

215 4191 481 4247 veniente
508 4205 636 4247 vero
674 4206 905 4261 sponso,
937 4192 1132 4248 domus
1157 4192 1453 4247 discalciati
1490 4192 1687 4248 dicitur
1718 4194 1817 4249 do-

148 4345 151 4348 ,
218 4298 343 4341 mus
372 4282 624 4347 Joannis,
650 4282 741 4354 qui
768 4283 929 4338 dicit:
964 4284 1052 4354 qui
1082 4283 1247 4339 habet
1276 4297 1554 4353 sponsam,
1586 4298 1819 4353 sponsus

220 4384 326 4430 est.
380 4373 537 4430 Unde
566 4374 620 4428 in
661 4376 845 4443 specie
882 4374 1152 4430 columbae
1188 4374 1421 4444 Spiritus
1456 4383 1677 4431 sanctus
1724 4376 1820 4432 de-

224 4465 451 4522 scendit.
482 4463 580 4520 Cui
614 4465 666 4520 in
706 4465 931 4520 Cantico
962 4467 1293 4522 canticorum
1335 4468 1546 4522 canitur
1578 4485 1590 4522 :
1620 4481 1818 4538 sponsa

1916 3267 2051 3324 odor
2073 3267 2190 3321 veri
2218 3267 2369 3321 lsaac
2396 3266 2717 3333 simulatur,
2760 3267 3073 3322 summatim
3101 3276 3283 3336 gustat
3314 3284 3327 3320 :
3368 3267 3513 3324 unde

1915 3373 1943 3412 a
1974 3357 2238 3414 Nazareth
2266 3357 2509 3413 Galilaeae
2534 3357 2843 3414 venientem
2871 3358 3056 3413 Jesum
3079 3359 3147 3413 ad
3179 3358 3509 3427 baptismum

1915 3449 1972 3504 in
1996 3448 2232 3506 Jordane
2252 3462 2281 3501 a
2306 3447 2518 3502 Joanne
2541 3457 2825 3515 acceptum
2848 3455 3069 3501 enarrat
3095 3463 3109 3499 :
3142 3456 3197 3502 et
3224 3448 3410 3503 statim
3438 3448 3509 3505 de

1914 3556 2051 3613 aqua
2080 3540 2416 3607 ascendisse,
2444 3547 2501 3593 et
2524 3547 2749 3607 apertos
2775 3539 2943 3594 coelos
2973 3539 3207 3605 vidisse,
3240 3551 3297 3596 et
3345 3543 3509 3610 spiri-

1915 3642 2055 3699 tum,
2085 3640 2147 3687 ut
2165 3628 2473 3685 columbam
2497 3627 2871 3694 descendisse,
2905 3637 2962 3684 et
2984 3628 3036 3683 in
3060 3629 3182 3699 ipso
3211 3632 3506 3689 mansisse:

1918 3736 1973 3782 et
2000 3738 2135 3779 voce
2171 3722 2241 3777 de
2268 3720 2423 3776 cmlis
2452 3719 2592 3774 facta
2622 3719 2825 3785 Patris,
2859 3720 2912 3775 in
2939 3720 3146 3777 dilecto
3194 3721 3309 3777 ﬁlio
3360 3736 3512 3778 com-

1917 3815 2191 3888 placuisse
2225 3823 2312 3868 :et
2344 3812 2596 3882 spiritum
2628 3827 2751 3867 eum
2790 3812 2848 3867 in
2876 3812 3155 3869 desertum
3200 3815 3509 3885 expulisse,

1918 3917 1973 3963 et
2002 3914 2265 3960 tentatum
2285 3919 2316 3958 a
2342 3903 2542 3959 Satana
2573 3902 2928 3973 quadraginta
2956 3903 3148 3959 diebus
3178 3914 3234 3959 ct
3258 3906 3510 3962 noctibus

1919 4000 2086 4055 fuisse
2113 4010 2237 4051 cum
2260 3995 2469 4061 bestiis,
2522 4003 2580 4051 et
2604 3994 2814 4064 angelis
2869 3994 3306 4053 ministrantibus
3359 4013 3511 4055 com-
3608 4062 3611 4063 ν

1919 4099 2193 4149 moratum
2222 4104 2365 4146 esse.
2388 4088 2492 4156 Qui
2514 4088 2650 4144 ordo
2678 4089 2962 4146 moraliter
3021 4090 3181 4145 nobis
3210 4090 3507 4145 secundum

1922 4183 2121 4240 Christi
2146 4181 2459 4251 exemplum
2492 4180 2807 4251 sequendus
2830 4190 2946 4251 est,
2990 4180 3387 4245 festinantibus
3438 4183 3509 4238 ad

1922 4277 2199 4334 consortia
2228 4275 2495 4347 angelica,
2520 4275 2873 4347 quemilesus
2905 4276 3057 4345 prius
3112 4289 3279 4346 opere
3320 4282 3511 4329 osten-

1922 4372 2025 4438 dit,
2049 4384 2208 4438 quam
2246 4382 2383 4423 voce
2415 4367 2658 4424 doceret.
2723 4367 2813 4423 Sic
2878 4382 2978 4422 nos
3040 4367 3109 4422 de
3170 4365 3518 4423 volubilitate

1924 4464 2133 4531 mundi,
2183 4462 2435 4532 pendulae
2474 4460 2772 4517 voluntatis
2821 4460 2992 4515 odore
3038 4459 3191 4515 ﬁoris
3245 4458 3513 4515 munditia

225 4572 363 4623 mea,
411 4558 589 4613 amica
626 4572 767 4623 mea,
808 4560 1054 4627 proxima
1096 4574 1211 4615 mea
1234 4601 1248 4626 ,
1296 4559 1491 4615 dilecta
1534 4574 1678 4630 mea,
1723 4575 1817 4615 co-
1841 4532 1897 4592 Ῐ)
1926 4556 2108 4622 tracti,
2137 4569 2259 4610 cum
2289 4552 2730 4608 adolescentibus
2752 4560 2877 4621 post
2905 4566 3170 4620 sponsum
3206 4549 3512 4605 currimus:

227 4648 407 4705 lumba
456 4665 595 4707 mea.
645 4650 858 4721 Sponsa
901 4651 955 4706 in
997 4652 1345 4722 patriarchis,
1378 4653 1548 4707 amica
1600 4653 1653 4707 in
1685 4668 1814 4722 pro-

232 4741 423 4809 phetis,
452 4743 704 4813 proxima
728 4746 780 4797 in
802 4742 998 4814 loseph
1023 4753 1077 4798 et
1102 4743 1288 4811 Maria,
1309 4744 1507 4801 dilecta
1533 4747 1585 4800 in
1609 4745 1817 4802 Joanne

232 4831 490 4903 Baptista,
520 4835 768 4890 columba
803 4835 858 4890 in
879 4833 1098 4891 Christo
1125 4845 1183 4889 et
1205 4837 1487 4905 apostolis,
1518 4837 1712 4906 quibus
1738 4837 1821 4892 di-

234 4924 407 4984 citur:
434 4928 623 4984 Estote
647 4928 941 4999 prudentes
970 4929 1110 4984 sicut
1131 4936 1438 4999 serpentes,
1468 4937 1523 4985 et
1545 4929 1821 5001 simplices

236 5016 367 5072 sicut
394 5020 684 5075 columbae.
714 5020 972 5092 Sequitur
1004 5040 1018 5075 ι

305 5109 418 5180 Ego
448 5110 707 5181 baptizari
734 5127 819 5166 eos
848 5113 903 5166 in
928 5128 1065 5182 aqua
1095 5126 1113 5165 .'
1145 5111 1233 5166 ille
1272 5127 1391 5167 vero
1422 5111 1698 5183 baptizabit
1741 5128 1829 5166 vos

239 5201 293 5255 in
330 5203 535 5275 Spiritu
572 5214 769 5259 sancto.
803 5204 901 5260 Dei
939 5218 1069 5260 vero
1110 5204 1308 5259 ﬂuvius
1345 5218 1563 5274 semper
1618 5205 1828 5273 plenus,

245 5305 451 5364 semper
478 5302 563 5353 est
604 5298 828 5367 arqualis
861 5315 872 5351 :
910 5296 977 5352 de
1016 5312 1125 5366 quo
1153 5296 1360 5352 dictum
1398 5303 1525 5351 cst:
1576 5294 1838 5351 Fluminis

247 5381 496 5455 impetus,
529 5387 766 5444 laetiﬁcat
788 5387 1063 5444 civitatem
1098 5388 1213 5443 Dei.
1242 5387 1384 5455 Quid
1413 5387 1664 5453 interest,
1697 5387 1839 5441 inter

247 5487 433 5546 aquam
471 5489 527 5534 et
576 5479 839 5549 Spiritum
887 5490 1156 5549 sanctum,
1211 5481 1307 5551 qui
1354 5480 1635 5537 ferebatur
1681 5493 1842 5549 super

250 5568 450 5635 aquas?
474 5572 627 5640 Aqua
654 5572 1015 5628 ministerium
1044 5581 1129 5629 est
1157 5573 1389 5629 hominis
1418 5593 1431 5627 :
1454 5573 1692 5643 Spiritus
1714 5585 1847 5626 vero

252 5658 608 5719 ministerium
643 5670 727 5720 est
763 5664 884 5721 Dei.
918 5666 1076 5722 Unde
1113 5667 1375 5738 scriptum
1430 5675 1512 5721 est
1547 5684 1561 5721 :
1611 5664 1848 5735 Spiritus

253 5748 348 5812 Dei
404 5754 683 5814 ferebatur
742 5770 907 5832 super
966 5774 1155 5832 aquas.
1214 5758 1425 5833 Super,
1474 5759 1690 5832 inquit,
1741 5772 1851 5823 non

1927 4658 1981 4704 et
2001 4663 2099 4719 per
2119 4646 2374 4717 baptismi
2406 4653 2748 4700 sacramenta
2796 4644 2867 4698 de
2903 4643 3117 4698 duobus
3148 4642 3386 4697 fontibus
3435 4642 3519 4698 di-

1929 4740 2206 4805 lectionis,
2232 4738 2331 4793 Dei
2354 4745 2409 4793 et
2441 4734 2698 4806 proximi,
2727 4750 2756 4788 a
2788 4734 2966 4803 gratia
2990 4732 3329 4789 remissionis
3345 4734 3522 4790 ablui-

1930 4849 2074 4899 mur,
2113 4840 2168 4887 et
2207 4828 2564 4885 ascendentes
2604 4841 2701 4897 spe
2748 4826 2993 4882 coelestia
3047 4836 3260 4882 secreta
3302 4826 3517 4882 mundis

1932 4923 2111 4979 cordis
2140 4921 2315 4976 oculis
2354 4920 2650 4974 intuemur.
2706 4917 2914 4973 Dehinc
2965 4917 3226 4987 Spiritum
3275 4928 3523 4975 sanctum

1933 5014 2123 5085 spiritu
2172 5010 2409 5066 contrito
2446 5018 2501 5065 et
2532 5007 2857 5075 humiliato,
2903 5022 3027 5063 cum
3072 5009 3311 5079 simplici
3361 5011 3525 5068 corde

1936 5104 2359 5165 descendentem
2388 5102 2457 5158 ad
2477 5108 2811 5167 mansuetos,
2841 5108 2898 5155 et
2927 5113 3053 5154 cum
3072 5099 3338 5157 charitate
3369 5118 3528 5157 num-

1938 5217 2099 5274 quam
2123 5198 2384 5266 cadente,
2434 5204 2748 5251 mancntem
2795 5194 3123 5264 suscipimus
3153 5212 3166 5249 :
3194 5204 3251 5251 et
3296 5210 3403 5254 vox
3460 5196 3532 5250 de

1943 5293 2099 5350 cretis
2127 5288 2341 5345 Domini
2362 5286 2429 5341 ad
2459 5301 2557 5341 nos
2580 5301 2611 5340 a
2642 5286 2756 5340 Deo
2787 5284 3019 5341 dilectos
3047 5286 3325 5357 dirigitur,
3383 5285 3538 5339 Beati

1947 5382 2183 5456 paciﬁci,
2218 5379 2472 5451 quoniam
2508 5377 2603 5431 ﬁlii
2636 5376 2730 5432 Dei
2785 5378 3146 5433 vocabuntur.
3191 5378 3260 5432 Et
3305 5384 3433 5431 tunc
3483 5375 3540 5430 in

1952 5474 2111 5530 nobis
2141 5469 2444 5539 complacet
2466 5469 2630 5524 Pater
2660 5482 2782 5523 cum
2814 5467 2976 5536 Filio,
3007 5477 3063 5524 et
3093 5468 3300 5538 Spiritu
3331 5476 3541 5529 sancto.

1951 5567 2171 5641 quando
2200 5564 2474 5621 efﬁcimur
2503 5577 2645 5619 unus
2676 5563 2905 5633 spiritus
2933 5577 3055 5619 cum
3087 5562 3224 5617 Deo.
3266 5559 3420 5618 Unde
3456 5562 3547 5617 Fi-

1953 5660 2058 5715 lius
2084 5658 2301 5713 Patrem
2353 5656 2666 5727 interpellat
2716 5670 2817 5725 pro
2870 5653 3065 5723 nobis,
3114 5654 3349 5710 dicens:
3384 5654 3545 5711 Pater

1954 5760 2165 5824 sancte,
2190 5765 2451 5813 conserva
2481 5765 2577 5812 eos
2620 5753 2678 5811 in
2718 5750 2940 5812 nomine
2986 5758 3116 5819 tuo,
3165 5762 3304 5821 quos
3358 5746 3567 5829 dedisti
