4030 6202
506 216 618 275 595

1550 209 1611 267 S.
1652 208 2037 269 HIERONYMI
2074 202 2360 269 OPEDUM
2398 202 2767 265 MANTISSA.

3706 206 3821 267 598

510 337 673 404 mihi,
699 344 762 395 ut
784 340 893 395 sint
922 345 1085 391 unum
1130 330 1271 385 sicut
1304 335 1360 383 et
1389 340 1489 383 nos
1518 342 1685 381 unum
1713 342 1923 382 sumus.
1958 328 2109 381 Tune
2136 330 2183 390 Α
2213 324 2367 380 stinae
2412 321 2844 377 conversationis
2892 319 3271 381 abominantes
3321 336 3335 377 :
3378 321 3621 393 pellibus
3663 325 3814 389 enim

520 431 753 500 spiritus
781 448 881 485 nos
911 422 1133 494 expellit
1160 423 1213 476 in
1264 421 1485 476 deserto
1533 419 1965 489 quadragenario
2012 435 2114 473 nu-

521 539 685 579 mero
710 521 992 577 tentandos
1016 533 1045 571 a
1076 517 1275 570 Satana
1311 530 1326 568 :
1356 522 1414 568 ut
1430 513 1695 584 patientia
1729 513 1887 567 nobis
1918 516 2115 582 proba-

524 617 750 681 tionem,
778 609 1027 679 probatio
1052 618 1237 661 autem
1268 621 1444 674 spem,
1468 622 1595 673 spes
1620 619 1755 659 vero
1779 603 2105 660 charitatem

525 710 784 774 generet:
815 715 939 755 cum
986 714 1097 754 non
1151 699 1225 752 sit
1253 697 1410 753 nobis
1467 696 1787 751 colluctatio
1844 697 2113 751 adversus

523 810 743 851 carnem
772 802 828 849 et
852 793 1171 862 sanguinem
1211 808 1226 844 :
1251 789 1347 845 sed
1370 789 1635 844 adversus
1662 789 2019 859 principatus,
2061 797 2116 844 et

524 889 759 958 reliqua.
817 885 888 940 Et
933 892 1062 939 tunc
1110 882 1299 938 bestia:
1341 891 1544 951 pacatae
1591 892 1751 935 erunt
1800 879 2111 947 nobiscum',

523 999 646 1039 cum
676 984 728 1036 in
760 996 886 1036 arca
916 979 1112 1033 anima:
1143 987 1367 1043 nostra),
1392 976 1593 1033 munda
1650 991 1775 1029 cum
1819 974 2117 1029 immundis

528 1074 856 1129 animalibus
888 1071 1359 1135 mansuescimus,
1412 1079 1470 1126 et
1512 1084 1637 1124 cum
1679 1067 1932 1123 leonibus
1979 1067 2117 1122 sicut

527 1165 716 1221 Daniel
774 1165 1035 1218 cubamus
1066 1181 1077 1217 :
1111 1178 1233 1217 cum
1293 1162 1518 1232 spiritus
1574 1175 1685 1216 non
1733 1160 1803 1215 sit
1856 1158 2118 1214 adversus

526 1275 773 1324 carnem,
807 1268 863 1315 et
888 1258 1207 1327 sanguinem
1235 1273 1250 1309 :
1278 1270 1379 1321 nec
1401 1269 1534 1311 caro
1554 1252 1893 1323 concupiscit
1921 1249 2120 1305 adver-

525 1367 617 1406 sus
641 1352 924 1419 spiritum.
958 1350 1091 1411 Post
1115 1349 1230 1404 haec
1273 1348 1456 1419 angeli
1487 1346 1747 1413 ministri,
1791 1343 1882 1413 qui
1925 1342 2121 1398 vident

524 1442 718 1498 faciem
749 1441 917 1510 patris
935 1441 1109 1495 nostri
1144 1441 1198 1493 in
1222 1440 1403 1505 cretis,
1429 1454 1648 1507 semper
1695 1436 1988 1491 mittuntur
2016 1449 2118 1489 uo-

525 1533 633 1597 bis,
655 1541 717 1587 ut
742 1546 1005 1602 responsa
1034 1539 1090 1586 et
1112 1531 1311 1586 solatia
1353 1530 1610 1585 cordibus
1655 1536 1710 1581 et
1760 1525 2120 1596 vigilantibus

527 1624 683 1690 dent,
715 1624 1001 1679 dicentes:
1031 1623 1300 1678 Esaudita
1345 1632 1427 1678 est
1451 1620 1626 1675 oratio
1654 1628 1761 1673 tua.
1796 1618 1887 1684 Et,
1942 1617 2120 1672 Nolite

2219 416 2445 471 mortuis
2479 416 2675 486 tegitur
2703 415 2896 479 Adam,
2924 417 3017 486 qui
3045 417 3261 486 genitor
3288 426 3372 473 est
3400 428 3591 477 noster
3615 432 3819 479 secun-

2215 510 2339 564 dum
2365 523 2603 564 carnem.
2651 510 2715 564 Et
2740 523 2883 563 nunc
2910 509 3157 577 deposito
3188 518 3375 565 vetere
3411 510 3658 573 homine,
3691 525 3815 573 cuni

2215 601 2422 655 actibus
2463 602 2598 667 suis,
2648 615 2843 654 novum
2884 610 3178 670 sequentes
3216 602 3496 657 hominem
3525 643 3540 667 ,
3580 602 3817 672 pellibus

2218 695 2448 763 tegimur
2478 694 2820 763 Salomonis,
2848 696 3044 765 quibus
3076 710 3279 765 sponsa
3304 696 3570 766 gloriatur
3596 710 3659 755 se
3696 697 3811 757 iac-

2219 797 2323 843 tam
2352 804 2475 844 esse
2506 790 2824 845 tormosam.
2854 790 3066 856 Simon,
3099 790 3343 844 obediens
3381 806 3400 844 :
3432 789 3703 857 Andreas,
3738 793 3817 847 vi—

2218 882 2331 934 ritis
2354 896 2373 934 :
2395 880 2586 948 Jacob,
2618 881 3000 952 supplantans:
3022 880 3282 945 Joannes,
3316 882 3512 951 gratia,
3538 882 3592 937 in
3620 882 3816 951 Latino

2217 982 2397 1027 sonat.
2439 972 2644 1038 Quibus
2671 981 2904 1041 quatuor
2930 971 3242 1027 nominibus
3276 971 3331 1027 in
3372 986 3567 1042 agmen
3598 973 3818 1031 Domini

2218 1064 2600 1133 conjungitnnr
2642 1081 2655 1117 :
2694 1063 3028 1132 obedientia,
3068 1073 3129 1117 ut
3154 1062 3441 1120 audiamur
3481 1080 3496 1117 :
3532 1064 3814 1131 virilitate,

2220 1165 2281 1210 ut
2316 1170 2618 1225 pugnemus
2665 1172 2681 1209 :
2731 1154 3207 1225 supplantatione,
3256 1166 3317 1215 ut
3360 1171 3811 1225 perseveremus:

2220 1253 2414 1322 gratia,
2447 1260 2507 1306 ut
2534 1266 2940 1307 conservemus.
2973 1251 3085 1307 Nisi
3112 1251 3254 1307 enim
3286 1250 3544 1311 dominus
3581 1250 3817 1311 aediﬁca-

2222 1346 2360 1399 verit
2381 1342 2627 1411 domum,
2652 1343 2706 1398 in
2734 1357 2935 1398 vanum
2959 1342 3231 1406 laborant.
3258 1344 3347 1413 qui
3369 1343 3643 1401 aediﬁcant
3670 1358 3810 1403 eam.

2222 1435 2355 1502 Quae
2382 1443 2616 1506 quatuor
2644 1435 2871 1490 virtutes
2900 1435 3205 1493 cardinales
3227 1435 3478 1493 dicuntur
3507 1452 3522 1507 ;
3556 1436 3688 1505 quia
3719 1450 3818 1506 per

2224 1526 2589 1596 prudentiam,
2623 1527 2910 1585 obedimns
2945 1546 2957 1581 :
2988 1543 3087 1598 per
3112 1527 3392 1597 justitiam,
3434 1528 3671 1587 viriliter
3700 1527 3826 1596 agi-

2227 1635 2347 1675 mus
2378 1636 2390 1673 :
2423 1634 2522 1689 per
2564 1621 3002 1688 temperantiam,
3035 1630 3338 1689 serpentem
3371 1621 3680 1685 calcamus;
3724 1634 3825 1688 per

523 1715 742 1781 timere,
773 1714 960 1771 Jesum
983 1724 1295 1785 quaerentes
1323 1712 1683 1767 Nazarenam.
1711 1711 1796 1774 Et,
1835 1710 1953 1779 Ego
1983 1723 2120 1778 quos
2150 1701 2198 1770 Β
2226 1709 2615 1774 fortitudinem,
2655 1711 2883 1778 gratiam
2925 1710 3018 1765 Dei
3062 1726 3357 1773 meremur.
3390 1710 3546 1764 Curis
3586 1708 3820 1773 fratrum

525 1820 670 1871 amo,
696 1821 889 1876 arguo,
918 1814 975 1859 et
1006 1805 1213 1874 castigo
1242 1821 1252 1856 :
1287 1810 1365 1868 et,
1404 1802 1650 1855 Vincenti
1683 1800 1825 1853 dabo
1858 1799 2025 1853 edere
2053 1798 2121 1855 de

530 1897 699 1967 ligno,
734 1896 875 1965 quod
905 1903 991 1950 est
1021 1896 1073 1948 in
1100 1893 1351 1963 paradiso
1386 1891 1483 1945 Dei
1508 1892 1631 1945 mei.
1669 1890 1929 1959 Sequitur
1961 1907 1974 1944 :

596 1989 888 2059 Postquam
916 1996 1093 2040 autem
1123 1984 1344 2039 traditus
1372 1993 1445 2037 est
1474 1978 1728 2044 Joannes,
1782 1982 1917 2036 venit
1968 1981 2121 2038 Jesus

526 2083 580 2135 in
604 2078 878 2133 Galilaeam
908 2078 1201 2147 praedicans
1232 2073 1578 2147 Evangelium
1623 2074 1767 2145 regni
1794 2074 1912 2138 Dei,
1964 2082 2011 2127 et
2041 2074 2123 2126 di-

526 2187 645 2227 cens
677 2188 693 2224 :
725 2172 984 2238 Quoniam
1013 2169 1287 2237 impletum
1308 2176 1383 2222 est
1409 2208 1424 2232 ,
1452 2178 1679 2235 tempus,
1734 2174 1783 2219 et
1830 2165 2119 2236 appropin-

527 2263 705 2331 quabit
732 2278 945 2332 regnum
969 2260 1084 2315 Dei.
1112 2260 1407 2329 Postquam
1430 2258 1741 2325 accepimus
1765 2258 1995 2327 gratiam
2026 2270 2123 2324 pro

530 2356 731 2424 gratia,
762 2353 998 2409 carnalia
1023 2352 1387 2415 decollantur,
1412 2348 1725 2419 spiritualia
1754 2347 2121 2415 viviﬁcanlur:

532 2456 783 2501 cessante
812 2446 1026 2515 umbra,
1058 2444 1214 2499 adest
1243 2443 1469 2513 veritas.
1497 2440 1738 2501 Joannes
1770 2440 1826 2497 in
1873 2454 2121 2505 carcere,

526 2539 689 2594 lexin
715 2539 923 2601 Judaca,
958 2537 1118 2593 Jesus
1166 2538 1219 2591 in
1275 2534 1715 2592 Galilmazsalus
1757 2534 1807 2589 in
1848 2533 2121 2603 gentibus,

529 2633 832 2703 prrcdicans
864 2634 1213 2703 Evangelium
1236 2633 1387 2702 regni
1421 2648 1435 2685 :
1464 2632 1611 2686 Beati
1644 2646 1911 2701 pauperes
1965 2631 2116 2700 spiri-

528 2736 608 2789 tu,
640 2726 897 2796 quoniam
924 2726 1166 2792 ipsorum
1215 2733 1300 2779 est
1334 2737 1562 2793 regnum
1595 2725 1881 2787 caelorum.
1936 2723 2123 2793 Regno

530 2824 754 2871 terreno
783 2815 1031 2870 succedit
1060 2824 1349 2883 paupertas
1376 2831 1391 2871 ε
1425 2818 1729 2886 paupertati
1785 2815 2124 2871 Christiano—

527 2922 651 2962 rum
679 2906 941 2961 tribuitur
970 2921 1195 2976 regnum
1225 2908 1641 2977 sempiternum.
1674 2907 1829 2963 Unde
1856 2908 2123 2965 Dominus

529 3000 664 3055 dicit
696 3017 711 3055 :
744 3000 987 3068 Regnum
1013 3014 1191 3053 meum
1219 3014 1324 3052 non
1350 3009 1431 3053 est
1460 3000 1529 3053 de
1553 3000 1655 3055 hoc
1676 2999 1902 3055 mundo.
1931 2999 2122 3055 Omnis

2224 1809 2520 1869 occupatus
2546 1799 2781 1855 Marcum
2810 1802 3197 1870 evangelistam
3226 1800 3540 1871 explanare,
3574 1810 3633 1854 ut
3654 1799 3818 1869 volui,

2224 1906 2330 1949 non
2372 1889 2516 1945 volui
2567 1909 2578 1945 :
2619 1890 2715 1946 sed
2768 1892 2923 1947 illum
2972 1893 3255 1960 imitatus,
3326 1892 3645 1959 summatim
3706 1891 3823 1961 ejus

2224 1980 2441 2054 propria
2474 1990 2671 2051 tango:
2698 1993 2754 2038 et
2784 1983 2925 2039 sicut
2946 1983 3089 2037 ltuth
3123 1992 3353 2054 cognata
3382 1982 3586 2051 Christi
3619 1982 3813 2052 apicis,

2225 2086 2281 2134 et
2310 2091 2556 2133 racemos
2576 2076 2644 2132 de
2679 2086 2801 2146 post
2831 2088 3121 2144 metentes,
3146 2077 3333 2139 Noenti
3360 2077 3570 2145 orbatae
3600 2077 3818 2149 colligo-

2227 2167 2331 2224 Sed
2362 2168 2564 2231 utinam
2606 2168 2672 2221 ad
2707 2169 2847 2224 Booz
2879 2185 2975 2239 per
3002 2168 3143 2225 hanc
3170 2171 3448 2239 penuriam
3478 2184 3657 2227 meam
3698 2184 3823 2231 con:

2225 2260 2367 2319 vivia
2400 2262 2762 2330 pervenirem,
2803 2264 3001 2318 furtum
3041 2263 3309 2320 laudabile
3337 2263 3570 2329 iaciens!
3613 2264 3822 2331 Marcus

2225 2351 2366 2419 dicta
2391 2350 2665 2422 Evangelii
2698 2353 2749 2407 in
2776 2355 3094 2425 semetipso,
3130 2370 3236 2417 non
3272 2357 3325 2411 in
3371 2356 3677 2424 semetipsis
3711 2356 3823 2419 (ἥδέ

2226 2456 2454 2512 ponens,
2487 2444 2733 2505 ordinem
2768 2444 3007 2507 historiae
3029 2461 3140 2500 non
3167 2455 3412 2513 secutus,
3440 2446 3825 2519 mysteriorum

2227 2531 2471 2587 ordinem
2512 2544 2718 2589 servat.
2757 2534 2912 2599 Unde
2949 2538 2999 2597 in
3035 2536 3275 2599 sabbatis
3312 2539 3540 2606 primam
3570 2538 3827 2605 Virtutem

2228 2637 2431 2689 narrat,
2461 2626 2649 2683 dicens
2672 2645 2689 2685 :

2300 2718 2365 2773 Et
2392 2721 2758 2792 ingrediuntur
2785 2721 3153 2793 Cap/tornatur)
3184 2739 3202 2779 :
3227 2732 3273 2778 et
3295 2726 3472 2781 statim
3500 2726 3733 2785 sabbatis
3750 2727 3826 2793 inv

2228 2829 2432 2882 gressus
2457 2814 2513 2866 in
2535 2830 2855 2885 synagogam
2879 2815 3092 2875 docebat
3123 2832 3207 2871 eos
3233 2831 3250 2869 :
3277 2815 3341 2871 Et
3369 2816 3649 2883 stupebant
3676 2833 3828 2886 super

2228 2905 2466 2960 doctrina
2490 2910 2624 2973 eius.
2656 2906 2783 2962 Erat
2811 2909 2949 2967 enim
2977 2909 3169 2964 docens
3198 2925 3306 2975 eos,
3332 2911 3483 2980 quasi
3523 2918 3825 2979 potestatein

2229 2996 2438 3062 habens,
2468 3009 2641 3053 etnon
2665 3000 2793 3053 sicut
2813 3000 3011 3059 scribas.
3050 3000 3117 3053 Et
3143 3010 3250 3054 erat
3271 3002 3326 3055 in
3353 3016 3628 3072 synagoga
3650 3016 3827 3063 eorum

529 3091 673 3147 enim
708 3090 883 3146 honor
910 3099 1185 3152 terrenus.
1209 3105 1419 3160 spuma:
1449 3103 1606 3159 aqum
1654 3090 1871 3160 gracili,
1906 3093 1992 3148 vel
2036 3092 2120 3149 tu.-
2149 3071 2195 3137 Ο
2225 3088 2378 3142 homo
2407 3092 2461 3145 in
2484 3089 2672 3155 spiritu
2699 3090 2991 3157 immundo,
3021 3100 3069 3145 et
3097 3092 3404 3155 exclamavit
3433 3071 3612 3151 dicens
3644 3108 3664 3147 :
3692 3093 3827 3161 Quid

526 3195 642 3247 mo,
673 3181 760 3237 vel
794 3182 1012 3236 somnio
1035 3190 1403 3251 comparatur.
1438 3180 1697 3250 Sequitur
1729 3198 1743 3234 :

600 3271 956 3340 Ptenitemini,
992 3284 1039 3327 et
1087 3274 1281 3327 credite
1332 3270 1641 3343 Evangelia.
1702 3271 1770 3327 Et
1827 3272 2124 3342 prmtcriens

527 3384 670 3421 secus
698 3384 841 3421 mare
865 3366 1122 3433 Gali/ww,
1152 3367 1281 3421 vidit
1308 3366 1577 3421 Simonem
1606 3374 1654 3419 et
1700 3364 1959 3418 Andream
2014 3365 2123 3434 fro.-

530 3472 658 3517 trem
688 3463 821 3533 ejus,
855 3463 1113 3516 mittentes
1138 3462 1272 3515 retia
1296 3462 1353 3513 in
1386 3475 1548 3512 mare.
1599 3456 1766 3513 Erant
1817 3468 1988 3512 autem
2042 3459 2121 3529 pi-

526 3564 773 3610 scatores.
799 3554 866 3607 Et
895 3556 1025 3609 dixit
1052 3555 1124 3607 eis
1152 3552 1305 3608 Iesus
1323 3569 1341 3606 :
1382 3551 1562 3605 Venite
1580 3560 1696 3623 post
1723 3566 1823 3617 me,
1856 3560 1903 3604 et
1928 3552 2120 3620 faciam

528 3661 617 3698 vos
649 3646 762 3711 ﬁeri
792 3648 1075 3714 piscatores
1106 3646 1394 3699 hominum.
1424 3643 1492 3697 Et
1517 3645 1756 3714 protinus
1795 3644 1991 3699 relictis
2041 3662 2121 3699 re-

530 3734 688 3797 tibus,
722 3736 881 3786 secuti
902 3744 1023 3787 sunt
1053 3753 1190 3789 eum.
1224 3738 1290 3788 Et
1317 3751 1623 3806 progressus
1662 3737 1785 3789 inde
1838 3735 2115 3808 pusillum,

528 3824 656 3877 vidit
682 3821 939 3877 Iacobum
969 3824 1227 3886 Zebedwi,
1275 3836 1323 3880 et
1353 3826 1612 3881 Joannem
1641 3829 1854 3898 fratrem
1902 3832 2038 3901 ejus,
2071 3840 2119 3883 et

525 3916 667 3983 ipsos
696 3925 1053 3985 componentes
1072 3919 1201 3969 retia
1224 3918 1277 3969 in
1306 3920 1422 3971 navi
1443 3930 1524 3973 :et
1546 3921 1721 3973 statim
1751 3924 1945 3974 vocavit
1976 3922 2114 3976 illos.

525 4006 593 4059 Et
627 4006 809 4060 relicto
835 4016 980 4077 patre
1007 4024 1099 4061 suo
1120 4007 1370 4063 Zebedteo
1397 4011 1448 4063 in
1473 4014 1590 4065 navi
1614 4030 1732 4067 cum
1759 4016 2114 4083 mercenariis,

520 4099 683 4152 secuti
708 4107 826 4152 sunt
852 4113 985 4153 eum.
1017 4098 1152 4153 Nam
1182 4102 1285 4157 nisi
1317 4104 1662 4159 credideritis
1685 4147 1698 4170 ,
1755 4122 1861 4160 non
1922 4108 2118 4162 intelli-

522 4190 683 4262 getis.
726 4191 1160 4250 Amaritudinem
1217 4197 1438 4265 radicis,
1490 4198 1724 4254 dulcedo
1772 4200 1922 4268 pomi
1965 4215 2115 4254 com-

521 4294 743 4351 pensat:
767 4285 1006 4353 pericula
1036 4288 1220 4353 maris,
1251 4305 1379 4358 spes
1408 4291 1542 4345 lucri
1563 4291 1798 4346 delectat
1820 4310 1833 4346 :
1858 4291 2110 4348 dolorem

520 4376 961 4447 medicinae,spes
984 4379 1171 4434 salutis
1185 4382 1415 4452 mitigat.
1431 4384 1533 4451 Qui
1549 4383 1824 4439 desiderat
1852 4387 2102 4442 nucleum

2226 3181 2372 3234 nobis
2394 3191 2441 3234 ct
2470 3182 2582 3246 tibi,
2608 3182 2735 3243 Jesn
2762 3180 3073 3241 Nazarene:
3100 3186 3276 3245 lenisti
3301 3186 3515 3256 perdere
3541 3188 3674 3245 nos?
3704 3188 3825 3247 Scio

2223 3274 2312 3342 qui
2340 3274 2433 3336 sis,
2464 3282 2675 3333 sanctus
2704 3273 2825 3329 Dei.
2854 3273 2922 3327 Et
2954 3276 3295 3335 comminatus
3322 3286 3395 3331 est
3422 3278 3474 3339 ei
3514 3276 3671 3341 Iesus
3694 3323 3709 3349 ,
3739 3280 3825 3339 di-

2221 3382 2340 3419 cens
2366 3381 2383 3418 :
2413 3365 2721 3433 obmutesce,
2746 3376 2807 3427 et
2828 3367 2908 3425 exi
2936 3368 3001 3425 de
3024 3367 3253 3431 homine.
3288 3368 3357 3423 Et
3380 3369 3675 3441 discerpcns
3709 3390 3827 3435 eum

2221 3458 2436 3528 spiritus
2466 3456 2783 3524 immundus,
2810 3468 2856 3515 et
2881 3460 3174 3525 exclamans
3206 3478 3322 3517 roce
3354 3480 3565 3533 magna,
3598 3465 3725 3519 exiit
3757 3467 3826 3531 pb

2223 3568 2303 3605 eo.
2333 3550 2402 3607 Et
2430 3552 2604 3607 mirati
2640 3563 2756 3607 sunt
2787 3570 2978 3617 omnes,
3010 3555 3082 3608 ita
3111 3566 3163 3609 ut
3204 3556 3563 3626 conquirerent
3592 3557 3729 3621 inter
3772 3573 3827 3615 se

2222 3642 2443 3698 dicentes
2488 3661 2507 3697 :
2558 3644 2817 3710 Quidnam
2848 3653 2923 3699 est
2968 3645 3102 3700 hoc?
3138 3662 3380 3717 quoniam
3426 3649 3665 3702 doctrina
3711 3647 3825 3704 lucc

2223 3739 2383 3793 nova?
2410 3738 2543 3803 Quia
2562 3740 2616 3792 in
2646 3748 2894 3807 potestate
2917 3739 3181 3810 spiritibus
3204 3742 3482 3795 immundis
3503 3741 3749 3810 imperat,
3774 3753 3822 3797 et

2206 3827 2463 3883 .obediunt
2491 3831 2559 3883 ei.
2590 3828 2661 3883 Et
2689 3831 2938 3899 processit
2964 3848 3143 3899 rumor
3184 3835 3299 3902 ejus
3324 3834 3499 3901 statim
3532 3837 3588 3886 in
3615 3849 3820 3905 omnem

2221 3923 2480 3991 regionem
2509 3920 2783 3977 Galilaztc:
2817 3923 2886 3977 Et
2926 3923 3161 3995 protinus
3203 3924 3517 3995 egredientes
3556 3925 3619 3980 de
3661 3922 3819 3995 syna-

2219 4032 2368 4087 goga,
2401 4024 2639 4069 venerunt
2664 4017 2721 4069 in
2743 4015 2951 4069 domum
2978 4015 3231 4083 Simonis,
3264 4026 3310 4069 et
3333 4017 3554 4071 Andrea:
3581 4034 3696 4083 cum
3718 4017 3817 4069 Ju-

2218 4111 2343 4164 cobo
2375 4119 2421 4164 et
2447 4108 2671 4171 Joanne.
2708 4110 3050 4165 Recumbebat
3078 4120 3251 4164 autent
3271 4127 3450 4175 socrus
3485 4112 3714 4171 Simonis
3736 4115 3815 4182 [e-

2217 4203 2464 4257 bricitans
2496 4211 2543 4255 et
2565 4202 2742 4259 statim
2769 4202 2947 4257 dicunt
2976 4202 3024 4261 ei
3050 4202 3111 4255 de
3136 4202 3253 4267 illa.
3288 4200 3353 4254 Et
3388 4204 3637 4259 accedens
3657 4244 3672 4268 ,
3704 4206 3813 4265 ele-

2217 4295 2345 4347 vavit
2376 4310 2487 4348 eam
2517 4292 2839 4365 apprehensa
2867 4309 3022 4353 ruanu
3045 4296 3191 4365 ejus,
3232 4303 3282 4348 et
3320 4297 3566 4349 continuo
3611 4294 3815 4361 dimisit

2212 4401 2325 4439 eam
2347 4386 2503 4455 febris
2545 4396 2637 4438 :et
2683 4385 3007 4441 ministrabat
3034 4386 3128 4439 eis.
3170 4385 3393 4452 Vespere
3441 4396 3612 4449 autem
3642 4386 3809 4456 facta,

511 4466 713 4537 frangit
732 4484 955 4524 nucem.
975 4447 1354 4527 Paenitentiam
1382 4447 1516 4544 agit,
1536 4476 1624 4545 qui
1648 4477 1981 4533 vultazterno
2000 4478 2098 4533 bo-
2128 4447 2183 4511 θ
2206 4492 2324 4531 cum
2347 4447 2626 4530 occidisset
2656 4475 2759 4539 sol,
2783 4475 3067 4543 offerebant
3094 4478 3163 4535 ad
3189 4447 3309 4530 eum
3346 4493 3521 4531 omnes
3550 4447 3685 4539 male
3711 4447 3813 4537 Ita;

509 4574 581 4612 no
593 4559 895 4616 adbaarere.
920 4563 1192 4619 Prteconia
1214 4565 1418 4621 Christi
1438 4582 1661 4623 narrare
1676 4569 1839 4638 digne
1853 4581 2098 4638 possunt,

506 4652 595 4719 qui
610 4652 676 4706 ad
694 4656 921 4723 palmam
938 4657 1287 4727 indulgentiae
1310 4672 1623 4715 meruerunt
1640 4660 1945 4730 pervenire.
1968 4663 2098 4719 Post

507 4742 630 4800 haec
662 4757 930 4802 vocantur
968 4751 1117 4803 missi
1156 4761 1389 4820 quatuor
1426 4753 1742 4823 piscatores.
1779 4751 1990 4817 Simon,
2040 4762 2095 4809 et

506 4838 754 4893 Andreas
782 4859 793 4892 :
826 4840 1062 4895 Jacobus
1091 4852 1145 4896 et
1171 4842 1432 4909 Joannes,
1458 4844 1663 4899 relictis
1693 4846 1914 4911 retibus,
1940 4855 2093 4915 patre

501 4936 556 4982 et
588 4943 728 4982 nave
749 4945 871 4984 cum
899 4935 1272 4989 mercenariis.
1307 4933 1417 4987 llac
1446 4934 1708 5004 quadriga
1741 4936 1987 4991 vehimur
2022 4936 2089 4992 ad

499 5017 727 5082 aethera,
765 5030 822 5072 ut
859 5021 1004 5076 Elias
1054 5039 1066 5075 :
1102 5025 1184 5077 his
1227 5034 1460 5094 quatuor
1501 5027 1709 5095 angulis
1756 5032 2091 5085 construitur

496 5109 670 5176 prima
697 5110 936 5166 Ecclesia
963 5130 975 5165 :
1006 5116 1087 5168 bis
1108 5125 1339 5182 quatuor
1364 5118 1557 5172 litteris
1582 5119 1882 5189 Hebraicis,
1909 5124 1959 5177 id
1982 5132 2085 5188 est,

494 5199 1003 5271 Tctragrammaton
1032 5221 1227 5260 nomen
1256 5207 1471 5262 Domini
1502 5215 1817 5279 agnoscitur
1843 5226 1870 5265 a
1909 5214 2083 5268 nobis.

487 5293 700 5359 Quibus
740 5294 904 5347 simili
940 5298 1190 5365 exemplo
1218 5300 1552 5369 prmcipitur,
1587 5312 1640 5355 ut
1683 5303 1964 5359 audiamus
1996 5319 2086 5359 ro-

481 5399 604 5439 cent
640 5384 855 5438 Domini
886 5392 1145 5451 vocantis,
1186 5400 1240 5442 et
1281 5389 1670 5445 obliviscamur
1698 5395 1955 5463 populum
1998 5398 2081 5451 vi-

483 5480 711 5537 tiorum,
740 5486 798 5531 et
822 5477 1041 5531 domum
1067 5487 1306 5548 paterna:
1337 5482 1660 5550 traditionis,
1688 5502 1810 5555 qua:
1834 5496 1919 5542 est
1948 5488 2080 5543 stul-

478 5570 599 5622 titia
646 5572 756 5622 Deo
802 5587 815 5621 :
871 5580 926 5623 et
961 5579 1077 5626 rete
1106 5586 1456 5643 aranearum,
1500 5577 1553 5631 in
1603 5594 1713 5648 quo
1765 5596 1864 5634 nos
1930 5581 2076 5636 velut

466 5661 675 5717 culices
702 5675 845 5729 pene
871 5662 1052 5731 lapsos
1079 5669 1298 5724 tenebat
1324 5685 1419 5727 aer
1457 5674 1635 5730 inanis
1666 5693 1683 5730 :
1729 5691 1923 5734 navem
1962 5679 2073 5747 pri-

2206 4570 2395 4632 bcntes,
2427 4578 2476 4621 et
2504 4568 2760 4622 daemonia
2778 4568 3040 4625 habentes.
3058 4569 3435 4639 Capharnaum
3470 4569 3593 4622 vitta
3621 4585 3809 4625 conso-

2202 4660 2415 4715 lationis
2438 4660 2821 4727 interpretatur
2844 4661 3165 4717 :sabbatnm
3186 4672 3365 4725 autem
3390 4661 3610 4729 requies.
3628 4659 3807 4716 Homo

2202 4755 2256 4808 in
2284 4755 2475 4823 spiritu
2500 4753 2802 4819 immundo,
2826 4769 2998 4825 genus
3018 4754 3310 4817 humanum
3333 4762 3446 4809 est:
3468 4755 3518 4807 in
3548 4769 3660 4823 quo
3688 4755 3791 4809 im-

2199 4848 2466 4903 munditia
2492 4848 2736 4917 regnavit
2762 4847 2832 4902 ab
2858 4846 3052 4916 Adam,
3087 4861 3254 4916 usque
3274 4846 3344 4913 ad
3377 4846 3619 4918 Moysen.
3662 4847 3798 4903 Nam

2199 4942 2287 5011 qui
2313 4942 2431 4997 sine
2456 4942 2599 5011 Lege
2628 4950 3006 5011 peccaverunt,
3038 4942 3154 4998 sine
3181 4941 3323 5012 Lege
3355 4940 3667 5009 perierunt:
3698 4942 3793 5009 qui

2192 5033 2639 5099 scienssanc‘tum
2661 5034 2779 5099 Dei,
2800 5035 3177 5095 obmutescere
3192 5033 3440 5102 iubetur:
3465 5033 3593 5088 dum
3616 5034 3795 5097 scien-

2198 5132 2278 5179 tes
2308 5124 2525 5193 quidem
2553 5126 2744 5183 Deum.
2780 5139 2885 5178 non
2936 5124 3077 5179 sicut
3110 5124 3278 5179 Deum
3321 5123 3791 5194 gloriﬁcaverunt,

2194 5216 2292 5273 sed
2325 5217 2629 5272 servierunt
2650 5216 2829 5285 potius
2852 5224 3139 5281 creatura),
3173 5230 3331 5285 quam
3373 5215 3630 5281 creatori,
3670 5216 3786 5285 spi-

2190 5309 2327 5367 ritus
2369 5307 2678 5374 disccrpcns
2728 5306 3033 5374 hominem,
3068 5306 3199 5362 exiit
3250 5308 3322 5363 ab
3366 5322 3451 5361 eo.
3483 5307 3792 5379 Appropin-

2188 5410 2392 5472 quante
2419 5400 2612 5462 salute,
2641 5400 3036 5468 appropinquat
3067 5402 3307 5459 tentatio.
3345 5401 3555 5458 Pharao
3601 5402 3790 5457 dimis-

2183 5506 2278 5559 sus
2320 5492 2387 5544 ab
2422 5490 2605 5554 Israel,
2633 5492 2975 5558 persequitur
3020 5492 3186 5547 Israel
3218 5508 3234 5547 :
3279 5491 3531 5549 diabolus
3561 5504 3787 5555 conton-

2184 5593 2289 5646 tns,
2320 5578 2491 5648 surgit
2517 5580 2569 5632 in
2596 5579 2868 5653 scandala.
2916 5581 3116 5636 Socrus
3152 5583 3300 5639 Petri
3328 5583 3666 5651 febricitans,
3698 5601 3786 5641 se-

2180 5673 2357 5736 cunda
2403 5671 2602 5731 virtute
2645 5670 2881 5740 lavatur,
2934 5680 2989 5728 et
3030 5675 3370 5744 apprehensa
3419 5692 3589 5741 manu
3636 5678 3779 5749 ejus,
