4030 6202
314 218 315 221 η
388 183 503 244 599

1422 172 1483 230 5.
1524 159 1912 229 HIERONYMI
1949 155 2233 218 OPERUM
2270 151 2636 218 MANTISSA.

3579 156 3698 219 600

387 296 658 358 oﬂendit:
692 308 857 370 quem
876 296 1091 366 portant
1127 292 1376 360 quatuor,
1402 297 1537 354 quas
1563 294 1727 352 supra
1754 276 1989 370 diximus
2011 272 2068 337 Α
2092 270 2351 336 creditur,
2378 269 2433 324 in
2464 267 2667 370 montis
2695 266 2852 323 istius
2880 272 2965 370 est
2983 266 3157 339 gratia
3186 266 3687 370 constitutum-{qui

390 391 643 458 virtutes,
668 369 739 445 ad
763 385 965 457 tegulas
987 379 1299 447 divinitatis,
1328 384 1385 433 et
1410 374 1711 446 sapientiai,
1744 370 1800 425 in
1825 369 1989 423 domo

394 483 578 542 carnis
604 478 807 535 Christi
834 472 1149 545 patelactas.
1179 469 1279 525 Cui
1308 468 1425 523 vice
1466 466 1662 522 dicitur
1708 459 1951 517 muneris
1970 502 1986 528 ,

395 586 617 648 portare
635 584 877 636 carnem,
900 580 1019 637 qute
1045 579 1105 620 se
1130 562 1376 634 portabat
1397 576 1413 617 :
1442 570 1502 615 ut
1520 572 1618 629 per
1639 556 1799 611 aliam
1820 555 1987 623 viam,

397 682 523 725 cum
551 664 721 734 magis
749 662 803 717 in
832 674 987 716 suam
1007 656 1193 713 redeat
1217 656 1516 726 regionem.
1543 651 1674 706 Post
1713 648 1832 703 haec
1867 660 1994 717 pec-

399 767 551 815 cator
570 754 699 811 Levi
724 750 956 822 Alphtei.
978 749 1127 815 Levi,
1150 746 1417 818 appositus
1446 744 1832 813 interpretatur
1856 757 1868 792 :
1899 735 1993 807 qui

401 851 595 907 relicto
624 845 827 904 telonio
850 844 1189 915 negotiorum
1215 838 1579 904 saecularium,
1608 835 1787 891 solum
1812 830 1997 902 sequi-

403 948 491 996 tur
517 938 739 995 verbum
764 934 909 1006 quod
935 934 1064 990 dicit
1088 951 1103 989 :
1133 932 1235 1000 Qui
1263 944 1371 986 non
1399 926 1793 985 renuntiaverit
1822 921 1999 979 omni-

402 1031 526 1101 bus,
548 1043 670 1101 quae
694 1026 957 1100 possidet,
981 1040 1089 1082 non
1111 1032 1289 1093 potest
1312 1035 1467 1097 meus
1494 1034 1616 1078 esse
1637 1016 1952 1090 discipulus.

1019 1120 1252 1179 CAPUT
1291 1118 1379 1175 Ill.

428 1253 432 1256 ~
472 1218 549 1274 Et
576 1218 806 1273 introivit
832 1218 1020 1272 iterum
1048 1216 1105 1270 in
1129 1227 1479 1286 synagogam,
1514 1218 1561 1265 et
1599 1216 1710 1264 erat
1749 1206 1820 1261 ibi
1850 1206 2001 1260 homo

2092 374 2178 421 est
2205 376 2361 419 mons
2386 360 2675 430 montium,
2706 369 2763 417 et
2791 368 3103 417 sanctorum
3137 380 3148 415 :
3182 376 3320 433 quos
3344 363 3592 433 quotidie
3620 365 3689 420 ad

2092 470 2152 511 se
2178 455 2247 510 de
2288 453 2651 524 praesentibus
2688 452 2951 508 :erumnis
2978 452 3191 509 invitat.
3235 453 3293 508 In
3326 466 3572 510 montem
3600 471 3691 513 vo-

2094 556 2284 603 cantur
2312 547 2511 603 excelsi
2542 547 2737 603 merito
2766 556 2821 603 et
2849 547 3039 612 verbo,
3070 548 3301 605 utlocus
3320 550 3537 606 meritis
3560 565 3696 606 con-

2093 648 2253 713 gruat
2276 642 2437 710 altis,
2482 650 2543 696 ut
2589 650 2775 697 essent
2802 640 3094 697 duodecim
3130 657 3257 698 cum
3287 642 3403 701 illo.
3437 644 3693 714 Speciem

2094 733 2264 791 Jacob
2299 733 2491 790 dilexit
2532 733 2828 803 Dominus,
2856 742 2916 790 et
2944 749 3071 791 cum
3095 735 3369 793 divideret
3397 738 3693 795 altissimus

2096 834 2286 897 gentes
2306 866 2320 892 ,
2350 835 2404 881 et
2430 835 2712 896 separaret
2739 826 2884 882 lilios
2902 826 3063 895 Adae,
3088 830 3281 884 statuit
3307 830 3569 887 terminos
3596 845 3693 902 po-

2099 919 2352 989 pulorum
2372 918 2526 988 juxta
2554 932 2846 975 numerum
2873 918 3109 974 ﬁliorum
3136 921 3301 978 Israel
3328 940 3341 976 :
3371 930 3434 978 ut
3460 924 3571 978 sint
3594 923 3697 993 ipsi

2100 1026 2265 1083 super
2287 1011 2512 1067 thronos
2533 1010 2845 1078 duodecim,
2874 1012 3186 1082 iudicantes
3212 1014 3501 1071 duodecim
3530 1014 3699 1071 tribus

2102 1102 2272 1157 Israel
2302 1102 2526 1173 :quibus
2550 1102 2672 1158 data
2699 1112 2786 1158 cst
2806 1113 3068 1173 pmestas,
3091 1120 3257 1175 quam
3286 1105 3454 1161 Filius
3480 1122 3509 1161 a
3538 1106 3701 1163 Patre

2105 1197 2318 1268 accepit
2347 1196 2648 1253 secundum
2668 1212 2927 1264 carnem,
2956 1206 3016 1252 ut
3044 1212 3212 1268 opera
3238 1214 3358 1270 qua:
3385 1199 3502 1270 ipse
3531 1199 3661 1256 iecit
3680 1241 3697 1266 ,

407 1308 599 1363 habens
620 1322 834 1363 manum
860 1306 1092 1371 aridam,
1138 1312 1185 1358 et
1214 1300 1552 1358 obseruabant
1580 1315 1714 1364 eum,
1747 1297 1792 1351 si
1817 1295 2005 1350 sabba-
2106 1299 2164 1347 et
2188 1290 2289 1361 ipsi
2316 1289 2543 1357 iaciant,
2573 1299 2630 1345 et
2661 1290 2867 1359 majora
2895 1289 3093 1346 horum
3114 1290 3333 1347 faciant.
3354 1292 3420 1347 Et
3441 1292 3705 1363 imposuit

406 1402 471 1455 tis
492 1398 728 1466 curaret,
762 1407 817 1454 ut
852 1404 1157 1453 accusarent
1188 1396 1359 1451 illum.
1388 1393 1461 1448 Et
1487 1393 1560 1447 ait
1586 1390 1781 1446 homini
1802 1387 2009 1443 habenti
2107 1382 2319 1441 Simoni
2370 1398 2568 1439 nomen
2621 1382 2833 1440 Petrus.
2867 1383 2944 1439 De
2982 1382 3285 1439 obedientia
3331 1385 3581 1440 ascendit
3635 1385 3708 1442 ad

407 1509 625 1546 manum
651 1492 854 1546 aridam
886 1506 904 1547 :
932 1490 1103 1560 Surge
1128 1491 1184 1543 in
1206 1488 1453 1542 medium.
1483 1484 1552 1539 Et
1577 1484 1703 1537 dicit
1726 1482 1796 1536 eis
1827 1496 1846 1535 :
1869 1479 2007 1533 Licet
2110 1474 2443 1545 agnitionem
2468 1492 2482 1529 :
2510 1472 2612 1541 Qui
2635 1474 2783 1530 enim
2812 1475 2976 1530 habet
3014 1474 3227 1530 dabitur
3252 1475 3334 1541 ei,
3370 1484 3427 1531 et
3454 1475 3708 1531 abunda-
3795 1468 3803 1472 ⁷

404 1584 633 1639 sabbatis
659 1585 980 1655 benefacere,
1024 1600 1095 1637 an
1120 1582 1257 1637 male
1282 1598 1302 1636 :
1332 1581 1558 1635 animam
1583 1577 1781 1631 salvam
1819 1576 2005 1646 facere,
2036 1652 2071 1655 _
2112 1566 2193 1623 bit
2220 1586 2233 1622 :
2262 1575 2318 1623 et
2344 1566 2605 1624 Jacobum
2622 1608 2637 1634 ,
2668 1566 2759 1637 qui
2785 1567 3139 1638 supplantata
3162 1567 3327 1623 habet
3343 1574 3458 1623 tota
3484 1567 3712 1624 deside-

408 1695 478 1732 an
506 1677 758 1748 perdere?
779 1652 956 1740 .dtjlli
996 1675 1251 1729 tacebant.
1285 1674 1350 1727 Et
1396 1670 1811 1741 circumspiciens
1841 1683 1925 1722 eos
1955 1667 2009 1719 in
2035 1652 2086 1714 Β
2114 1660 2198 1716 ria
2226 1660 2437 1727 carnis,
2463 1669 2518 1715 et
2543 1659 2831 1728 Joannem,
2859 1661 2950 1731 qui
2976 1660 3153 1730 gratia
3185 1659 3413 1730 accepit,
3446 1659 3591 1729 quod
3618 1658 3711 1714 alii

408 1770 513 1835 ira,
547 1769 883 1822 contristatus
905 1782 1060 1839 super
1080 1767 1307 1821 cwcitate
1338 1764 1510 1818 cordis
1534 1776 1734 1825 eorum,
1769 1758 1895 1811 dicit
1919 1756 2014 1811 ἠο-
2116 1767 2216 1824 per
2252 1751 2499 1809 laborem
2529 1759 2719 1809 tenent
2763 1771 2774 1805 :
2817 1760 2873 1807 et
2902 1752 3161 1822 imposuit
3186 1752 3267 1807 eis
3305 1752 3531 1806 nomina
3569 1750 3711 1807 Boa-

414 1861 545 1914 mini
574 1876 593 1915 :
623 1859 861 1916 Extende
887 1875 1101 1913 manum
1142 1866 1305 1910 tuam.
1343 1854 1411 1908 Et
1433 1852 1662 1909 extendit
1703 1866 1721 1903 :
1764 1849 1834 1903 Et
1860 1848 2013 1903 resti-

414 1962 525 2007 tuta
554 1960 628 2006 est
653 1967 840 2004 manus
869 1949 1035 2003 illius.
1059 1947 1316 2003 Exeuntes
1339 1954 1511 2000 autem
1538 1942 1807 2015 phariswi,
1840 1941 2015 1996 statim

411 2024 531 2097 cum
552 2042 869 2097 Herodianis
888 2040 1165 2096 consilium
1186 2038 1441 2109 faciebant
1465 2036 1707 2089 adversus
1726 2049 1863 2103 eum,
1886 2049 2019 2103 quo-

417 2135 574 2189 modo
599 2150 717 2189 eum
739 2134 1030 2203 perderent.
1072 2131 1227 2193 Iesus
1255 2139 1429 2185 autem
1465 2144 1584 2182 cum
1613 2127 1882 2198 discipulis
1908 2126 2019 2179 suis

416 2226 623 2281 secessit
642 2225 714 2279 ad
734 2240 899 2292 mare,
922 2233 972 2279 et
1000 2222 1165 2277 multa
1192 2222 1341 2276 turba
1361 2238 1393 2275 a
1415 2218 1635 2274 Galiltea
1656 2228 1703 2273 et
1732 2215 1921 2270 Judaza
1942 2232 2021 2270 se-

420 2329 543 2374 cuta
561 2327 635 2374 est
651 2334 792 2386 eum,
814 2327 862 2373 et
887 2319 949 2372 ab
971 2315 1336 2386 Jerosolymis,
1362 2322 1410 2368 et
1433 2311 1496 2366 ab
1525 2310 1778 2376 Idumcea,
1808 2318 1855 2362 et
1880 2317 2021 2362 trans

420 2410 708 2465 Jordanem
735 2425 754 2464 :
785 2418 835 2464 et
872 2409 963 2479 qui
996 2409 1136 2461 circa
1158 2405 1359 2476 Tyrum
1388 2412 1434 2457 et
1465 2402 1715 2457 Sidonem
1745 2397 2022 2452 multitudo

421 2518 631 2574 magna,
657 2501 930 2556 audientes
954 2515 1070 2571 qua:
1091 2498 1333 2570 faciebat,
1382 2499 1627 2549 venerunt
1672 2491 1739 2545 ad
1783 2505 1921 2543 eum.
1956 2488 2024 2541 Et

422 2593 557 2648 dixit
583 2591 855 2663 discipulis
882 2591 1021 2658 suis,
1052 2597 1111 2643 ut
1150 2585 1393 2643 navicula
1424 2586 1521 2640 sibi
1550 2583 1862 2639 deseruirent
1904 2594 2027 2649 pro-

422 2694 539 2756 pter
564 2684 790 2750 turbam,
821 2698 883 2736 ne
903 2682 1296 2751 comprimerent
1326 2694 1462 2730 eum.
1499 2674 1696 2728 Multos
1717 2674 1854 2726 enint
1874 2687 2028 2725 sana-

426 2777 534 2841 bat,
564 2776 642 2828 ita
678 2783 736 2827 ut
763 2774 1021 2827 irruerent
1042 2774 1099 2825 in
1120 2788 1260 2836 eum,
1295 2780 1349 2825 ut
1374 2769 1525 2823 illum
1555 2775 1844 2841 tangerent,
1881 2773 2029 2835 quot-

425 2876 548 2939 quot
581 2866 833 2921 habebant
877 2864 1079 2936 plagas.
1110 2863 1178 2918 Et
1213 2864 1426 2935 spiritus
1454 2861 1706 2916 immundi
1734 2875 1852 2913 cum
1881 2859 2030 2912 illum

428 2962 695 3027 videbant,
726 2960 1059 3031 procidebant
1097 2960 1164 3014 ei.
1197 2958 1263 3013 Et
1296 2957 1618 3023 clamabant,
1651 2956 1873 3009 dicentes
1906 2968 1923 3005 :
1952 2951 2031 3006 Tu

2116 1860 2344 1916 nerges,
2388 1845 2532 1916 quod
2562 1854 2674 1914 est,
2718 1847 2820 1916 ﬁlii
2856 1846 3076 1902 tonitrui
3104 1863 3122 1899 :
3150 1861 3384 1917 quorum
3425 1846 3588 1903 trium
3626 1860 3717 1901 su~

2119 1937 2283 1992 blime
2314 1939 2567 1993 meritum
2588 1979 2603 2006 ,
2634 1940 2688 1993 in
2718 1948 2903 1995 monte
2930 1948 3174 1995 meretur
3194 1939 3388 1996 audire
3419 1940 3715 1996 tonitruum

2119 2027 2326 2097 Patris,
2352 2044 2449 2099 per
2478 2031 2677 2086 nubem
2702 2029 2771 2085 de
2798 2030 2944 2086 Filio
2988 2031 3229 2087 tonantis
3258 2049 3271 2085 :
3314 2030 3414 2088 Hic
3456 2040 3540 2087 est
3578 2030 3721 2087 ﬁlius

2121 2135 2277 2176 meus
2306 2120 2567 2186 dilectus,
2595 2130 2656 2176 ut
2680 2136 2779 2191 per
2806 2122 3007 2177 nubem
3047 2123 3263 2188 carnis,
3317 2131 3373 2177 et
3415 2122 3518 2192 ipsi
3543 2122 3721 2193 ignem

2122 2213 2308 2280 verbi,
2331 2227 2394 2268 ac
2424 2216 2469 2267 si
2503 2213 2713 2291 fulgura
2738 2214 2790 2269 in
2820 2214 3057 2284 pluviam
3086 2223 3411 2285 spargerent
3438 2214 3493 2270 in
3519 2215 3677 2270 terris
3704 2232 3718 2266 :

2125 2305 2382 2373 quoniam
2414 2303 2556 2359 Deus
2589 2304 2802 2375 fulgura
2846 2306 2900 2360 in
2933 2307 3171 2374 pluviam
3198 2306 3325 2361 fecit
3364 2323 3376 2359 :
3430 2314 3486 2361 ut
3513 2306 3723 2362 exstin-

2125 2403 2256 2465 guat
2286 2395 2657 2451 misericordia
2677 2437 2693 2463 ,
2725 2396 2867 2466 quod
2890 2397 3162 2467 judicium
3190 2397 3383 2453 inurit.
3415 2397 3566 2454 Unde
3592 2412 3722 2468 pro-

2126 2484 2287 2555 pheta
2317 2485 2480 2541 dicit:
2514 2486 2949 2542 ltlisericordiam
2973 2497 3030 2543 et
3053 2487 3321 2557 judicium
3347 2488 3577 2543 cantabo
3604 2488 3721 2552 tibi,

2130 2576 2380 2633 Domine.
2413 2578 2481 2632 Et
2502 2577 2800 2646 Andream,
2832 2579 2926 2650 qui
2951 2579 3095 2636 virili
3125 2580 3300 2637 forma
3322 2582 3433 2637 vim
3454 2581 3583 2635 l’acit
3602 2596 3731 2651 per-

2129 2667 2321 2723 ditioni
2350 2684 2493 2735 suae,
2525 2677 2578 2724 ut
2612 2686 2938 2740 responsum
2970 2673 3162 2729 mortis
3204 2673 3259 2727 in
3304 2687 3364 2729 se
3388 2687 3606 2743 semper
3633 2672 3731 2727 lia-

2131 2761 2258 2817 beat
2293 2778 2306 2817 :
2341 2770 2396 2817 et
2421 2762 2600 2818 anima
2627 2764 2747 2833 ejus
2776 2765 2849 2819 sit
2876 2779 3095 2834 semper
3121 2766 3178 2820 in
3209 2766 3457 2821 manibus
3499 2766 3632 2821 suis.
3663 2766 3730 2820 Et

2132 2851 2472 2927 Philippum,
2503 2857 2593 2926 qui
2627 2867 2710 2912 est
2741 2874 2797 2912 os
2829 2859 3081 2929 lampadis
3112 2876 3131 2914 ε
3168 2861 3259 2930 qui
3286 2860 3594 2916 illuminare
3630 2874 3730 2929 po-

2137 2953 2243 3000 test
2291 2962 2420 3015 ore,
2452 2949 2597 3018 quod
2628 2950 2793 3006 corde
2823 2953 3097 3024 concepit.
3145 2951 3243 3009 Cui
3274 2936 3422 3010 dedit
3467 2954 3731 3010 Dominus

436 3072 489 3109 es
514 3055 657 3124 ﬁlius
692 3027 807 3110 Dei.
836 3053 905 3107 Et
934 3052 1254 3109 vehementer
1284 3050 1692 3104 comminabatur
1718 3049 1809 3114 eis,
1832 3061 1896 3101 ne
1917 3061 2030 3099 ma-
2059 3027 2107 3093 C
2137 3040 2478 3107 apertionem
2531 3042 2642 3097 oris
2692 3044 3008 3100 illuminati.
3064 3044 3279 3102 Scimus
3322 3048 3467 3103 hunc
3510 3047 3729 3103 modum

430 3149 739 3219 nifestarent
782 3146 954 3202 illum.
988 3146 1190 3213 Quinta
1216 3143 1441 3208 virtute,
1474 3149 1593 3197 erat
1617 3140 1784 3196 homo
1810 3154 2031 3195 manum

431 3238 641 3294 habens
668 3237 913 3305 aridam,
946 3237 1035 3292 cui
1057 3235 1280 3303 dicitur,
1315 3233 1568 3289 Extende
1597 3246 1818 3287 manum
1847 3239 2029 3285 tuam:

435 3331 527 3399 qui
559 3329 831 3399 signiﬁcat
852 3342 1066 3394 avaros,
1100 3328 1193 3398 qui
1218 3326 1471 3382 nolentes
1499 3324 1651 3393 dare,
1675 3323 1864 3378 volunt
1893 3322 2036 3377 acci-

435 3434 569 3489 pere
601 3438 615 3472 :
648 3420 901 3490 praedari,
935 3429 990 3475 et
1016 3432 1127 3475 non
1150 3418 1353 3489 largiri.
1383 3417 1589 3486 Quibus
1619 3414 1920 3485 αἰσίμη-,λιιι
1940 3427 2035 3469 ex-

436 3511 663 3567 tendant
702 3525 895 3567 manus
925 3524 1077 3578 suas,
1111 3510 1166 3565 id
1191 3518 1296 3579 est,
1327 3508 1420 3579 qui
1444 3507 1750 3573 iurabatur,
1783 3505 1898 3575 jam
1925 3520 2034 3562 non

435 3603 695 3659 tutetur:
738 3603 910 3673 magis
949 3612 1132 3657 autem
1163 3602 1376 3657 laboret
1404 3599 1681 3670 operando
1706 3613 1870 3653 manu
1909 3612 2031 3665 sua,

439 3696 588 3765 quod
618 3695 822 3749 bonum
860 3703 945 3749 est
974 3713 986 3744 :
1020 3702 1080 3749 ut
1108 3693 1307 3749 habeat
1332 3692 1480 3747 unde
1507 3690 1873 3747 communicet
1894 3689 2035 3746 indi-

436 3786 712 3857 gentibus.

514 3877 585 3931 Et
615 3876 898 3932 ascendens
930 3877 987 3930 in
1022 3886 1267 3941 montem,
1294 3876 1488 3930 vocavit
1518 3875 1585 3929 ad
1625 3890 1679 3929 se
1720 3890 1846 3943 quos
1876 3872 2038 3928 voluit

438 3970 572 4039 ipse,
604 3977 650 4024 et
672 3977 915 4022 venerunt
944 3969 1013 4021 ad
1050 3983 1185 4022 eum.
1226 3965 1297 4020 Et
1323 3967 1445 4035 fecit
1476 3976 1530 4019 ut
1560 3975 1725 4021 essent
1764 3965 2035 4019 duodecim

439 4077 555 4115 cum
580 4059 694 4126 illo,
727 4067 777 4111 et
824 4067 880 4112 ut
918 4060 1142 4113 mitteret
1185 4074 1271 4111 eos
1300 4056 1603 4129 prwdicare.
1654 4052 1724 4109 Et
1764 4057 1905 4111 dedit
1932 4055 2038 4109 illis

443 4162 747 4223 potestatem
771 4153 989 4219 curandi
1018 4152 1379 4221 inﬁrmitates,
1412 4160 1461 4204 et
1487 4149 1726 4220 ejiciendi
1752 4150 2033 4205 dwmonia.

440 4244 512 4300 Et
536 4246 784 4316 imposuit
814 4244 1017 4301 Simoni
1045 4260 1228 4299 nomen
1266 4243 1459 4298 Petrus
1482 4260 1501 4310 ;
1530 4254 1578 4298 et
1597 4242 1851 4297 Iacobum
1879 4241 2038 4298 Zebe-

441 4338 563 4405 dtei,
594 4346 642 4392 et
663 4335 925 4392 Joannem
966 4340 1180 4407 fratrem
1206 4335 1389 4391 Jacobi
1416 4352 1434 4392 :
1464 4344 1511 4390 et
1536 4335 1785 4404 imposuit
1829 4334 1902 4388 eis
1940 4351 2035 4390 no-

439 4431 584 4484 mina
604 4428 919 4499 Boanerges,
947 4430 1194 4500 quodest,
1219 4428 1317 4498 ﬁlii
1340 4428 1584 4492 tonitrui;
1611 4436 1657 4481 et
1678 4426 1956 4493 Andream,
1984 4437 2033 4482 et

439 4520 770 4593 Philippum,
800 4529 848 4576 et
871 4522 1330 4597 Bartholomteum,
1360 4531 1408 4577 et
1446 4520 1773 4588 Matthwum,
1812 4530 1863 4576 et
1894 4519 1936 4575 Τ
1936 4518 2032 4576 ho-

440 4631 600 4681 mam,
628 4624 675 4671 et
702 4614 952 4671 Jacobum
979 4615 1207 4684 Alphtei,
1250 4622 1298 4669 et
1322 4613 1669 4679 Thaddazum,
1697 4618 1745 4666 et
1768 4611 2033 4668 Simonem

444 4707 816 4775 Chananeum,
848 4719 895 4763 et
922 4706 1119 4764 ludam
1148 4706 1474 4775 Iscariotem,
1507 4706 1596 4776 qui
1624 4713 1671 4760 et
1710 4703 1929 4759 tradidit
1969 4706 2035 4759 il-

418 4802 570 4856 'lum.
602 4802 701 4857 Est
727 4800 1069 4857 consuetudo
1097 4799 1395 4873 Scriptura:
1421 4799 1621 4855 divina:
1641 4799 1932 4870 allegorice
1956 4798 2033 4855 lo-

440 4893 556 4963 qui,
590 4902 646 4949 et
677 4909 800 4948 cum
831 4895 979 4951 aliud
1022 4894 1191 4963 dicat,
1243 4894 1390 4951 aliud
1420 4894 1553 4950 velit
1598 4893 1846 4965 intelligi.
1879 4893 2034 4962 Quod

435 4983 494 5038 in
521 4983 836 5052 Evangeliis
857 4986 1093 5054 positum
1120 4987 1437 5058 frequenter
1463 4986 1846 5044 invenieszsed
1876 4986 2036 5043 nobis

436 5089 671 5132 necesse
684 5083 789 5139 est,
806 5087 863 5132 ut
884 5079 963 5133 sic
975 5079 1276 5136 excelsiora
1290 5080 1540 5136 sensibus
1563 5080 1769 5137 nostris
1789 5095 1818 5135 a
1828 5079 2032 5150 pplice-

436 5181 584 5234 mus,
620 5174 679 5221 ut
705 5174 883 5222 tamen
917 5178 1111 5226 cuncta
1134 5170 1435 5228 secundum
1466 5170 1709 5227 historia:
1748 5171 2032 5228 veritatem

434 5271 759 5313 cernamus:
774 5254 1026 5314 Christus
1038 5262 1184 5317 enim
1206 5262 1359 5318 solus
1380 5262 1735 5332 spiritualiter
1744 5277 1900 5318 mons
1912 5270 1996 5318 est
2014 5280 2028 5316 :

434 5363 598 5405 mons
624 5366 655 5419 q
666 5349 851 5405 uidem
873 5350 1150 5409 brevitera
1165 5355 1323 5411 nobis
1334 5355 1602 5427 laudatus,
1619 5357 1714 5412 sed
1727 5357 2031 5414 cmlestium

430 5451 621 5493 rerum
647 5438 909 5510 qualitate
939 5444 1211 5512 copiosus,
1246 5460 1311 5501 ex
1340 5461 1448 5516 quo
1477 5461 1633 5514 aquae
1671 5449 1807 5503 vivae
1834 5447 2031 5504 decur-

431 5535 590 5583 runt:
607 5528 690 5583 lac
702 5529 757 5583 in
772 5531 1118 5597 parvulorum
1131 5535 1365 5592 salutem
1381 5545 1713 5606 praeparatur
1730 5556 1741 5591 :
1760 5538 2032 5610 pinguedo

431 5618 735 5688 spiritualis
783 5622 1114 5695 agnoscitur,
1162 5636 1219 5686 et
1264 5627 1524 5703 quidquid
1574 5645 1784 5691 summe
1828 5631 2030 5693 bonum

2137 3129 2431 3187 locutionis
2476 3134 2761 3204 pr0prium
2791 3135 3193 3207 Scripturarum
3225 3153 3349 3196 esse
3378 3140 3685 3196 divinarum
3712 3185 3727 3208 ,

2136 3222 2354 3291 quando
2406 3224 2763 3282 Hebraeorum
2806 3230 3026 3285 nomina
3057 3230 3124 3286 ad
3160 3232 3380 3302 aliquod
3412 3235 3733 3306 mysterium

2136 3315 2549 3385 signiﬁcationis
2579 3327 2707 3373 sunt
2756 3323 2926 3390 posita
2966 3342 2979 3378 :
3021 3323 3167 3392 quod
3201 3340 3343 3380 nunc
3394 3327 3735 3397 Evangelista

2137 3424 2203 3464 ex
2230 3409 2326 3464 Dei
2360 3423 2592 3479 persona
2639 3412 2995 3470 vehementer
3025 3414 3286 3472 ati‘ectans
3329 3418 3623 3475 interserit.
3667 3420 3737 3475 Et

2139 3503 2600 3560 Bartholommum
2621 3548 2634 3572 ,
2662 3509 2752 3578 qui
2783 3506 2931 3579 ﬁlius
2970 3517 3043 3564 est
3071 3512 3430 3581 suspendentis
3457 3530 3638 3584 aquas.
3667 3513 3737 3568 Et

2138 3599 2260 3669 quis
2287 3606 2373 3653 est
2396 3597 2543 3652 tilius
2572 3600 2959 3669 suspendentis
2986 3616 3175 3670 aquas,
3209 3603 3313 3659 nisi
3343 3605 3432 3673 qui
3464 3605 3633 3659 dixit:
3668 3605 3735 3660 Et

2140 3689 2409 3746 mandabo
2434 3691 2671 3747 nubibus
2698 3694 2833 3749 meis
2855 3708 2924 3750 ne
2942 3694 3127 3764 pluant
3153 3709 3320 3766 super
3340 3712 3461 3751 eam
3479 3698 3737 3753 imbrem?

2138 3782 2346 3839 Nomen
2377 3798 2507 3840 vero
2537 3783 2636 3839 lilii
2667 3782 2793 3853 Dei,
2830 3802 2926 3855 per
2957 3772 3145 3856 pacem
3176 3798 3232 3843 et
3257 3788 3606 3844 dilectionem
3637 3804 3735 3842 ac-

2137 3875 2372 3945 quiritur
2415 3875 2642 3931 inimici.
2682 3876 2831 3932 Beati
2883 3877 3029 3933 enint
3060 3878 3301 3949 paciﬁci,
3348 3881 3603 3950 quoniam
3634 3880 3733 3935 ﬁlii

2082 4026 2093 4031 1
2139 3966 2235 4024 Dei
2280 3978 2407 4024 sunt
2441 3988 2452 4024 :
2483 3978 2538 4024 et
2566 3969 2775 4040 diligite
2812 3970 3062 4026 inimicos
3092 3981 3339 4042 vestros,
3383 3982 3442 4027 ut
3485 3973 3603 4028 sitis
3634 3974 3734 4027 lilii

2138 4061 2266 4129 Dei,
2293 4070 2352 4117 et
2380 4062 2604 4133 reliqua.
2636 4064 2704 4118 Et
2741 4063 3053 4121 blatthaeuut
3075 4104 3091 4131 ,
3123 4065 3214 4134 qui
3254 4073 3337 4120 est
3374 4066 3617 4131 donatus,
3646 4067 3736 4121 cui

2140 4154 2374 4209 donatur
2402 4170 2433 4209 a
2464 4154 2695 4210 Domino
2715 4197 2729 4222 ,
2759 4165 2817 4210 ut
2847 4172 2957 4212 non
2985 4156 3165 4212 solum
3193 4157 3570 4213 remissionem
3602 4172 3735 4227 pec-

2139 4256 2385 4303 catorum
2417 4246 2770 4317 adipiscatur,
2812 4249 2907 4304 sed
2934 4249 2987 4303 in
3017 4263 3250 4304 numero
3280 4249 3585 4305 ascribatur
3610 4252 3740 4320 δρῦς

2140 4340 2407 4396 stolorum
2436 4356 2449 4393 :
2479 4346 2539 4394 ut
2566 4336 2653 4395 leo
2696 4340 2880 4409 etbos
2912 4341 3074 4395 simul
3114 4340 3431 4409 comedent,
3482 4352 3534 4397 et
3574 4342 3737 4412 lupus

2140 4446 2262 4488 cum
2312 4446 2450 4502 agno
2481 4440 2751 4501 pascatur.
2797 4430 2866 4487 Et
2910 4432 3209 4499 Thomam,
3238 4434 3330 4504 qui
3375 4442 3460 4490 est
3494 4436 3737 4504 abyssus.

2139 4522 2288 4578 Multi
2310 4522 2453 4578 enim
2482 4520 2746 4591 profunda
2774 4523 3013 4579 scientes
3037 4523 3153 4592 Dei,
3176 4524 3401 4580 minimo
3426 4523 3734 4596 proferunt,

2140 4627 2199 4673 ut
2228 4616 2424 4672 Paulus
2452 4616 2528 4671 ait
2561 4633 2574 4670 :
2607 4616 2738 4671 Scio
2780 4617 3059 4674 hominem
3082 4659 3097 4687 ,
3127 4626 3185 4674 et
3228 4618 3443 4689 reliqua
3472 4636 3489 4675 :
3529 4632 3733 4691 usque,

2142 4726 2262 4782 quae
2288 4724 2397 4766 non
2424 4709 2553 4766 licet
2572 4709 2885 4766 hominibus
2908 4710 3078 4783 loqui.
3107 4710 3177 4766 Et
3202 4710 3466 4768 Jacobum
3494 4712 3734 4783 Alpltmi,

2142 4806 2197 4860 id
2243 4814 2358 4872 est,
2407 4804 2545 4859 docti
2580 4805 2663 4861 vel
2708 4806 2994 4863 millesimi.
3049 4805 3215 4878 Cujus
3252 4822 3284 4862 a
3333 4808 3505 4865 latere
3534 4807 3738 4863 cadunt

2140 4896 2307 4961 mille,
2336 4905 2392 4953 et
2418 4896 2607 4953 decem
2636 4896 2804 4952 millia
2830 4914 2860 4953 a
2891 4897 3099 4953 dextris
3127 4896 3268 4968 eius.
3300 4896 3542 4954 Jacobus
3570 4896 3732 4962 alter,

2138 4988 2224 5045 cui
2254 4989 2552 5044 colluctatio
2593 5002 2700 5044 non
2728 4998 2816 5045 est
2854 4989 3121 5046 adversus
3167 5003 3388 5046 carnem
3436 4998 3491 5045 et
3515 4989 3735 5057 sangui-

2136 5097 2260 5138 nem
2294 5099 2307 5136 :
2337 5082 2434 5139 sed
2462 5083 2724 5139 adversus
2755 5084 3070 5153 spirituales
3116 5084 3410 5154 nequitias.
3458 5081 3525 5136 Et
3550 5079 3737 5135 Thad-

2137 5174 2313 5230 dazum
2333 5216 2347 5241 ,
2381 5176 2471 5245 qui
2501 5183 2606 5241 est,
2635 5176 2919 5241 corculum,
2953 5176 3007 5231 id
3038 5185 3143 5243 est,
3176 5174 3359 5231 cordis
3383 5172 3555 5229 cultor
3589 5190 3601 5224 :
3636 5174 3735 5242 qui

2135 5274 2425 5322 conservat
2452 5279 2550 5320 cor
2575 5280 2733 5320 suum
2758 5269 2906 5322 omni
2931 5265 3199 5324 custodia.
3217 5265 3474 5322 Munditia
3498 5278 3737 5333 namque

2136 5358 2315 5415 cordis
2340 5357 2483 5412 Deus
2508 5355 2743 5420 videtur,
2772 5365 2834 5411 ut
2864 5373 2962 5427 per
2998 5359 3197 5412 vitrum
3243 5355 3507 5411 mundum
3558 5356 3736 5409 forma

2134 5448 2439 5507 ostenditur
2499 5460 2782 5514 expressa.
2850 5449 2913 5501 Et
2981 5448 3260 5503 Simonem
3318 5446 3733 5512 Cltananmum,

2134 5540 2225 5612 qui
2268 5547 2322 5594 et
2352 5536 2573 5592 zelotes.
2606 5533 2829 5602 Simon,
2875 5551 3069 5603 ponens
3108 5537 3374 5591 tristitiam
3404 5538 3737 5606 interpreta-

2136 5644 2241 5695 tur.
2270 5628 2421 5699 Beati
2454 5641 2723 5700 uamque,
2753 5627 2845 5709 qui
2889 5628 3077 5707 lugent
3110 5645 3121 5684 :
3155 5630 3412 5700 quoniam
3452 5628 3561 5699 ipsi
3598 5642 3739 5685 con-
