4030 6202
237 165 312 225 δοι
783 124 1327 222 conusursntus
1364 157 1433 220 lN
1470 156 1926 222 EVANGELIUM
1964 160 2121 221 ssc.
2155 159 2473 224 usucuu.
2515 164 2675 223 car.
2713 167 2803 224 1v.

3340 172 3448 232 602

230 275 730 336 solabuntur.Trinum
750 275 953 333 luctum
973 276 1183 349 implet,
1204 278 1297 349 qui
1316 276 1748 333 consolationem
1771 277 1827 338 A
1926 278 2029 345 Qui
2055 288 2229 333 autem
2252 279 2683 349 blasphemaverit
2708 284 2763 338 in
2792 285 3031 354 spiritum
3059 295 3318 357 sanctum,
3342 306 3449 347 non

229 372 416 430 futuram
433 370 629 443 quaerit.
656 371 827 427 Dellet
856 379 1078 441 peccata
1097 372 1315 441 propria
1344 386 1468 427 cum
1498 370 1671 427 David
1691 380 1747 428 et

225 465 394 521 Maria:
418 465 493 521 llet
512 479 629 520 cum
656 464 907 519 ﬂentibus
928 479 1052 520 cum
1081 464 1252 520 Paulo
1276 482 1289 518 :
1317 474 1373 520 et
1401 464 1495 520 llet
1518 465 1748 520 mullum

223 573 327 614 cum
363 557 560 623 Joanne,
590 558 685 627 qui
715 558 931 613 dicebat
961 575 975 613 :
1006 558 1073 613 Et
1100 572 1202 628 ego
1245 558 1440 614 ﬂebam
1470 559 1701 614 multum
1728 574 1743 613 :

223 652 327 723 quia
355 664 482 706 nemo
502 650 694 721 dignus
720 650 973 706 inventus
996 658 1083 706 est
1100 691 1116 717 ,
1140 650 1231 721 qui
1257 651 1495 721 aperiret
1524 649 1744 717 librum,

221 752 265 800 et
305 742 499 799 solveret
539 742 812 811 signacula
855 741 998 812 ejus.
1045 741 1265 798 Zelotes
1311 750 1493 798 autem
1522 740 1743 811 dicitur,

219 847 351 905 quem
374 834 499 890 zelus
536 833 730 890 domus
756 832 856 889 Dei
881 833 1122 890 comedit
1149 851 1163 888 :
1208 842 1269 889 ut
1293 833 1531 890 Pbinees
1557 848 1744 890 sacer-

216 927 325 993 dos,
351 936 396 982 ut
434 938 595 984 cesset
620 926 920 997 quassatio.
952 925 1021 981 Et
1058 925 1254 981 Judam
1287 925 1623 995 iscariotem,
1651 925 1746 995 qui

215 1018 401 1074 tradidit
438 1018 574 1074 illum
607 1035 622 1074 :
666 1017 759 1088 qui
804 1031 913 1072 non
959 1016 1105 1072 delet
1140 1025 1423 1086 peccatum
1455 1030 1613 1070 suum
1646 1029 1745 1084 per

210 1112 530 1180 paenitentiam
553 1134 570 1169 ε
596 1125 697 1167 nec
718 1111 851 1165 illud
870 1110 1080 1165 deletur
1102 1123 1198 1179 per
1220 1109 1561 1166 memoriam.
1588 1107 1745 1165 Unde

207 1204 267 1258 de
290 1218 348 1260 eo
364 1205 533 1260 dicitur
554 1221 567 1258 :
592 1203 660 1258 Et
683 1212 964 1272 peccatum
983 1202 1174 1256 matris
1193 1202 1312 1270 ejus
1341 1217 1446 1256 non
1471 1200 1740 1256 deleatur.

202 1295 341 1350 Fiant
377 1303 538 1351 contra
576 1293 863 1348 Dominum
914 1307 1150 1361 semper.
1202 1290 1399 1358 ludas,
1456 1292 1739 1361 conﬁtens,

201 1387 278 1445 vel
303 1387 527 1460 gloriosus
555 1384 965 1454 interpretatur.
997 1382 1272 1440 lscariotis
1302 1391 1480 1438 autem
1502 1424 1518 1449 ,
1552 1398 1744 1437 memo-

198 1482 318 1536 riam
344 1482 514 1535 mortis.
547 1478 903 1537 Confessores
928 1488 1059 1534 sunt
1089 1478 1239 1534 multi
1287 1478 1340 1531 in
1382 1476 1623 1532 Ecclesia
1652 1491 1744 1532 su-

196 1572 333 1643 perbi
354 1581 401 1629 et
422 1572 627 1644 gloriosi
655 1589 669 1624 :
712 1584 946 1642 quorum
973 1570 1181 1641 primus
1209 1566 1399 1625 Simon
1440 1567 1655 1638 Magus,
1688 1575 1745 1622 et

1850 372 2002 426 liabet
2028 371 2382 427 remissionem
2406 375 2461 428 in
2486 385 2758 443 teternum,
2781 379 2870 433 sed
2888 395 3005 434 reus
3033 383 3131 437 erit
3153 385 3335 438 retenti
3356 386 3448 440 de-

1852 467 1958 521 licti
1984 482 2002 519 :
2029 466 2273 535 quoniam
2322 467 2583 533 dicebant,
2622 470 2865 541 spiritunt
2910 473 3235 528 immundum
3272 478 3445 533 habet.

1848 560 1989 629 Quia
2019 575 2131 615 non
2161 569 2405 618 meretur
2435 562 2810 631 pcenitentiam
2835 577 3019 633 agere,
3048 572 3109 619 ut
3131 569 3445 638 recipiatur,

1849 652 1943 723 qui
1985 650 2263 709 Christum
2300 653 2654 724 intelligens,
2704 654 3007 725 principem
3052 657 3445 716 dmmoniorum

1848 760 1971 802 esse
1999 746 2217 803 dicebat
2246 763 2261 802 :
2294 746 2421 817 quia
2452 762 2746 817 numquam
2772 749 3001 804 solvitur
3030 763 3059 802 a
3089 763 3331 818 carcere,
3358 756 3450 823 qui

1848 839 2206 909 quadrantem
2251 840 2405 896 verbi
2435 840 2792 896 novissimum
2820 856 2929 897 non
2977 842 3203 898 solverit
3229 852 3354 898 ante
3380 846 3447 899 li-

1848 949 1971 990 nem
2001 935 2146 991 vitte.
2184 933 2426 1002 Quatuor
2461 950 2700 1006 namque
2750 936 2993 1017 partibus
3031 936 3290 994 denarius
3320 940 3448 996 vitae

1846 1027 2103 1081 tundatur
2128 1032 2350 1081 aeternae
2377 1041 2393 1079 :
2424 1034 2485 1081 ut
2522 1027 2669 1096 quod
2701 1028 2866 1083 corde
2893 1028 3107 1095 credis,
3140 1044 3236 1085 ore
3280 1031 3449 1086 conﬁ-

1849 1119 2013 1174 tearis
2042 1136 2059 1173 :
2092 1129 2146 1173 et
2170 1119 2316 1189 quod
2366 1118 2649 1173 confiteris
2670 1159 2685 1184 ,
2730 1133 2897 1188 opere
2926 1122 3152 1193 impleas
3174 1164 3188 1189 ,
3224 1130 3279 1179 et
3304 1124 3447 1194 quod

1845 1209 2189 1281 impleveris,
2221 1210 2423 1265 docere
2469 1223 2578 1264 non
2604 1223 2807 1265 cesses.
2854 1212 2957 1279 Qui
2997 1215 3141 1270 enim
3176 1215 3365 1271 l'ecerit
3388 1226 3449 1274 et

1844 1302 2131 1373 docuerit,
2190 1300 2282 1359 hic
2333 1314 2559 1373 magnus
2612 1302 2896 1359 vocabitur
2949 1304 3004 1361 in
3056 1323 3228 1379 regno
3281 1309 3447 1367 cmic-

1846 1410 1989 1450 rum.

1916 1484 1986 1540 Et
2014 1487 2227 1541 veniunt
2250 1495 2411 1543 mater
2431 1492 2543 1563 ejus
2565 1498 2614 1544 et
2638 1492 2824 1561 fratres
2853 1506 2872 1545 :
2901 1500 2951 1546 et
2980 1490 3108 1561 foris
3134 1503 3325 1549 stantes
3349 1498 3448 1550 mi-

1844 1588 2023 1633 serunt
2062 1578 2134 1631 ad
2175 1595 2294 1635 eum
2340 1590 2578 1636 vocantes
2626 1597 2743 1636 eum
2775 1598 2794 1637 :
2842 1591 2891 1637 et
2930 1583 3135 1638 sedebat
3165 1585 3304 1638 circa
3332 1602 3446 1640 eum

189 1665 357 1731 Arius,
384 1673 431 1719 et
455 1664 630 1719 caeteri
652 1654 918 1730 haeretici,
944 1677 1175 1733 quorum
1204 1661 1468 1716 memoria
1491 1659 1741 1716 mortalis
1770 1661 1821 1722 B
1846 1670 2016 1735 turba,
2047 1679 2095 1724 et
2122 1671 2306 1727 dicunt
2336 1672 2424 1726 ei:
2455 1670 2594 1727 Ecce
2614 1681 2783 1728 mater
2814 1683 2937 1738 tua,
2965 1683 3014 1727 et
3042 1678 3230 1742 fratres
3262 1677 3338 1730 tui
3362 1680 3447 1746 fo-

187 1756 303 1812 ideo
329 1757 378 1812 in
407 1755 641 1812 Ecclesia
666 1754 974 1811 celebratur
998 1798 1014 1824 ,
1042 1763 1102 1809 ut
1138 1752 1464 1809 devitentur.
1496 1752 1591 1807 ila:
1616 1761 1746 1809 sunt

180 1851 448 1906 duodecim
474 1848 787 1906 diderentiae
819 1848 1189 1919 apostolorum
1213 1856 1270 1904 et
1296 1847 1739 1917 praedicatorum:

186 1943 275 2013 qui
305 1944 458 2011 terni,
483 1941 727 2014 quaterni
766 1942 913 1998 circa
948 1941 1358 1999 tabernaculum
1402 1940 1613 1997 Domini
1643 1954 1743 1997 ex-

173 2035 403 2091 cubant:
438 2044 489 2091 et
525 2043 710 2091 sancta
767 2034 982 2090 Domini
1012 2035 1175 2090 verba
1223 2032 1468 2088 humeris
1514 2046 1743 2103 operum

173 2126 395 2196 propriis
423 2134 631 2195 portant
662 2143 678 2181 :
722 2134 780 2180 ut
809 2125 1221 2181 tabernaculum
1250 2139 1415 2180 unum
1446 2122 1745 2179 mansioni-

170 2218 270 2273 bus
301 2217 468 2273 multis
502 2216 571 2273 ad
600 2226 801 2273 terram
826 2216 1271 2285 repromissionis
1298 2222 1520 2285 portent
1552 2232 1567 2270 :
1608 2229 1744 2285 quos

169 2308 326 2364 unius
360 2307 653 2378 exemplum
693 2307 760 2362 ad
809 2309 1063 2364 timorem
1103 2307 1389 2376 bumiliat,
1436 2318 1494 2363 ut
1520 2308 1743 2378 angelos

165 2401 393 2459 Luciferi
417 2401 552 2457 illius
580 2414 737 2456 casus
766 2408 1097 2467 conservet,
1129 2409 1185 2455 ut
1212 2414 1319 2455 non
1348 2399 1611 2470 glorietur
1654 2416 1744 2456 ssc

162 2495 320 2564 piens
346 2495 393 2549 in
423 2494 680 2566 sapientia
706 2507 803 2551 sua
833 2511 845 2548 :
875 2492 970 2550 sed
1001 2493 1092 2564 qui
1122 2492 1411 2565 gloriatur,
1434 2492 1490 2548 in
1510 2493 1743 2550 Domino

153 2587 436 2658 glorietur.

230 2680 305 2734 Et
330 2679 527 2734 veniunt
556 2678 624 2733 ad
654 2678 888 2745 domum,
921 2686 968 2733 et
994 2677 1230 2732 convenit
1252 2676 1439 2732 iterum
1467 2677 1644 2745 turba,
1668 2679 1742 2732 ita

152 2780 209 2825 ut
234 2786 342 2825 non
369 2777 570 2841 possent
597 2771 763 2839 neque
802 2785 987 2838 panem
1026 2768 1343 2823 manducare
1363 2783 1382 2821 :
1420 2775 1472 2822 et
1500 2784 1619 2822 cum
1648 2786 1743 2823 au-

146 2864 355 2918 dissent
380 2863 481 2929 sui,
509 2863 746 2918 exierunt
771 2871 940 2916 tenere
977 2877 1113 2916 eum.
1147 2860 1403 2914 Dicebant
1431 2862 1590 2930 enim,
1614 2877 1744 2931 quo-

144 2957 296 3010 niam
324 2954 376 3008 in
402 2956 626 3023 furorem
654 2968 831 3008 versus
854 2962 951 3007 est.
977 2950 1047 3006 Et
1070 2952 1274 3017 scribat,
1306 2952 1395 3023 qui
1435 2951 1497 3004 ab
1526 2950 1740 3008 Jeroso-

1846 1764 1921 1817 ris
1946 1773 2189 1833 quatrunt
2218 1772 2285 1818 te.
2311 1763 2382 1819 Et
2406 1766 2721 1836 respondens
2751 1766 2826 1819 eis
2851 1767 2924 1819 ait
2955 1781 2973 1819 :
3006 1766 3138 1834 Qum
3176 1778 3251 1822 est
3277 1778 3446 1823 mater

1846 1871 1980 1923 mea,
2008 1864 2057 1908 et
2078 1858 2268 1927 fratres
2296 1858 2396 1911 mei
2419 1858 2443 1910 ?
2472 1856 2539 1910 Et
2561 1858 2985 1926 circumspiciens
3007 1875 3118 1927 eos,
3144 1862 3231 1931 qui
3254 1863 3307 1915 in
3337 1863 3447 1916 cir-

1846 1950 1990 2002 cuitu
2030 1950 2146 2020 ejus
2173 1947 2455 2016 sedebant,
2486 1950 2560 2003 ait
2588 1966 2607 2003 :
2640 1948 2775 2003 Ecce
2802 1959 2967 2004 mater
2993 1967 3108 2004 mea
3128 1995 3142 2018 ,
3186 1961 3232 2005 et
3255 1958 3447 2023 fratres

1847 2042 1969 2098 mei.
2001 2040 2103 2108 Qui
2131 2044 2261 2097 enim
2286 2043 2462 2113 fecerit
2486 2042 2814 2096 voluntatem
2841 2041 2956 2108 Dei,
2990 2042 3077 2097 hic
3098 2045 3260 2114 frater
3281 2061 3443 2113 meus,

1845 2143 1894 2188 et
1918 2151 2065 2190 soror
2090 2149 2222 2201 mea,
2258 2144 2304 2188 et
2334 2144 2497 2190 mater
2526 2151 2641 2190 mea
2666 2144 2761 2190 cst.
2792 2135 2865 2191 Ut
2900 2134 3142 2191 sciamus
3184 2150 3285 2191 nos
3322 2150 3447 2193 esse

1845 2227 2043 2283 fratres
2063 2226 2179 2296 ejus
2206 2235 2259 2281 et
2282 2234 2536 2294 matrem,
2561 2228 2605 2282 si
2632 2228 2976 2283 voluntatem
3004 2227 3180 2283 Patris
3206 2227 3323 2298 eius
3350 2227 3443 2283 im-

1844 2320 2179 2391 pleverimus
2212 2335 2226 2374 :
2261 2328 2320 2374 ut
2359 2319 2677 2376 cohtercdes
2705 2322 2879 2377 simus
2915 2320 3067 2391 ejus,
3108 2321 3201 2392 qui
3248 2335 3355 2377 non
3389 2321 3443 2378 in

1844 2412 2083 2479 sexibus,
2118 2411 2215 2469 sed
2240 2410 2294 2467 in
2319 2411 2475 2469 factis
2502 2413 2787 2469 discernit.

2456 2503 2688 2560 CAPUT
2726 2504 2818 2560 IV.

1913 2595 1985 2650 Et
2013 2597 2194 2651 iterum
2220 2597 2372 2666 coepit
2398 2597 2583 2651 docere
2613 2598 2682 2651 ad
2719 2612 2864 2651 mare
2886 2638 2902 2665 ,
2950 2605 2998 2651 et
3036 2604 3349 2669 congregata
3369 2604 3445 2652 est

1842 2689 1913 2743 ad
1933 2705 2050 2744 eum
2076 2688 2226 2743 turba
2246 2689 2433 2752 multa,
2462 2688 2537 2741 ita
2564 2694 2621 2741 ut
2666 2689 2722 2741 in
2748 2689 2925 2741 navim
2956 2687 3263 2754 ascendens,
3291 2688 3443 2743 sede-

1840 2790 1919 2836 ret
1953 2782 2007 2836 in
2022 2782 2168 2835 'mari
2189 2824 2204 2850 ,
2254 2790 2301 2834 et
2326 2780 2492 2835 omnis
2519 2779 2671 2834 turba
2696 2779 2835 2833 circa
2862 2793 3006 2833 mare
3047 2795 3205 2849 super
3251 2787 3445 2834 terram

1842 2882 1979 2941 erat,
2007 2884 2056 2929 et
2086 2873 2295 2928 docebat
2322 2890 2407 2927 eos
2434 2874 2488 2926 in
2531 2871 2792 2943 parabolis
2816 2872 3006 2939 multa,
3037 2882 3086 2928 et
3115 2872 3315 2927 dicebat
3336 2872 3443 2927 illis

1842 2968 1897 3021 in
1926 2967 2165 3021 doctrina
2195 2983 2290 3021 sua
2321 2982 2339 3020 :
2369 2964 2585 3020 Audite.
2622 2964 2759 3019 Ecce
2787 2964 2891 3019 exit
2910 2965 3168 3020 seminans
3194 2965 3263 3019 ad
3291 2965 3447 3019 senti-

138 3048 306 3118 lymis
346 3046 744 3112 descenderant,
767 3044 1028 3111 dicebant,
1056 3045 1302 3114 quoniam
1326 3042 1610 3099 Beelzebub
1646 3045 1741 3097 Iut-

1847 3061 2096 3116 nandum.
2141 3060 2212 3114 Et
2255 3060 2382 3113 dum
2409 3060 2652 3127 seminat,
2686 3059 2833 3114 aliud
2863 3060 3049 3113 cecidit
3077 3076 3225 3114 secus
3266 3059 3400 3112 riam
3424 3073 3446 3113 :

133 3142 221 3198 bet
245 3157 269 3195 :
296 3148 349 3195 et
377 3140 497 3211 quia
524 3140 578 3192 in
620 3138 855 3207 principe
884 3136 1261 3190 daemoniorum
1287 3136 1432 3208 ejieit
1455 3135 1733 3190 daemonia.

126 3232 205 3287 Et
241 3232 542 3287 convocatis
573 3232 669 3297 eis,
691 3230 746 3283 in
771 3228 1031 3300 parabolis
1071 3229 1270 3283 dicebat
1296 3226 1405 3282 illis
1422 3244 1442 3283 :
1467 3229 1741 3296 Quomodo

120 3334 308 3397 potest
340 3325 570 3381 Satanas
617 3324 876 3379 Satanam
918 3321 1145 3394 ejicere?
1192 3319 1260 3373 Et
1288 3320 1333 3375 si
1360 3336 1575 3393 regnum
1602 3321 1657 3374 in
1685 3336 1741 3375 se

114 3419 437 3484 dividatur,
467 3433 571 3470 non
603 3424 765 3485 potest
790 3431 1003 3487 regnum
1030 3412 1169 3468 illud
1187 3421 1344 3468 stare.
1386 3412 1525 3467 Etsi
1554 3412 1739 3468 domus

113 3528 296 3579 super
321 3511 657 3575 semetipsnm
688 3508 1044 3576 dispertiatur,
1097 3523 1198 3560 non
1227 3514 1391 3577 potest
1417 3507 1600 3561 domus
1645 3505 1740 3559 illa

107 3614 271 3658 stare
295 3618 317 3656 :
350 3611 398 3655 et
427 3601 475 3655 si
506 3600 733 3656 Satanas
760 3599 1144 3654 consurrexerit
1173 3600 1226 3652 in
1247 3599 1596 3668 semetipsum,
1628 3598 1739 3652 dis-

104 3695 355 3766 per-titus
402 3699 527 3746 est:
578 3699 755 3746 etnon
802 3690 988 3762 poterit
1032 3698 1206 3755 stare,
1258 3690 1349 3744 sed
1375 3689 1531 3759 finem
1560 3688 1732 3745 habet.

102 3788 308 3843 Nemo
331 3793 504 3858 potest
532 3800 658 3840 vasa
686 3783 838 3852 fortis
866 3784 1128 3855 ingressus
1157 3782 1215 3835 in
1245 3782 1459 3835 domum
1488 3781 1731 3849 diripere,

101 3883 215 3936 nisi
251 3880 412 3952 prius
440 3879 634 3949 fortem
661 3878 845 3947 alliget
868 3893 884 3929 :
917 3886 965 3931 et
992 3884 1116 3930 tunc
1140 3876 1348 3930 domum
1373 3876 1483 3945 ejus
1512 3875 1734 3944 diripiet.

102 3974 290 4027 timeri
316 3972 445 4025 dico
468 3970 635 4036 vobis,
659 3971 911 4039 quoniam
932 3967 1103 4021 omnia
1134 3967 1461 4020 dimittantur
1492 3965 1615 4032 ﬁliis
1644 3964 1741 4018 ho-

102 4065 332 4117 ninum
354 4070 578 4132 peccata
599 4071 647 4116 et
666 4058 1223 4133 blasphemiaz,quibus
1235 4056 1736 4127 blaspltemaverunt.

102 4157 203 4212 lic
238 4155 490 4227 proprie
522 4154 735 4210 Marcus
761 4152 1055 4207 convenire
1075 4149 1285 4214 .lcsum,
1310 4162 1431 4203 cum
1460 4147 1740 4217 discipulis

113 4250 217 4305 uis
272 4247 356 4303 ad
388 4247 620 4302 domum
644 4253 830 4301 narrat
863 4260 875 4297 :
912 4245 979 4299 Et
1020 4243 1217 4298 iterum
1265 4240 1454 4295 turbas
1479 4284 1493 4309 ,
1525 4249 1585 4294 ut
1630 4254 1739 4296 non

101 4349 349 4399 vosscnt
384 4355 591 4410 panem
640 4337 999 4404 manducare,
1048 4335 1368 4391 convenisse
1405 4348 1740 4389 commemo-

1844 3165 1889 3210 et
1910 3162 2154 3209 venerunt
2180 3152 2413 3208 volucres
2445 3154 2558 3207 caeli
2578 3193 2593 3215 ,
2638 3161 2685 3206 et
2728 3152 3066 3206 comederunt
3094 3150 3251 3205 illud.
3283 3149 3446 3203 Aliud

1841 3262 1959 3300 vero
1980 3245 2159 3300 cecidit
2201 3261 2357 3314 super
2384 3251 2609 3313 petrosa,
2639 3243 2727 3296 ubi
2751 3258 2852 3296 non
2878 3241 3060 3294 [tabuit
3088 3249 3280 3293 terram
3307 3238 3446 3293 mul-

1842 3348 1970 3405 tant,
1995 3345 2042 3391 et
2067 3337 2245 3391 statim
2271 3344 2510 3390 exortum
2538 3342 2633 3402 est,
2662 3335 2911 3403 quoniam
2936 3349 3043 3387 non
3074 3331 3291 3386 habebat
3320 3329 3443 3384 alti-
3528 3367 3537 3373 -

1843 3431 2070 3484 tudinem
2104 3436 2253 3482 terra:
2275 3444 2293 3481 :
2320 3434 2371 3481 et
2401 3427 2607 3495 quando
2635 3434 2847 3479 exortus
2878 3433 2956 3480 est
2984 3427 3084 3494 sol,
3116 3425 3443 3491 extestuavit,

1842 3529 1890 3574 et
1916 3537 1975 3574 eo
1994 3519 2132 3591 quod
2161 3534 2263 3571 non
2280 3516 2499 3570 habebat
2526 3516 3021 3581 radicem,exaruit.
3043 3514 3113 3569 Et
3138 3516 3287 3570 aliud
3313 3516 3447 3569 ceci-

1842 3610 1917 3661 dit
1946 3609 1999 3661 ὅθι
2026 3608 2203 3677 spinas
2230 3648 2243 3671 ,
2275 3616 2323 3659 et
2364 3605 2709 3660 ascenderunt
2740 3607 2903 3677 spina:
2922 3647 2938 3672 ,
2971 3615 3018 3660 et
3062 3606 3447 3673 suﬂ'ocat'erunt

1841 3697 1998 3763 illud,
2027 3706 2072 3751 et
2102 3698 2334 3767 fructum
2361 3714 2465 3750 non
2496 3697 2661 3751 dedit.
2693 3695 2761 3752 Et
2788 3697 2937 3750 aliud
2962 3698 3143 3751 cecidit
3168 3698 3220 3751 in
3252 3707 3445 3752 terram

1843 3788 2050 3852 bonam,
2079 3794 2128 3841 et
2156 3786 2311 3841 dabat
2342 3787 2570 3854 fructum
2594 3788 2984 3855 ascendentem,
3020 3797 3069 3842 et
3088 3798 3397 3843 crescentem
3426 3804 3446 3845 :

1841 3887 1889 3932 et
1918 3876 2171 3945 afferebat
2196 3894 2356 3931 unum
2386 3875 2700 3933 tricesimum
2718 3921 2732 3943 ,
2774 3889 2823 3933 et
2848 3896 3008 3933 unum
3028 3885 3405 3952 sexagesimum
3425 3924 3441 3950 ,

1843 3985 1890 4027 et
1919 3988 2081 4026 unum
2102 3972 2455 4026 centesimum.
2492 3971 2561 4023 Et
2587 3970 2828 4026 dicebat:
2854 3972 2958 4036 Qui
2981 3972 3131 4026 habet
3158 3988 3312 4025 aures
3342 3988 3443 4025 au-

1843 4066 2055 4134 diendi,
2088 4065 2293 4119 audiat.
2327 4064 2396 4118 Et
2425 4080 2542 4118 cum
2573 4072 2706 4119 esset
2738 4066 3025 4134 singularis
3050 4107 3065 4131 ,
3096 4066 3449 4133 interrogave-

1841 4170 1965 4213 runt
1995 4175 2111 4214 eum
2136 4159 2191 4212 hi
2218 4159 2329 4228 (qui
2358 4174 2475 4211 cum
2500 4173 2559 4211 eo
2586 4156 2760 4228 erant)
2794 4157 3090 4222 duodecim,
3115 4156 3441 4227 parabolam.

1843 4249 1914 4304 Et
1939 4248 2139 4304 dicebat
2170 4250 2246 4303 eis
2276 4266 2295 4305 :
2327 4246 2485 4302 Vobis
2507 4248 2685 4301 datum
2709 4256 2781 4302 est
2804 4262 2954 4303 nosse
2978 4249 3280 4317 mysterium
3301 4247 3445 4316 regni

1844 4339 1943 4395 Dei
1973 4358 1991 4396 :
2026 4338 2133 4394 illis
2174 4349 2351 4395 autem
2373 4380 2388 4407 ,
2420 4340 2510 4411 qui
2539 4339 2669 4409 foris
2699 4348 2854 4404 sunt,
2884 4339 2938 4391 in
2973 4336 3239 4408 parabolis
3268 4335 3447 4388 omnia

102 4444 197 4488 at.
240 4433 323 4487 Et
352 4431 669 4502 discipulos
700 4439 940 4500 putasse.
972 4428 1117 4499 quod
1142 4430 1194 4481 in
1234 4426 1473 4483 furorem
1500 4412 1819 4483 vertere-1)
1844 4434 1978 4502 ﬁunt
2002 4450 2021 4491 .-
2042 4441 2099 4487 ut
2122 4432 2352 4499 videant,
2380 4442 2430 4487 et
2449 4448 2553 4487 non
2565 4432 2771 4487 videant
2800 4447 2820 4487 ε
2846 4439 2893 4484 et
2918 4428 3184 4484 audientes
3204 4428 3443 4493 audiant,

101 4544 201 4596 ur,
248 4526 399 4597 quia
429 4525 653 4592 scribae,
685 4524 773 4596 qui
801 4526 870 4578 ab
895 4521 1251 4593 Jerosolymis
1274 4531 1566 4592 venerant,
1592 4520 1738 4577 dice-

102 4628 227 4674 ant.
254 4638 269 4671 :
310 4616 641 4672 Beelzebub
658 4616 843 4670 habet.
870 4613 1023 4669 Sicut
1043 4614 1345 4668 exaltautur
1358 4612 1483 4669 caeli
1505 4627 1535 4666 a
1562 4621 1735 4668 terra:

111 4726 151 4765 c
190 4710 499 4766 cxaltatae
531 4716 656 4762 sunt
684 4706 787 4762 vim
832 4704 1042 4761 Domini
1070 4720 1101 4759 a
1139 4706 1241 4759 viis
1267 4706 1489 4760 nostris.
1523 4703 1605 4759 Ad
1636 4703 1741 4759 hoc

102 4817 351 4870 unique
382 4801 589 4868 venit,
623 4799 765 4870 quod
794 4797 1003 4853 audivit
1032 4807 1086 4852 ct
1113 4796 1338 4866 patitur,
1367 4797 1459 4866 qui
1482 4795 1640 4851 nobis
1658 4795 1741 4849 di-

104 4910 128 4952 t
178 4917 197 4953 :
233 4895 421 4951 Beati
459 4894 623 4949 eritis
650 4908 773 4948 cum
799 4890 1181 4947 maledixerint
1209 4889 1364 4945 vobis
1391 4889 1662 4953 homines,
1685 4896 1740 4943 et

110 4990 312 5057 liqua
335 5031 352 5054 ,
408 5000 628 5054 usque,
676 4998 889 5039 merces
917 4992 1097 5037 vestra
1138 4981 1192 5035 in
1232 4980 1406 5035 cmlis.
1442 4979 1643 5034 Domus
1671 4978 1738 5034 ad

102 5097 249 5135 tam
290 5080 599 5146 veniunt,
636 5076 905 5149 primitiva
951 5085 1038 5131 est
1066 5074 1331 5130 Ecclesia.
1380 5072 1577 5127 Turba:
1617 5085 1739 5141 quzc

102 5171 429 5243 .pediunt
461 5185 668 5241 panem
700 5169 1052 5235 manducare,
1083 5176 1310 5238 peccata
1336 5174 1393 5222 et
1416 5164 1546 5220 vitia
1573 5172 1734 5220 sunt:

115 5266 190 5318 ia
236 5262 355 5333 qui
394 5261 991 5331 manducatindignc,
1022 5260 1285 5330 judicium
1311 5258 1418 5314 sibi
1446 5256 1755 5312 manducat

118 5356 350 5424 bibit,
394 5369 532 5412 non
556 5355 866 5426 dijudicans
893 5369 1090 5424 corpus
1115 5352 1352 5408 Domini.
1380 5350 1536 5408 Unde
1555 5350 1740 5405 Domi-

104 5462 145 5501 s
196 5447 275 5502 in
332 5445 619 5501 furorem
648 5447 907 5512 vertitur,
937 5460 1058 5501 cum
1088 5446 1213 5501 dicit
1244 5464 1258 5501 :
1290 5444 1406 5501 Nisi
1446 5443 1740 5499 manduca-

101 5537 271 5592 ~itis
312 5551 585 5592 carnem
619 5536 712 5591 lilii
741 5537 1010 5606 hominis,
1055 5544 1112 5595 et
1153 5537 1365 5610 reliqua
1395 5550 1595 5610 usque,
1627 5550 1739 5593 non

102 5628 374 5694 habitis
408 5627 603 5685 vitam
629 5630 682 5685 in
713 5629 886 5686 vobis.

1841 4535 1891 4581 et
1938 4544 2043 4582 non
2071 4524 2364 4598 intelligant
2402 4543 2421 4583 :
2446 4543 2510 4579 ne
2552 4525 2760 4597 quando
2790 4531 3151 4577 convertantur
3181 4530 3228 4575 et
3259 4521 3440 4574 dimit-

1843 4628 2020 4674 tantur
2070 4621 2143 4675 eis
2175 4626 2407 4689 peccata.
2443 4616 2512 4671 Et
2552 4618 2625 4670 ait
2668 4614 2775 4670 illis
2809 4631 2827 4671 :
2867 4612 3095 4668 Nescitis
3141 4611 3445 4681 parabolam

1842 4712 1999 4780 hanc,
2030 4721 2080 4767 et
2120 4712 2377 4782 quomodo
2418 4726 2592 4764 omnes
2636 4706 2913 4779 parabolas
2946 4704 3311 4776 cognoscetis?
3344 4706 3446 4773 Qui

1840 4807 2097 4871 seminat,
2138 4806 2347 4859 verbum
2391 4805 2632 4858 seminat.
2664 4802 2740 4856 Hi
2778 4810 2948 4856 autem
2987 4809 3106 4854 sunt
3131 4845 3146 4870 ,
3178 4802 3268 4871 qui
3306 4803 3444 4857 circa

1846 4902 2000 4965 viam,
2022 4899 2111 4952 ubi
2137 4898 2424 4953 seminatur
2449 4896 2678 4962 verbum,
2711 4903 2759 4949 et
2784 4910 2903 4949 cum
2930 4894 3210 4961 audierint,
3247 4896 3446 4965 confes-

1847 4993 1939 5046 tim
1962 4990 2096 5045 venit
2137 4988 2388 5052 Satanas,
2430 4996 2478 5040 et
2507 4989 2681 5057 aufert
2709 4986 2941 5051 verbum,
2970 4985 3108 5055 quod
3134 4986 3444 5040 seminatum

1846 5093 1918 5140 est
1943 5084 1999 5137 in
2024 5080 2265 5137 cordibus
2290 5064 2581 5135 eorum.rEt
2608 5078 2664 5131 hi
2686 5090 2806 5132 sunt
2827 5119 2842 5145 ,
2872 5077 3130 5147 similiter,
3170 5081 3257 5150 qui
3286 5096 3443 5148 super

1847 5185 2051 5245 petrosa
2079 5175 2400 5230 seminantur
2430 5186 2449 5225 :
2478 5172 2569 5242 qui
2595 5187 2710 5224 cum
2741 5169 3005 5224 audierint
3042 5170 3250 5225 verbum
3275 5211 3289 5235 ,
3334 5178 3443 5223 sta-

1847 5269 1940 5323 tim
1966 5284 2081 5322 cum
2105 5264 2300 5339 gaudio
2328 5262 2590 5331 accipiunt
2628 5259 2762 5314 illud
2796 5277 2813 5319 :
2843 5268 2893 5315 et
2929 5277 3032 5315 non
3071 5259 3257 5313 habent
3295 5257 3442 5311 radi-

1842 5379 1951 5417 cem
1976 5362 2029 5415 in
2058 5376 2114 5415 se
2136 5402 2151 5425 ,
2191 5358 2285 5414 sed
2316 5357 2622 5429 tetnporales
2658 5363 2779 5409 sunt
2804 5372 2823 5411 :
2861 5354 3048 5409 deinde
3078 5362 3191 5407 orta
3220 5351 3441 5406 tribula-

1842 5456 1999 5519 tione,
2032 5462 2080 5508 et
2110 5452 2466 5524 persecutione
2493 5457 2698 5520 prapter
2726 5448 2954 5515 verbum,
2988 5446 3261 5516 confestim
3290 5461 3442 5499 scan-

1842 5547 2158 5601 dalizantur.
2192 5542 2261 5597 Et
2289 5543 2385 5597 alii
2413 5549 2533 5596 sunt
2557 5583 2571 5609 ,
2603 5541 2695 5609 qui
2724 5541 2778 5595 in
2803 5540 2970 5610 spinis
2996 5538 3335 5594 seminantur.
3359 5535 3436 5592 Hi

1841 5645 1996 5704 sunt,
2029 5635 2118 5707 qui
2142 5633 2349 5691 verbum
2374 5631 2594 5688 audiunt
2619 5647 2637 5688 :
2660 5639 2710 5687 et
2735 5645 2981 5689 aerumna?
3007 5627 3184 5688 steouli
3207 5669 3221 5697 ,
3268 5635 3316 5684 et
3342 5626 3430 5685 de-
