4030 6202
266 172 369 234 ωε

900 170 1448 245 COMMENTARIUS
1480 175 1549 236 IN
1590 172 2050 245 EVANGBLIUM
2088 173 2238 245 εεε.
2283 179 2597 245 MARCUM.
2640 183 2793 267 CAP.
2835 184 2900 241 γ.

3448 189 3555 250 608

266 301 342 357 tus
363 295 413 347 et
442 304 583 351 utare
605 288 849 347 obedth
876 291 929 347 ei
952 292 977 346 2
1002 290 1207 363 Puppis
1234 292 1469 359 mortuis
1512 290 1746 361 pellibus
1776 289 1858 351 vi:
1883 291 1937 367 ᾼ
1961 291 2081 361 novi
2104 309 2285 365 rursus
2304 303 2446 353 trans
2467 296 2677 363 fretum.
2702 299 2938 367 conticuit
2960 301 3109 359 turba
3136 300 3301 359 multa
3320 302 3392 371 ad
3413 318 3556 369 eum,

263 397 359 439 vos
385 382 631 453 continet
650 422 664 450 ,
695 392 748 439 et
776 382 971 455 ﬂuctus
1000 393 1182 451 arcet,
1206 394 1263 439 et
1287 384 1429 454 ligno
1457 382 1726 440 solidatur
1750 422 1764 445 ,
1798 381 1850 447 id

265 484 369 540 est,
393 490 560 531 cruce
582 487 637 531 et
663 487 840 531 morte
881 477 1090 545 Domini
1109 518 1123 541 ν
1154 476 1400 541 Ecclesia
1433 477 1699 539 salvator.
1724 475 1854 543 Cer-

265 565 435 629 vical,
468 580 667 635 corpus
696 565 917 621 Domini
956 576 1039 622 est
1062 583 1076 619 :
1102 565 1191 621 cui
1218 566 1474 625 divinitas
1516 567 1658 621 sicut
1694 574 1854 636 caput

266 656 523 717 inclinata
553 666 658 713 est.
702 657 902 729 Puppis
924 698 940 727 ,
972 658 1185 713 initium
1221 659 1478 715 Ecclesia:
1508 665 1632 715 est:
1667 659 1719 711 in
1750 671 1853 731 qua

266 747 523 825 Dominus
564 748 768 829 dormit
792 732 985 805 morte
1024 750 1337 825 corporali:
1387 750 1523 817 Quia
1562 764 1854 826 numquam

265 837 534 917 dormiet,
563 841 653 913 qui
678 841 919 915 custodit
946 841 1133 911 Israel.
1170 842 1549 917 Comminatur
1588 850 1754 913 yeuto
1802 847 1857 917 et

262 930 420 996 mari,
453 942 508 986 ut
539 941 737 1007 taceat,
772 931 838 989 de
864 946 971 1003 quo
997 932 1235 1009 dicitur;
1268 932 1347 997 Tu
1374 932 1675 999 dominaris
1704 940 1859 1003 pote»

263 1024 389 1079 stati
431 1026 597 1079 maris
621 1066 637 1092 ,
670 1035 725 1098 et
754 1027 982 1096 reliqua.
1018 1024 1234 1103 Ventus
1264 1034 1320 1081 et
1351 1041 1538 1097 mare,
1578 1012 1856 1091 daemones

261 1127 319 1170 et
351 1128 730 1186 persecutores
778 1127 947 1179 sunt:
981 1118 1182 1189 quibus
1213 1110 1384 1197 dicit,
1430 1125 1587 1172 tace:
1637 1114 1855 1186 quando

263 1211 563 1279 compescit
604 1209 782 1265 edicta
830 1224 1017 1281 regum
1069 1208 1419 1285 iniquorum,
1467 1217 1526 1275 ut
1577 1206 1851 1262 voluerit:

261 1305 386 1371 quia
420 1317 526 1371 non
559 1313 640 1355 est
668 1288 922 1367 hominis,
950 1311 1008 1369 ut
1031 1299 1229 1373 dirigat
1255 1313 1475 1371 gressus
1503 1314 1654 1377 suos.
1688 1298 1857 1373 Tran-

262 1391 503 1463 quillitas
531 1407 724 1462 magna
746 1432 761 1461 ,
792 1407 897 1462 pax
930 1391 1189 1447 Ecclesia:
1215 1402 1299 1465 est
1338 1400 1466 1467 post
1491 1406 1810 1473 pressuram
1839 1431 1854 1463 ,

261 1485 383 1552 sive
414 1482 649 1559 theoria,
680 1493 805 1553 post
829 1483 1096 1539 actualem
1130 1484 1318 1555 vitam.

889 1573 1117 1647 CAPUT
1158 1574 1224 1630 ν.

1956 392 2002 439 et
2025 396 2137 453 erat
2161 389 2298 453 circa
2332 405 2514 459 utare:
2543 400 2591 447 et
2618 392 2753 453 venit
2780 394 2987 469 quidam
3026 396 3090 450 de
3126 397 3552 466 archisynagogis

1958 477 2162 543 nomine
2182 476 2389 547 Iairus,
2420 490 2467 543 et
2497 482 2677 547 videns
2705 499 2844 549 eum,
2877 484 3096 553 procidit
3124 488 3191 547 ad
3219 488 3372 558 pedes
3396 491 3510 561 ejus
3533 526 3551 555 ,

1955 575 2001 623 et
2027 568 2403 651 deprecubtuur
2445 587 2562 639 eum
2606 574 2856 643 multum,
2905 576 3081 637 dicens
3110 592 3127 630 :
3157 576 3419 643 Quoniam
3440 579 3554 647 ﬁlia

1957 674 2071 717 mea
2098 661 2152 715 in
2180 663 2424 729 extremis
2466 674 2564 733 est,
2588 667 2733 732 veni,
2763 667 2970 736 impone
3013 684 3198 731 manus
3222 684 3381 736 super
3409 685 3519 737 eam
3536 713 3552 738 ,

1958 764 2013 823 ut
2034 753 2180 821 salva
2203 755 2294 820 sit,
2325 764 2376 823 et
2402 756 2556 821 vivat.
2592 756 2659 811 Et
2688 757 2815 819 obiit
2848 774 2966 823 cum
2994 758 3091 825 illo
3118 804 3133 828 ,
3170 768 3221 824 et
3247 760 3554 830 sequebatur

1957 858 2074 913 eum
2102 851 2251 919 turba
2277 845 2446 915 multa
2468 864 2489 903 :
2532 858 2581 909 et
2625 850 3033 918 contprimebqut
3074 867 3208 917 eum.
3237 852 3309 915 Et
3347 853 3551 921 mulier,

1958 955 2074 1007 qua:
2114 951 2221 995 erat
2276 942 2330 1003 in
2369 943 2625 1012 profluvio
2666 944 2936 1015 sanguinis
2974 946 3124 1009 annis
3170 947 3475 1013 duodecim.
3507 956 3559 1011 et

1960 1031 2131 1099 fuerat
2157 1032 2320 1087 multa
2350 1049 2591 1101 perpessa
2610 1051 2644 1088 a
2665 1037 3018 1104 compluribus
3040 1039 3270 1102 medicis,
3304 1050 3353 1094 et
3372 1055 3558 1110 erogoo

1958 1129 2103 1189 verat
2133 1123 2308 1181 omnia
2328 1139 2457 1187 sua,
2490 1140 2586 1179 nec
2605 1127 2892 1195 quidquam
2922 1134 3245 1198 profecerat,
3277 1132 3367 1199 sed
3392 1130 3553 1199 magis

1958 1212 2182 1279 deliri”
2211 1212 2428 1275 habebat
2451 1231 2470 1270 :
2496 1232 2612 1270 cum
2639 1220 2869 1279 audisset
2891 1222 2955 1281 de
2978 1220 3123 1275 Iesu.
3154 1222 3344 1293 Legio,
3370 1222 3424 1277 id
3448 1231 3555 1289 est,

1960 1303 2147 1367 decem
2176 1305 2373 1371 millia,
2406 1321 2528 1377 quae
2555 1308 2761 1365 cadunt
2787 1310 2854 1365 ad
2883 1311 3174 1373 dexteram
3205 1314 3403 1379 Patris,
3433 1328 3553 1383 qua:

1962 1405 2047 1459 est
2077 1395 2475 1461 Cliristus.ﬁui
2500 1399 2775 1459 daemonio
2799 1415 2929 1471 grex
2965 1418 3254 1471 porcorum
3281 1405 3549 1461 creditur:

1960 1490 2046 1543 cui
2079 1487 2215 1549 nihil
2241 1497 2325 1555 est
2346 1490 2503 1560 utile,
2534 1491 2636 1547 nisi
2667 1500 2725 1547 ut
2743 1492 2905 1559 simul
2929 1494 2983 1557 in
3010 1494 3245 1566 abysso,
3272 1496 3323 1549 id
3344 1504 3428 1550 est
3447 1536 3463 1560 ,
3496 1495 3553 1550 in

1961 1579 2198 1647 interno,
2226 1582 2348 1649 sine
2376 1592 2625 1651 respectu
2656 1584 3051 1647 misericordiae
3089 1584 3387 1651 sntiocetur
3411 1626 3427 1651 ,
3456 1600 3554 1655 per

334 1664 402 1720 Et
433 1676 678 1720 venerunt
702 1675 849 1737 trans
872 1666 1061 1735 fretum
1088 1668 1246 1719 maris
1276 1666 1330 1719 in
1351 1666 1613 1736 regionem
1638 1663 1859 1721 Gerase-
1890 1668 1938 1741 Β
1966 1673 2227 1743 impetum
2250 1677 2551 1739 immatura;
2584 1680 2773 1734 monis
2799 1695 2815 1737 ε
2843 1694 2873 1745 ε
2904 1679 3102 1750 quibus
3127 1679 3340 1750 [μείνω
3374 1680 3555 1748 mum,

258 1775 470 1812 norum.
501 1757 569 1811 Et
594 1762 798 1811 exeunti
830 1759 875 1831 ei
906 1759 968 1812 de
996 1759 1139 1824 navi,
1169 1758 1344 1825 statim
1379 1758 1601 1810 occurrit
1640 1758 1702 1811 de
1744 1775 1856 1811 mo-

257 1851 523 1904 numentis
540 1849 694 1904 homo
715 1852 767 1903 in
783 1851 968 1923 spiritu
991 1850 1276 1921 immundo,
1299 1851 1387 1920 qui
1413 1849 1735 1907 domicilium
1763 1850 1857 1920 Ita-

257 1940 409 1993 bebat
440 1944 491 1995 in
522 1942 880 2012 monumentis.
909 1939 978 1997 Et
1008 1958 1167 2011 neque
1206 1942 1400 1996 catenis
1429 1945 1547 2015 jam
1587 1941 1855 2013 quisquam

255 2042 459 2101 poterat
487 2050 601 2103 cupi
629 2034 793 2105 ligare
816 2050 832 2087 :
854 2034 1097 2105 quoniam
1122 2050 1259 2109 sirpe
1288 2034 1616 2103 compedibus
1645 2043 1693 2088 et
1722 2044 1857 2087 cate—

256 2127 337 2179 nis
368 2126 594 2199 vinctus,
628 2110 936 2201 disrupisset
967 2137 1173 2201 catenas
1194 2168 1207 2191 ,
1238 2135 1283 2182 et
1329 2126 1596 2198 compedes
1644 2127 1857 2201 commi-

257 2218 478 2282 nuisset,
510 2226 557 2287 et
582 2234 733 2291 nemo
756 2230 954 2292 pateret
975 2236 1092 2287 eum
1112 2219 1345 2293 domare.
1376 2218 1439 2272 Et
1469 2234 1669 2293 semper
1692 2219 1774 2291 die
1796 2234 1856 2289 ac

255 2320 407 2375 nocte
433 2310 489 2383 in
521 2310 883 2377 monumentis,
908 2321 958 2365 et
986 2311 1038 2363 in
1067 2312 1328 2369 montibus
1368 2320 1477 2365 erat
1518 2308 1747 2381 clamans
1768 2349 1782 2376 ,
1806 2317 1856 2387 et

254 2404 532 2459 concidens
574 2420 627 2457 se
655 2403 936 2476 lapidibus.
980 2401 1171 2458 Videns
1218 2412 1391 2457 autem
1417 2401 1601 2469 Iesum
1623 2420 1653 2456 a
1680 2403 1853 2483 longe,

252 2497 485 2548 cucurrit
510 2506 556 2549 et
580 2495 815 2565 adoravit
842 2512 980 2561 eum,
1004 2504 1051 2547 et
1074 2496 1307 2563 clamans
1327 2510 1448 2548 voce
1467 2510 1655 2565 magna
1683 2493 1810 2559 dixit
1836 2509 1855 2567 ς

258 2585 406 2650 Quid
438 2586 563 2649 milii
590 2596 637 2641 et
668 2588 779 2655 tibi,
806 2584 954 2657 Iesu,
984 2584 1030 2653 Γ
1034 2586 1092 2640 ili
1126 2586 1221 2639 Dei
1252 2586 1537 2657 altissimi?
1564 2584 1765 2655 Adjuro
1806 2595 1854 2641 te

253 2693 353 2749 per
376 2675 565 2751 Deum,
588 2696 650 2733 ne
678 2697 756 2733 me
774 2688 1043 2749 torqueas:
1072 2676 1288 2732 Dicebat
1308 2679 1441 2733 enim
1465 2678 1575 2749 illi:
1606 2675 1728 2742 Exi,
1747 2677 1854 2749 spi-

252 2770 396 2822 ritus
420 2769 704 2837 immunde,
728 2770 789 2823 ab
811 2768 1037 2824 homine.
1058 2769 1123 2823 Et
1150 2769 1504 2847 interrogabat
1529 2784 1671 2831 eum:
1702 2770 1854 2836 Quod

253 2863 350 2915 tibi
382 2880 564 2931 nomen
596 2874 666 2917 est
690 2866 713 2916 Σ)
736 2864 896 2919 Sexta
925 2865 1128 2917 virtute
1163 2872 1389 2927 sanatur
1414 2904 1427 2928 ,
1459 2864 1549 2933 qui
1577 2862 1629 2916 in
1661 2878 1854 2916 monu-

252 2958 457 3019 mentis
508 2955 845 3010 domicilium
891 2954 1164 3009 habebat:
1210 2969 1310 3008 nec
1355 2955 1566 3010 catenis
1619 2954 1851 3022 ligatus,

1960 1769 2050 1836 qui
2080 1769 2373 1836 pascebant
2403 1785 2518 1829 eos.
2548 1770 2852 1841 Flagellato
2878 1773 3081 1833 etenim
3114 1772 3301 1839 stulto,
3330 1772 3550 1838 sapiens

1959 1858 2280 1927 prudentior
2309 1857 2389 1913 lit.
2422 1858 2493 1913 Et
2522 1870 2715 1929 rogant
2756 1860 2942 1917 Iesum
2966 1903 2981 1928 ,
3006 1871 3065 1923 ut
3092 1872 3252 1919 exeat
3279 1877 3309 1918 a
3354 1861 3553 1932 ﬁnibus

1960 1964 2184 2009 eorum:
2216 1957 2276 2005 ut
2297 1948 2375 2004 ait
2399 1949 2621 2005 Petrus:
2652 1950 2750 2005 Exi
2777 1966 2805 2005 a
2831 1966 2919 2007 me
2939 1990 2955 2018 ,
2994 1952 3222 2015 Domine
3250 1993 3265 2018 ,
3293 1951 3549 2021 quoniam

1961 2042 2271 2099 inmundus
2310 2056 2432 2103 sum
2472 2060 2487 2096 :
2528 2042 2606 2098 Ne
2636 2052 2859 2115 tangant
2904 2058 3085 2101 arcam
3132 2044 3226 2099 Dei
3260 2084 3275 2111 ,
3328 2054 3385 2105 ut
3418 2044 3550 2111 Oza,

1962 2136 2137 2191 llomo
2163 2145 2389 2203 sanatus
2416 2135 2649 2193 mittitur
2672 2137 2725 2197 in
2755 2137 2973 2197 domum
3004 2152 3181 2202 suam,
3214 2145 3270 2199 et
3294 2137 3558 2207 praedicat

1961 2229 2013 2283 in
2039 2226 2296 2294 Decapoli
2321 2242 2336 2283 :
2366 2227 2493 2285 dum
2521 2243 2552 2281 a
2580 2227 2824 2297 Romano
2847 2244 2992 2286 nunc
3010 2243 3205 2298 regno.
3225 2227 3400 2293 Judaei
3420 2244 3554 2285 con-

1959 2330 2268 2389 vertuntur,
2303 2324 2391 2391 qui
2424 2325 2478 2378 in
2511 2324 2694 2383 littera
2737 2334 2945 2381 tantum
2996 2325 3236 2394 pendent
3280 2324 3548 2396 decalogi.

1960 2416 2090 2471 Post
2112 2416 2228 2470 [nec
2254 2416 2405 2472 venit
2432 2416 2613 2473 Iairus
2644 2418 3131 2490 archisynagogus,
3160 2420 3285 2487 quia
3313 2434 3435 2475 cum
3466 2420 3552 2477 in-

1961 2508 2183 2562 traverit
2215 2507 2498 2577 plenitudo
2521 2511 2763 2579 gentium
2783 2550 2800 2577 ,
2828 2520 2958 2565 tunc
2980 2511 3155 2564 omnis
3181 2510 3346 2566 Israel
3368 2511 3551 2566 salvus

1960 2599 2071 2654 (iet.
2105 2599 2307 2665 Iairus,
2341 2602 2456 2655 sive
2484 2602 2811 2666 illuminans,
2842 2602 2956 2661 sive
2988 2603 3309 2656 illuminatus
3329 2644 3344 2669 ,
3376 2603 3548 2657 inter-

1959 2702 2220 2762 pretatur,
2252 2692 2304 2751 id
2331 2701 2434 2760 est,
2456 2693 2712 2749 Iudaicus
2738 2695 2971 2763 populus
3009 2695 3196 2757 umbra
3228 2696 3423 2757 littera:
3454 2694 3550 2765 dc-

1959 2785 2157 2854 posita,
2189 2786 2381 2852 spiritu
2426 2783 2735 2849 illustratus
2766 2794 2820 2840 et
2852 2785 3225 2853 illuminatus:
3260 2786 3549 2853 procidcns

1958 2877 2025 2941 ad
2056 2875 2223 2945 pedes
2256 2876 2454 2943 Verbi,
2489 2877 2546 2941 id
2591 2885 2675 2939 est
2700 2923 2713 2946 ,
2756 2877 2826 2935 ad
2868 2878 3298 2935 incarnationem
3326 2877 3455 2933 Iesu
3486 2892 3549 2941 κθ

1961 2970 2271 3035 humilians,
2300 2981 2454 3039 rogat
2482 2987 2581 3041 pro
2608 2973 2737 3027 tilia.
2762 2974 2864 3040 Qui
2895 2973 2998 3029 sibi
3024 2972 3179 3039 sivit,
3203 2974 3340 3033 alios
3365 2975 3546 3035 vivere

252 3061 360 3101 nec
378 3048 765 3117 compedibus.
791 3046 964 3100 Nemo
988 3047 1134 3098 enim
1173 3045 1395 3111 domare
1446 3060 1568 3099 eum
1616 3053 1849 3117 poterat.
1877 3040 1924 3115 (ζ
1959 3061 2107 3118 [πει.
2158 3061 2431 3123 Abraham
2480 3074 2536 3120 θι
2581 3065 2796 3135 Moyses
2847 3073 2901 3121 οι
2944 3064 3163 3125 Samuel
3212 3076 3406 3133 togam
3446 3080 3547 3133 pro

248 3142 310 3195 In
349 3142 627 3195 montibus
652 3151 699 3195 et
735 3142 785 3209 in
817 3139 1186 3193 monumentis
1211 3147 1328 3213 erat
1357 3138 1623 3209 clamans,
1649 3146 1704 3192 et
1725 3152 1853 3191 con-

246 3236 446 3295 cidens
473 3251 532 3297 se
559 3234 852 3307 lapidibus.
876 3233 975 3287 llic
1003 3243 1083 3286 est
1107 3231 1585 3300 desperatissimus
1611 3230 1850 3303 gentium

247 3328 520 3403 populus,
550 3343 709 3396 quem
740 3336 1020 3382 enumerat
1044 3324 1364 3393 Apostolus:
1398 3323 1699 3393 Superbus,
1735 3324 1848 3378 cla-

246 3408 347 3475 tus
368 3458 381 3482 ,
426 3419 739 3487 immundus
759 3462 773 3489 ,
806 3416 1184 3488 sanguinarius
1206 3458 1221 3483 ,
1256 3416 1539 3483 idololatru
1566 3457 1580 3482 ,
1623 3416 1849 3487 ignomi-

244 3512 485 3575 niosus,
518 3526 624 3564 nec
652 3514 704 3564 in
738 3512 857 3581 lege
899 3520 1141 3585 natum,
1187 3524 1289 3565 nec
1322 3509 1445 3576 Dei,
1476 3524 1581 3583 nec
1616 3509 1851 3573 humano

246 3604 452 3659 timore
476 3604 757 3677 alligatus.
1430 3590 1433 3595 ’

326 3698 397 3755 Et
420 3699 544 3765 dicit
570 3699 646 3751 ei:
670 3696 825 3767 Legio
846 3695 974 3767 milii
1002 3711 1188 3751 nomen
1211 3704 1305 3762 est,
1330 3696 1452 3767 quia
1472 3695 1622 3749 multi
1647 3711 1847 3759 sumus.

244 3788 322 3844 Et
353 3789 727 3858 deprecabatur
751 3805 863 3859 eum
892 3788 1133 3854 multum,
1159 3803 1221 3841 ne
1241 3803 1293 3840 se
1314 3787 1585 3858 expelleret
1608 3798 1751 3842 extra
1772 3802 1851 3840 re-

244 3884 485 3954 gionem.
523 3880 652 3934 Erat
690 3890 860 3939 autem
890 3880 956 3933 ibi
979 3880 1115 3932 circa
1167 3886 1391 3932 montem
1418 3894 1541 3948 grex
1581 3893 1849 3946 porcorum

246 3991 475 4044 magnus
501 3990 731 4042 pascens.
760 3971 824 4025 Et
848 3972 1263 4043 deprecabantur
1283 3986 1400 4023 eum
1416 3970 1645 4033 spiritus,
1679 3968 1852 4022 dicen-

245 4076 330 4121 tes
354 4082 371 4117 :
400 4065 547 4133 Mitte
570 4082 661 4119 nos
689 4066 741 4116 in
770 4079 972 4129 porcos,
996 4071 1051 4115 ut
1080 4062 1133 4114 in
1154 4077 1238 4115 eos
1267 4062 1603 4127 introeamus.
1630 4059 1698 4114 Et
1725 4076 1850 4113 con-

244 4157 405 4212 cessit
433 4156 505 4211 eis
533 4157 705 4208 statim
734 4152 909 4209 Iesus.
944 4151 1009 4209 Et
1037 4159 1277 4207 exeuntes
1307 4151 1516 4223 spiritus
1551 4150 1808 4203 immundi
1831 4192 1847 4217 ,

244 4251 566 4303 introierunt
596 4251 647 4301 in
678 4264 882 4320 porcos,
919 4256 966 4300 et
993 4261 1182 4318 magno
1226 4246 1419 4317 impetu
1459 4260 1585 4314 grex
1612 4244 1852 4314 ρι’ωεὶρί-

242 4352 393 4397 tatus
419 4352 493 4395 est
523 4343 575 4395 in
616 4358 756 4399 mare
798 4341 866 4394 ad
899 4343 1002 4405 duo
1037 4338 1235 4407 millia,
1279 4348 1327 4393 et
1355 4335 1593 4405 suﬂ'ocati
1636 4347 1754 4390 sunt
1796 4338 1847 4390 in

1960 3155 2112 3223 plebe
2136 3166 2345 3217 mortua
2370 3199 2385 3223 ,
2412 3166 2470 3212 et
2506 3158 2757 3227 sequitur
2783 3156 2942 3215 Iesus
2966 3172 3161 3225 preces
3200 3171 3414 3218 eorum.
3448 3157 3548 3214 Se-

1959 3250 2121 3316 ptima
2151 3249 2350 3306 virtute
2369 3250 2664 3307 suscitatur
2686 3260 2923 3311 mortua.
2949 3249 3058 3306 Sed
3087 3250 3227 3305 inter
3254 3249 3395 3325 viam
3429 3259 3547 3307 Ian-

1953 3342 2028 3411 git
2058 3340 2325 3401 ﬁmbriam
2365 3349 2513 3399 retro
2543 3342 2744 3399 mulier
2782 3340 3133 3409 sanguinaria
3165 3354 3324 3409 τίμια)
3356 3340 3545 3408 proni.

1953 3445 2132 3504 gatam
2163 3449 2288 3489 cun;
2324 3435 2499 3489 salute
2542 3433 2778 3502 perdidit
2828 3435 2881 3491 in
2910 3433 3154 3491 medicos
3199 3432 3332 3489 nihil
3375 3434 3545 3501 proli-

1955 3526 2183 3589 cientes,
2232 3524 2616 3583 substantiam.
2665 3522 2914 3591 Septimo
2959 3524 3048 3579 die
3094 3522 3364 3593 requievit
3405 3523 3548 3587 Deus

1953 3617 2020 3671 ab
2043 3616 2297 3675 omnibus
2321 3614 2583 3683 operibus
2608 3616 2739 3671 suis.
2766 3615 2994 3682 Quando
3012 3617 3306 3671 suscitatur
3334 3625 3546 3671 mortua

1956 3707 2120 3779 intus,
2153 3716 2207 3760 et
2230 3705 2489 3767 semiviva
2513 3720 2637 3762 cum
2671 3708 2868 3763 turbis.
2895 3707 3100 3763 Fluxus
3129 3706 3409 3775 sanguinis
3437 3716 3550 3762 stc-

1953 3796 2212 3852 rilitatem
2236 3795 2367 3852 facit
2396 3813 2410 3851 :
2442 3796 2586 3857 unde
2608 3797 2807 3851 dicitur
2838 3797 2904 3852 ad
2934 3797 3232 3853 Ecclesiam
3263 3797 3542 3867 gentium:

1954 3888 2187 3957 Laetare,
2220 3888 2449 3951 sterilis,
2473 3904 2593 3957 quae
2626 3903 2731 3942 non
2763 3889 2930 3957 paris.

2032 3979 2186 4043 Venit
2217 3980 2271 4034 in
2311 3981 2462 4041 turba
2508 3990 2665 4045 retro,
2708 3988 2755 4034 et
2801 3981 2968 4049 tetigit
3006 3981 3365 4035 vestimentum
3412 3982 3548 4051 ejus.

1956 4069 2171 4125 Dicebat
2214 4072 2349 4125 enim
2376 4087 2392 4123 :
2424 4073 2549 4141 quia
2578 4072 2621 4124 si
2652 4071 2730 4124 vel
2761 4071 3113 4125 vestimentum
3152 4072 3265 4140 ejus
3300 4068 3545 4138 tetigero,

1954 4164 2100 4218 salva
2123 4179 2226 4217 ero.
2252 4161 2323 4216 Et
2344 4161 2616 4233 confestim
2641 4163 2864 4216 siccatus
2885 4169 2957 4216 est
2983 4164 3100 4231 fons
3121 4158 3387 4231 sanguinis
3409 4160 3543 4228 ejus,

1914 4317 1921 4324 ο
1954 4263 2000 4308 et
2032 4256 2194 4311 sensit
2220 4272 2452 4327 corpore,
2474 4257 2597 4321 quia
2636 4266 2821 4311 sanata
2850 4266 2976 4311 esset
3004 4273 3035 4310 a
3065 4254 3244 4325 plaga.
3282 4253 3345 4307 Et
3374 4255 3547 4311 statim

1952 4346 2108 4411 Iesus
2128 4347 2185 4411 in
2208 4347 2483 4418 semetipso
2504 4363 2816 4418 cognoscens
2838 4349 3102 4412 uirtutem,
3129 4361 3245 4414 quae
3264 4346 3461 4399 exierat
3484 4345 3548 4399 de

245 4436 406 4488 mari.
438 4433 537 4500 Qui
564 4442 735 4501 autem
770 4431 1045 4504 pascebant
1074 4447 1159 4484 eos
1182 4471 1197 4496 ,
1235 4432 1477 4500 fugerunt
1508 4439 1554 4484 et
1583 4430 1849 4485 nuntiave-

1956 4410 2078 4504 illo,
2113 4410 2401 4501 conversus.
2436 4438 2504 4491 ad
2547 4410 2751 4497 turbam
2790 4439 2959 4494 aiebat
2982 4454 3001 4492 :
3035 4410 3161 4502 Quis
3207 4435 3369 4506 tetigit
3400 4436 3554 4488 vesti-

242 4535 372 4595 runt
400 4525 453 4583 in
480 4525 757 4587 civitatem,
800 4531 848 4577 et
882 4524 941 4589 ,in
969 4539 1143 4593 agros.
1182 4518 1246 4573 Et
1279 4520 1471 4592 egressi
1503 4530 1623 4575 sunt
1652 4522 1845 4587 videre,

245 4617 379 4687 quid
405 4626 535 4670 esset
567 4615 734 4683 facti:
765 4624 810 4667 ct
840 4614 1044 4667 veniunt
1072 4612 1139 4665 ad
1165 4610 1365 4685 Iesum,
1391 4622 1441 4665 et
1472 4612 1641 4666 vident
1672 4612 1845 4678 illum,

245 4708 338 4777 qui
377 4724 411 4761 a
438 4707 695 4763 dtemonio
724 4705 1022 4773 vexabatur,
1065 4703 1321 4757 sedentem
1362 4704 1599 4758 vestitum
1627 4714 1673 4758 et
1707 4720 1848 4757 same

244 4800 460 4865 mentis,
511 4807 559 4852 et
599 4799 909 4867 timuerunt.
946 4794 1014 4861 Et
1055 4804 1393 4861 narraverunt
1425 4794 1563 4862 illis,
1592 4795 1680 4867 qui
1710 4795 1847 4848 vide-

241 4900 364 4955 rant
390 4890 615 4963 qualiter
640 4890 836 4960 factum
865 4898 991 4951 esset
1013 4887 1081 4954 ei,
1106 4887 1197 4958 qui
1226 4886 1541 4959 daemonium
1569 4885 1841 4953 habuerat,

242 4983 311 5038 de
336 4983 528 5059 porcis.
557 4980 626 5055 Et
649 4998 835 5057 rogare
868 4990 1130 5056 Vcteperunt
1171 4995 1321 5047 eum,
1359 4986 1413 5031 ut
1454 4980 1738 5034 discederet
1784 4979 1847 5032 de

245 5074 440 5141 finibus
470 5088 665 5126 eorum.
696 5070 922 5143 Cumque
966 5070 1257 5125 ascenderet
1284 5070 1455 5123 navim
1474 5110 1489 5133 ,
1523 5071 1668 5142 coepit
1696 5068 1845 5123 illum

245 5165 541 5234 deprecari,
563 5165 649 5236 qui
679 5180 713 5217 a
746 5164 1001 5229 dwmonio
1022 5173 1234 5219 vexatus
1264 5162 1458 5232 fuerat,
1490 5171 1546 5214 ut
1576 5171 1701 5215 esset
1729 5179 1845 5214 cum

242 5257 365 5312 illo.
392 5258 549 5333 Iesus
580 5266 749 5311 autem
780 5274 880 5317 non
911 5256 1117 5319 admisit
1147 5272 1262 5308 eum
1284 5297 1297 5319 ,
1326 5255 1415 5307 sed
1447 5255 1519 5306 ait
1548 5254 1668 5306 illi:
1701 5252 1845 5307 Vade

246 5349 552 5421 inidomum
582 5358 724 5405 tuam
751 5350 820 5403 ad
845 5358 978 5427 tuos,
1011 5357 1057 5401 et
1101 5347 1354 5401 annuntio
1394 5347 1500 5400 illis
1528 5355 1719 5415 quanta
1750 5347 1843 5400 tibi

238 5439 507 5497 Dominus
530 5443 732 5512 fecerit,
765 5454 811 5499 et
840 5442 1079 5496 misertus
1105 5441 1169 5495 sit
1196 5441 1296 5495 tui.
1326 5439 1396 5493 Et
1428 5440 1585 5506 abiit,
1611 5448 1658 5494 et
1697 5443 1845 5510 carpit

236 5538 535 5607 praedicare
578 5539 634 5591 in
675 5537 941 5610 Decapoli,
974 5548 1168 5609 quanta
1212 5538 1309 5594 sibi
1333 5538 1533 5608 fecisset
1564 5535 1749 5605 Iesus,
1798 5546 1845 5590 et

232 5643 422 5701 omnes
480 5630 832 5687 mirabantur.
880 5629 949 5686 Et
999 5647 1115 5684 cum
1157 5630 1553 5697 transcendisset
1590 5628 1744 5687 Iesus
1790 5630 1844 5685 in

1953 4539 2127 4585 menta
2176 4531 2344 4583 utea?
2400 4529 2464 4583 Et
2526 4529 2764 4595 dicebant
2808 4533 2857 4583 ei
2910 4528 3155 4600 discipuli
3209 4527 3337 4580 sui:
3396 4525 3547 4580 Vides

1948 4623 2149 4678 turbam
2171 4623 2589 4691 comprimentem
2610 4632 2658 4677 te
2674 4664 2689 4690 ,
2722 4632 2770 4676 et
2795 4622 2927 4677 dicis
2948 4661 2963 4687 ,
2993 4622 3106 4691 quis
3132 4636 3211 4674 me
3237 4619 3445 4689 tetigit?
3469 4618 3538 4675 Et

1950 4714 2391 4783 circumspiciebat
2432 4714 2603 4767 videre
2632 4729 2780 4780 eam,
2812 4710 3057 4783 qute'hoc
3088 4711 3303 4780 fecerat.
3347 4709 3538 4767 Mulier

1951 4820 2070 4869 raro
2100 4805 2281 4859 timens
2307 4842 2323 4868 ,
2355 4812 2403 4856 et
2426 4812 2651 4866 tremens
2672 4845 2688 4869 ,
2731 4804 2894 4858 sciens
2934 4802 3072 4873 quod
3104 4802 3305 4870 factum
3335 4810 3463 4857 esset
3489 4801 3546 4855 in

1953 4909 2037 4959 se,
2067 4897 2201 4947 venit
2222 4902 2269 4947 et
2294 4892 2515 4964 procidit
2543 4904 2666 4948 ante
2692 4910 2808 4959 eum
2833 4935 2847 4959 ,
2878 4904 2923 4947 et
2957 4891 3089 4946 dixit
3110 4891 3157 4951 si
3180 4907 3381 4947 onmem
3408 4892 3546 4946 veri-

1954 4992 2127 5055 tatem.
2159 4982 2262 5037 Itle
2281 4995 2453 5040 autem
2493 4984 2625 5039 dixit
2666 4984 2709 5037 ei
2734 5000 2753 5037 :
2786 4982 2954 5051 Filia,
2977 4982 3108 5052 ﬁdes
3146 4993 3237 5037 tua
3260 4993 3311 5039 te
3349 4983 3544 5039 salvam

1952 5078 2073 5146 fecit
2100 5120 2114 5145 ,
2154 5076 2280 5129 vade
2318 5076 2374 5128 in
2403 5090 2527 5146 pace
2548 5091 2567 5130 :
2596 5084 2644 5129 et
2676 5085 2780 5133 esto
2803 5091 2931 5129 sana
2962 5092 2995 5128 a
3022 5076 3181 5148 plaga
3212 5085 3322 5145 tua.
3357 5075 3541 5130 Adhuc

1952 5183 2011 5222 eo
2038 5168 2275 5239 loquente
2296 5168 2501 5220 veniunt
2528 5166 2594 5219 ad
2617 5166 3109 5239 arcltisgnagogum,
3133 5168 3358 5223 dicentes
3382 5182 3400 5219 :
3420 5166 3543 5235 quia

1950 5260 2065 5335 ﬁlia
2110 5267 2200 5313 tua
2246 5268 2451 5331 mortua
2493 5268 2599 5324 est,
2651 5258 2779 5328 quid
2822 5258 2959 5321 ultra
2996 5275 3153 5315 vexas
3185 5256 3543 5328 magistrum?

1950 5351 2102 5406 Iesus
2133 5361 2301 5405 autem
2337 5352 2517 5411 audito
2558 5354 2705 5406 verbo
2727 5392 2741 5418 ,
2771 5350 2906 5421 quod
2936 5351 3236 5417 dicebatur,
3270 5350 3339 5401 ait
3369 5348 3543 5401 archi-

1946 5446 2208 5518 synagogo
2240 5460 2259 5497 :
2288 5441 2418 5497 Noli
2463 5444 2639 5499 timere
2663 5485 2678 5509 ,
2713 5445 3071 5497 tantummodo
3108 5442 3280 5497 crede.
3317 5440 3383 5495 Et
3434 5457 3539 5494 non

1948 5538 2151 5593 admisit
2172 5552 2476 5608 quemquam
2502 5553 2555 5590 se
2584 5538 2755 5603 sequi,
2788 5536 2889 5590 nisi
2919 5534 3154 5599 Petrum,
3183 5544 3232 5588 et
3255 5532 3532 5602 Iacobum,

1944 5638 1996 5707 et
2033 5630 2291 5687 Joannem
2317 5630 2531 5704 fratrem
2553 5628 2760 5688 Jacobi.
2790 5627 2859 5685 Et
2886 5628 3098 5685 veniunt
3122 5628 3181 5685 in
3203 5627 3417 5684 domum
3448 5642 3538 5682 ar-
