4056 6414
413 315 517 374 607
1459 298 1518 355 S.
1562 288 1947 354 HIERONYMI
1983 283 2268 348 OPERUM
2306 280 2675 344 MAN'I'ISSA.
3138 289 3145 295 '
3321 356 3325 360 λ
3599 267 3780 348 [608

412 432 750 507 ehisgnagogi
783 445 801 489 :
830 436 879 486 et
915 427 1043 483 vidit
1088 421 1365 478 tumultum
1387 456 1403 483 ,
1452 424 1499 470 et
1539 418 1718 486 ﬂentes
1744 453 1760 481 ,
1800 421 1849 467 et
1897 412 2013 482 eju-
2043 409 2098 472 Α
2122 408 2283 464 datur
2308 407 2389 462 eis
2417 410 2662 475 potestas
2704 404 2975 472 prmeepta
3020 392 3286 452 docendi:
3319 399 3381 451 ut
3424 392 3774 452 comitetur

901 528 948 575 et
979 520 1239 587 ingressus
1270 512 1344 565 ait
1381 509 1489 565 illis
1514 484 1701 575 {Quid
1733 502 2012 558 turbamini
2117 500 2346 555 verbum
2369 496 2531 553 simul
2558 504 2613 553 et
2640 495 2840 551 factum
2880 510 2891 547 :
2920 499 2978 548 et
3003 505 3127 546 cum
3154 486 3442 557 promissis
3468 484 3771 543 invisibi-

413 578 934 691 el'pleratistpuelta
958 578 1061 662 non
1089 608 1167 661 est
1194 609 1420 666 mortua,
1449 599 1537 655 sed
1566 593 1869 652 dormit.Et
1895 592 2018 647 irri-
2118 590 2293 656 libus,
2335 588 2576 644 visibiles
2616 586 2844 642 virtutes
2889 583 3130 639 micent:
3161 587 3217 635 et
3265 594 3390 635 cum
3440 578 3770 671 ungeba‘rlt

417 673 608 765 debent
634 673 770 760 eum:
800 699 925 771 Ipse
950 713 1071 752 vero
1092 695 1267 766 ejectis
1298 690 1553 756 omnibus,
1581 686 1798 743 assumit
1819 694 2017 756 patrem
2118 683 2243 740 oleo
2269 696 2467 752 aegros,
2497 681 2873 736 inﬁrmitatem
2894 676 3023 733 ﬁdei
3042 674 3246 732 virtute
3267 673 3679 731 corroborant.
3702 683 3743 740 ιη

422 810 473 856 ϐε
513 806 732 853 male
769 791 985 865 Ραείίων
1023 796 1070 844 εί
1095 790 1184 856 συί
1213 800 1383 841 “cum
1413 788 1560 836 εναηί
1586 796 1604 835 ³
1635 787 1683 834 ⁸⁸
1712 776 2020 848 inmedium
2192 794 2261 850 Et
2296 795 2491 851 audivit
2518 810 2611 850 rex
2639 792 2878 849 Herodes
2924 789 3306 861 (manifestum
3352 789 3490 843 enim
3527 788 3763 856 factum

421 899 508 945 ίαν
545 887 633 943 υθέ
660 882 836 956 lmen“
859 884 1169 955 ενατῖαοθηδ
1201 919 1217 944 ν
1260 885 1308 930 εί
1337 881 1512 931 ⁸⁸⁸³⁸⁷⁸³
1543 886 1755 927 manu“
1784 869 1973 943 Puella?
2000 906 2018 935 ο
2123 898 2199 947 est
2237 906 2423 945 nomen
2458 890 2574 960 ejus
2600 888 2621 958 )
2661 896 2708 943 et
2752 886 2955 942 dicebat
2988 901 3008 939 :
3039 883 3177 949 Quia
3219 881 3454 937 Joannes
3482 878 3765 953 Baptista

426 984 502 1039 ait
526 981 609 1036 illi
635 996 651 1034 :
683 976 891 1033 Talitha
914 975 1073 1040 cumi,
1105 970 1244 1043 quod
1270 977 1346 1024 est
1373 968 1792 1039 interpretatum,
1820 962 2019 1033 puella,
2122 982 2406 1038 τααηεωεε
2448 997 2481 1035 α
2524 979 2745 1033 mortuis
2769 994 2787 1032 ε
2813 985 2862 1031 ει
2899 983 3174 1048 propter“
3202 973 3417 1027 "mum
3446 979 3766 1044 operantur

424 1076 517 1130 tibi
546 1074 690 1137 dico,
720 1085 896 1140 surge.
943 1066 1014 1121 Et
1045 1062 1317 1135 confestim
1355 1060 1577 1117 surrexit
1604 1057 1810 1130 puella,
1837 1064 1886 1111 et
1914 1070 2024 1108 am-

2161 1094 2179 1130 t
2201 1075 2316 1130 illo.
2348 1074 2452 1129 Alii
2482 1083 2657 1127 autem
2682 1070 2955 1135 dicebant,
2996 1067 3118 1139 quia
3159 1064 3307 1120 Elius
3337 1074 3411 1119 est
3441 1080 3460 1120 :
3490 1064 3585 1119 alii
3615 1077 3763 1118 vero

428 1164 658 1221 bulabat.
684 1159 813 1214 Erat
840 1167 1011 1214 autem
1034 1171 1293 1211 annorum
1323 1151 1597 1207 duodecim
1617 1189 1632 1217 ,
1670 1149 1717 1202 'et
1748 1148 2027 1217 obstupue-
2129 1167 2370 1221 dicebam
2398 1181 2416 1220 ε
2448 1164 2586 1232 Quid
2616 1162 2871 1235 pmphem
2899 1168 2973 1215 εει
2993 1201 3011 1231 ν
3056 1159 3207 1230 quas;
3241 1173 3377 1212 ηηω
3404 1173 3471 1212 επ
3508 1156 3762 1228 prop/,8-

428 1264 550 1311 runt
579 1263 786 1325 stupore
813 1264 1025 1321 magno.
1058 1245 1127 1301 Et
1159 1246 1401 1317 prazcepit
1428 1242 1533 1297 illis
1558 1240 1879 1295 vehementer
1905 1276 1923 1303 ,
1968 1243 2027 1291 ut
2133 1260 2218 1315 ιε’.
2249 1259 2553 1315 Lucernam
2581 1256 2682 1311 sub
2703 1253 2886 1311 modio
2911 1250 3175 1310 abscondi
3206 1250 3286 1307 [as
3316 1265 3422 1306 non
3455 1261 3561 1307 est.

431 1365 581 1405 nemo
615 1346 671 1401 id
699 1346 852 1401 sciret
885 1358 902 1398 :
932 1350 981 1396 et
1019 1341 1153 1395 dixit
1179 1339 1295 1393 dari
1338 1337 1419 1391 illi
1448 1334 1781 1389 manducare.
1824 1330 1884 1386 Id
1909 1336 2025 1397 est,
2206 1352 2323 1421 Quo
2344 1351 2523 1405 audito
2550 1348 2811 1417 nam“,
2837 1346 2910 1400 ait
2933 1361 2952 1400 ε
2977 1344 3145 1413 Quem
3172 1359 3265 1415 ego
3287 1341 3541 1398 demum”.
3562 1340 3757 1395 λυπη-

433 1448 560 1513 post
579 1437 1057 1496 resurrectionem.
1089 1429 1392 1487 Fimbriam
1424 1426 1632 1497 tangit,
1681 1437 1747 1479 ac
1789 1424 1835 1478 si
1874 1436 2029 1492 cym-

2152 1461 2251 1499 tem
2276 1486 2291 1513 ,
2327 1443 2408 1497 hic
2451 1458 2483 1495 a
2519 1440 2735 1495 mortuis
2774 1437 3077 1493 resurrexit.
3129 1434 3255 1505 Ipse
3305 1435 3440 1489 enim
3490 1432 3754 1488 Herodes

437 1532 564 1588 bal“
592 1540 648 1588 θι
675 1529 813 1585 mala
836 1526 1031 1598 Punica
1064 1567 1078 1593 ν
1121 1536 1241 1594 qui“
1270 1518 1510 1591 Penda“
1528 1516 1599 1573 de
1627 1514 1890 1570 “tremis
1919 1510 2031 1567 (πίε
2135 1510 2362 1590 misitvac
2393 1534 2555 1589 tenttit
2578 1530 2841 1586 Joannem
2868 1570 2885 1594 ,
2929 1538 2978 1584 et
2999 1527 3166 1582 vinxit
3198 1542 3311 1580 eum
3338 1526 3391 1578 in
3420 1538 3689 1578 carcerem
3728 1566 3749 1591 ,

435 1630 635 1683 tunicas
665 1622 871 1681 summi
892 1618 1214 1677 sacerdotis.
1233 1612 1579 1687 Cymbalum,
1598 1608 2029 1666 confessionem:

2145 1633 2346 1696 prepter
2388 1624 2746 1679 Herodiadem
2808 1636 3025 1677 uxorem
3071 1617 3307 1689 Philippi
3359 1616 3539 1687 fratris
3596 1615 3682 1670 sui
3721 1628 3747 1668 :

438 1719 639 1776 malum
686 1715 974 1786 punicum,
1007 1708 1259 1782 martyrii
1284 1708 1621 1764 voluntatem
1645 1746 1660 1772 ,
1695 1710 1751 1760 et
1775 1701 2033 1755 virtutum

2148 1720 2261 1789 quia
2283 1718 2503 1772 duxerat
2528 1731 2661 1770 eam.
2688 1713 2903 1768 Dicebat
2924 1712 3059 1767 enim
3083 1708 3315 1783 Joannes
3345 1706 3543 1762 Herodi
3568 1722 3586 1760 :
3611 1704 3750 1760 Non

438 1811 733 1868 candorem
753 1851 768 1875 ,
800 1808 916 1863 sive
940 1805 1210 1860 unitatem
1247 1799 1530 1871 signiﬁcat.
1565 1796 1649 1851 Ad
1680 1794 1913 1865 puellam
1945 1791 2029 1845 di-

2176 1820 2251 1866 cet
2291 1810 2383 1865 tibi
2429 1809 2614 1863 ltabere
2652 1822 2867 1862 uxorem
2910 1804 3091 1877 fratris
3134 1804 3233 1860 tui.
3261 1801 3525 1857 Herodias
3563 1807 3778 1863 autem_

439 1903 586 1960 citur
614 1918 627 1954 :
652 1899 868 1956 Talitlta
896 1896 1064 1963 cumi,
1091 1894 1145 1949 id
1166 1900 1270 1960 est,
1295 1891 1490 1963 puella,
1515 1903 1688 1957 surge.
1708 1884 2036 1954 Archisyna-

2137 1902 2485 1959 insidiabatur
2507 1898 2590 1955 illi
2615 1941 2631 1969 ,
2667 1908 2715 1954 et
2734 1898 2937 1954 volebat
2960 1896 3193 1952 occidere
3221 1909 3368 1961 eum,
3402 1908 3495 1948 nec
3517 1900 3739 1964 poterat.

439 2005 584 2065 808°
640 1990 839 2046 diem"
872 2005 885 2041 ⁵
927 1986 1065 2041 Filia
1114 1992 1204 2039 “la
1252 1988 1467 2036 mortua
1508 1987 1610 2035 es"
1656 1976 1814 2031 Jesus
1852 1982 2037 2029 amem
2139 1994 2375 2051 Herodes
2404 1994 2540 2049 enim
2560 1990 2814 2047 metuebat
2838 1988 3128 2055 Joannem,
3157 1995 3205 2041 et
3228 1986 3394 2040 sciens
3425 2000 3545 2039 eum
3572 1984 3742 2038 virum

439 2086 574 2141 dixit
604 2103 615 2137 :
650 2082 769 2138 Non
812 2088 895 2136 est
926 2084 1167 2142 mortua,
1197 2072 1293 2130 sed
1322 2070 1547 2129 dormit.
1576 2067 1884 2138 Utrumque
1909 2074 1994 2120 est
2021 2079 2037 2123 ς

2132 2089 2355 2159 justum,
2389 2094 2435 2141 et
2465 2095 2724 2149 sanctum,
2756 2089 2805 2137 et
2836 2080 3154 2136 custodiebat
3180 2094 3295 2133 eum
3321 2093 3342 2133 :
3374 2086 3424 2133 et
3448 2076 3634 2131 audito
3655 2090 3734 2140 eo,

444 2184 658 2232 mortua
687 2181 774 2231 est
790 2171 944 2228 vobis
968 2213 983 2237 ,
1015 2168 1148 2223 mihi
1181 2166 1406 2221 dormit.
1439 2165 1717 2219 Annorum
1748 2157 2040 2214 duodecim

2135 2157 2307 2233 multa
2337 2178 2594 2250 faciebat,
2630 2185 2677 2231 et
2708 2175 2922 2231 libenter
2946 2189 3062 2229 eum
3087 2171 3350 2226 audiebat.
3388 2158 3458 2224 El
3487 2183 3607 2222 cum
3632 2166 3737 2221 dies

441 2275 560 2325 erat
580 2266 782 2338 puella,
806 2274 859 2320 et
889 2262 1046 2317 annis
1073 2257 1358 2315 duodecim
1381 2262 1500 2312 erat
1526 2252 1725 2309 mulier
1752 2262 2038 2320 perpessa.

2141 2280 2461 2344 Opportunus
2488 2269 2757 2323 accidisset
2784 2309 2800 2335 ,
2833 2264 3069 2322 Herodes
3096 2261 3292 2318 natalis
3321 2262 3403 2316 sui
3434 2276 3633 2316 scenam
3658 2259 3734 2329 fe-

443 2360 674 2416 Peccata
704 2372 814 2414 non
838 2354 1202 2422 credentium,
1235 2356 1501 2421 apparent
1522 2347 1576 2402 in
1597 2343 1752 2400 initio
1776 2342 1901 2436 ﬁdei
1921 2354 2043 2396 cre-
2142 2342 2217 2420 επ
2240 2364 2589 2436 principibus,
2622 2371 2668 2417 et
2696 2361 2913 2417 tribum-8
2934 2401 2950 2428 ⁹
2992 2368 3040 2413 ει
3082 2358 3263 2430 primis
3289 2355 3545 2412 cumam.
3585 2353 3737 2409 σωκ,

446 2451 712 2507 ἀθηιίυῐη·
754 2448 910 2505 unde
951 2446 1147 2502 diem"
1173 2461 1187 2497 ³
1218 2440 1461 2499 Credidit
1492 2437 1767 2495 Abraham
1809 2434 1957 2504 Deo!
1987 2440 2043 2491 et
2142 2434 2249 2527 que
2278 2434 2538 2510 introisset
2570 2454 2683 2524 filia
2712 2453 2877 2525 ipsius
2904 2449 3229 2505 Herodiadis
3252 2489 3266 2513 ,
3310 2455 3359 2503 et
3387 2446 3622 2503 saltasset
3644 2487 3659 2513 ,
3688 2455 3733 2501 et

447 2549 756 2614 vermium
776 2546 863 2599 θεῖ
886 2540 937 2596 ei
966 2537 1033 2595 ad
1057 2534 1355 2608 «ἱυδῑίιίθωο
2145 2548 2422 2620 placuisset
2458 2545 2662 2601 Herodi
2686 2584 2702 2612 ,
2747 2543 3006 2615 simulque
3034 2538 3444 2595 recumbentibus
3467 2579 3484 2606 ,
3530 2552 3620 2591 rex
3664 2535 3733 2590 ait

1065 2689 1297 2748 om
1342 2687 1430 2746 γι.
2145 2628 3737 2748 83‘4"”5_'i‘?‘1‘f__’31‘?’fﬁf‘_ff‘zfﬁ-"fff?.‘ff’f:.§fi§‘33?if

1416 2728 1430 2744 ’
2146 2732 2264 2786 illi:
2286 2730 2409 2801 quia
2436 2727 2687 2799 quidquid
2720 2725 2926 2798 petieris
2944 2766 2959 2792 ,
2992 2723 3127 2779 dabo
3154 2722 3246 2777 tibi
3275 2737 3294 2775 :
3325 2720 3444 2776 licet
3465 2720 3741 2774 dimidium

456 2844 457 2847 ‘
525 2829 597 2884 Et
611 2833 843 2899 egressus
859 2827 998 2891 inde,
1023 2820 1454 2890 abiitinpatriam
1471 2832 1653 2871 suam:
1686 2822 1735 2871 et
1764 2814 2049 2885 sequeban—

2147 2826 2294 2899 regni
2321 2824 2442 2879 mei.
2488 2821 2616 2891 Qute
2654 2837 2771 2875 cum
2799 2820 2987 2876 exisset
3015 2860 3031 2886 ,
3065 2818 3198 2872 dixit
3231 2816 3382 2871 matri
3420 2831 3532 2869 sua:
3556 2831 3577 2869 :
3605 2813 3742 2880 Quid

454 2928 542 2974 tur
559 2933 675 2973 eum
695 2914 937 2986 discipuli
955 2914 1060 2967 sui.
1081 2912 1147 2964 Et
1160 2912 1295 2981 facto
1314 2908 1522 2964 sabbato
1542 2908 1689 2979 ccepit
1706 2908 1761 2960 in
1785 2922 2052 2979 synagoga

2151 2916 2367 2990 petant?
2396 2914 2461 2969 At
2505 2914 2601 2968 illa
2627 2912 2797 2978 dixit,
2840 2919 2996 2982 caput
3026 2908 3249 2964 Joannis
3278 2907 3555 2978 Baptislte.
3588 2905 3740 2961 Cum-

462 3012 647 3065 docere
673 3050 688 3076 ,
731 3015 779 3060 et
828 3004 979 3059 multi
1005 3004 1275 3058 audientes
1304 3000 1695 3055 admirabantur
1727 3000 1781 3053 in
1812 2999 2053 3053 doctrina
2152 3026 2251 3081 que
2294 3008 2555 3062 introisset
2585 3006 2761 3060 statim
2784 3020 2902 3059 cum
2929 3002 3257 3074 festinatione
3275 3001 3346 3057 ad
3367 3017 3539 3072 regem
3566 3041 3580 3067 ,
3622 3001 3746 3073 peti.

457 3102 574 3172 ei“!
596 3139 613 3165 ν
666 3097 894 3150 dicem“
929 3109 947 3147 ἔ
982 3091 1134 3148 unde
1172 3092 1290 3146 huic
1316 3090 1427 3146 huic
1472 3089 1693 3143 omnia?
1738 3087 1806 3141 E‘
1833 3102 1953 3158 (μιαί
1980 3095 2054 3142 εει
2086 3161 2124 3172 _
2156 3103 2259 3168 vit,
2287 3102 2501 3153 dicens:
2538 3097 2668 3153 Volo
2694 3140 2708 3163 ,
2740 3107 2798 3153 ut
2825 3098 3061 3168 protinus
3082 3098 3171 3152 des
3198 3096 3323 3150 mihi
3346 3095 3400 3149 in
3427 3095 3574 3149 disco
3597 3101 3746 3163 caput

458 3161 715 3262 sapientia
735 3230 751 3257 ,
782 3203 898 3260 qua:
926 3185 1050 3241 data
1077 3194 1153 3240 est
1181 3184 1295 3256 illij,
1328 3193 1374 3239 et
1404 3184 1613 3237 virtutes
1643 3180 1775 3235 tales
1794 3221 1808 3248 ,
1830 3198 1944 3252 qua:
1965 3197 2054 3252 per

2157 3195 2375 3251 Joannis
2404 3193 2671 3266 Baptistae.
2705 3191 2773 3245 Et
2799 3192 3132 3247 contristatus
3158 3199 3232 3245 est
3254 3206 3346 3245 rex
3380 3197 3594 3260 prapter
3624 3161 3744 3260 jus-

462 3298 651 3337 manus
697 3283 815 3351 ejus
856 3278 1197 3350 efﬁciuntur?
1245 3274 1437 3330 Nonne
1484 3274 1566 3328 hic
1610 3280 1684 3327 est
1728 3272 1875 3342 faber
1913 3274 2055 3342 ﬁlius

2147 3287 2434 3360 jurandum
2466 3302 2485 3339 :
2523 3292 2571 3338 et
2608 3293 2817 3356 propter
2858 3282 3013 3338 simul
3054 3282 3404 3338 recumbentes
3451 3280 3621 3335 noluit
3639 3295 3749 3334 eam

463 3374 685 3439 Marica,
720 3375 885 3444 frater
902 3370 1122 3438 Jacobi,
1150 3379 1199 3425 et
1218 3368 1446 3441 Joseplt,
1488 3375 1535 3421 et
1564 3366 1752 3433 Judce,
1786 3374 1834 3420 et
1878 3364 2055 3421 Simo-

2156 3379 2508 3433 contristare:
2539 3376 2630 3430 sed
2675 3378 2831 3430 misso
2880 3375 3201 3447 spiculatore
3224 3417 3236 3439 ,
3281 3373 3530 3445 praecepit
3568 3370 3750 3442 afferri

464 3466 594 3521 nis?
642 3464 831 3519 Nonne
872 3473 919 3519 et
966 3478 1168 3517 sorores
1209 3464 1319 3532 ejus
1369 3460 1453 3513 ltic
1488 3458 1755 3513 nobiscum
1796 3464 1917 3511 sunt
1946 3472 1964 3511 :
1989 3456 2058 3511 Et

2158 3478 2312 3541 caput
2357 3473 2468 3541 ejus
2508 3469 2564 3521 in
2605 3469 2749 3523 disco
2774 3511 2788 3535 ,
2822 3476 2868 3522 et
2911 3467 3051 3521 dedit
3074 3466 3206 3519 illud
3245 3464 3433 3536 puella:
3457 3506 3472 3530 ,
3505 3472 3552 3517 et
3581 3460 3753 3534 puella

464 3559 961 3616 scandalizabantstr
985 3559 1037 3611 in
1058 3554 1177 3610 illo.
1207 3553 1277 3610 Et
1299 3553 1498 3608 dicebat
1524 3552 1629 3607 illis
1657 3550 1830 3605 Jestts.
1854 3549 2060 3607 Deinde
2160 3560 2303 3615 dedit
2344 3560 2497 3614 matri
2518 3576 2647 3615 suae.
2678 3560 2793 3626 Quo
2813 3559 2992 3613 audito
3018 3600 3034 3626 ,
3064 3556 3309 3627 discipuli
3334 3558 3449 3627 ejus
3474 3563 3749 3619 venerunt,

466 3652 585 3708 iens
629 3652 682 3707 in
714 3652 961 3722 'patriam
1004 3664 1159 3708 suam
1185 3688 1201 3713 ,
1245 3647 1388 3702 ﬁlius
1425 3645 1595 3713 labri,
1628 3644 1788 3700 Jesus
1817 3652 2059 3698 vocatur.

2162 3662 2209 3708 et
2239 3654 2466 3708 tulerunt
2487 3667 2675 3721 corpus
2700 3654 2838 3724 ejus,
2860 3659 2906 3704 et
2930 3656 3210 3720 posuerunt
3229 3646 3363 3702 illud
3383 3647 3439 3700 in
3462 3661 3757 3700 monumen-

470 3742 541 3797 Et
570 3741 677 3796 hoc
702 3747 932 3812 mystice
964 3740 1099 3795 :sed
1131 3739 1271 3794 labri
1292 3781 1307 3807 ,
1342 3737 1432 3807 qui
1464 3737 1756 3793 fabricatus
1786 3745 1872 3792 est
1900 3750 2064 3791 auro-

2165 3754 2238 3801 to.
2270 3745 2377 3800 Per
2404 3742 2634 3799 ironiam
2674 3756 2934 3811 expresse
2965 3739 3283 3810 pronuntiat
3330 3734 3579 3793 llerodes
3600 3734 3756 3806 pelli-

470 3846 587 3887 ram
611 3842 668 3886 et
695 3832 899 3898 solem,
922 3830 974 3885 id
1004 3839 1110 3895 est,
1142 3828 1446 3884 Ecclesiam
1480 3828 1710 3897 primam
1742 3835 1798 3883 et
1825 3843 2064 3898 sequen-

2166 3850 2314 3891 cens.
2343 3834 2513 3904 Caput
2542 3832 2695 3903 legis,
2726 3832 2869 3903 quod
2900 3842 2981 3887 est
3005 3829 3281 3894 Christus,
3314 3827 3382 3884 de
3412 3842 3641 3899 corpore
3661 3826 3758 3880 ab-

474 3932 582 3979 tem
616 3939 629 3975 :
666 3922 719 3976 in
748 3935 977 3991 quarum
1010 3920 1210 3990 ﬁgura,
1245 3919 1443 3973 mulier
1468 3927 1523 3973 et
1548 3918 1725 3989 puclla
1775 3928 2062 3976 sanantur.
2166 3926 2390 3983 sciditur
2418 3924 2637 3996 preprio
2662 3966 2679 3991 ,
2714 3923 2765 3978 id
2797 3933 2912 3988 est,
2950 3921 3184 3978 Judaico
3211 3920 3452 3990 pOpulo,
3498 3929 3555 3974 et
3602 3917 3759 3972 datur

549 4018 685 4084 Quia
728 4032 831 4070 non
873 4025 946 4071 est
986 4015 1237 4087 prop/tcta
1273 4016 1385 4069 sine
1426 4014 1618 4069 honore
1661 4014 1764 4068 uisi
1809 4014 1863 4069 in
1892 4014 2067 4086 patria
2166 4017 2352 4088 gentili
2382 4016 2589 4086 puella:
2617 4054 2631 4080 ,
2670 4014 2721 4069 id
2752 4021 2837 4069 est
2872 4013 3133 4068 Romana:
3166 4012 3429 4067 Ecclesia:
3458 4026 3471 4063 :
3506 4008 3763 4079 et‘puclla

474 4123 591 4173 sua,
616 4116 661 4161 et
692 4107 743 4160 in
771 4108 923 4160 domo
953 4122 1070 4173 sua,
1098 4115 1146 4160 et
1183 4107 1239 4160 in
1269 4106 1578 4177 cognatione
1599 4121 1714 4160 sua.
1744 4104 1810 4158 Et
1840 4120 1941 4159 non
1973 4122 2066 4175 po-
2168 4110 2261 4165 dat
2292 4108 2449 4163 matri
2480 4122 2592 4162 suae
2623 4105 2909 4172 adulterat,
2944 4104 2996 4158 id
3025 4112 3129 4169 est,
3157 4102 3458 4173 Synagogae
3482 4098 3767 4155 creditura

477 4210 607 4255 terat
652 4200 722 4254 ibi
763 4200 1004 4254 virtutem
1036 4198 1200 4253 ullam
1245 4198 2069 4270 faceremisipaucosinﬁrmos
2170 4202 2225 4256 in
2266 4200 2394 4255 ﬁne.
2444 4198 2657 4267 Corpus
2708 4196 2931 4253 Joannis
2979 4193 3283 4265 sepelitur,
3328 4200 3495 4260 caput
3533 4191 3587 4245 in
3618 4189 3767 4243 disco

476 4292 733 4364 impositis
782 4290 1021 4345 manibus
1063 4290 1283 4344 curavit.
1327 4289 1394 4343 Et
1426 4289 1713 4343 mirabatur
1737 4298 1951 4359 prapter
1978 4288 2065 4342 in-

2172 4297 2475 4352 collocatur
2497 4336 2513 4362 ,
2554 4294 2729 4349 littera
2782 4291 2946 4346 humo
2988 4290 3188 4362 tegitur
3212 4329 3226 4356 ,
3258 4288 3484 4359 Spiritus
3520 4286 3574 4341 in
3609 4282 3766 4339 altari

476 4380 829 4436 credulitatem
863 4397 1073 4447 eorum,
1117 4388 1164 4433 et
1197 4380 1445 4433 circuibat
1476 4377 1688 4433 castella
1710 4378 1766 4431 in
1797 4377 2022 4431 circuitu
2052 4417 2067 4445 ,
2174 4392 2472 4446 honoratur
2500 4403 2564 4442 ac
2589 4385 2845 4441 sumitur.

477 4473 685 4530 docens.
715 4473 783 4527 Et
813 4473 1109 4528 convocavit
1140 4470 1415 4526 duodecim
1434 4511 1447 4535 ,
1485 4479 1534 4523 et
1569 4470 1721 4538 coepit
1750 4484 1837 4523 eos
1863 4470 2068 4523 mittere

2247 4482 2315 4535 Et
2344 4480 2692 4535 convenientes
2716 4472 2938 4549 apostoli
2976 4475 3046 4529 ad
3080 4473 3262 4528 Iesum
3286 4514 3302 4541 ,
3350 4469 3773 4527 renuntiaverunt

480 4565 655 4633 binos,
701 4572 751 4619 et
798 4564 955 4617 dabat
991 4563 1099 4617 illis
1124 4570 1420 4631 potestatem
1446 4537 1742 4630 Spirituum
1771 4559 2072 4613 immundo.
2098 4537 2151 4598 Ῑ)
2178 4576 2224 4629 σε
2246 4573 2418 4628 omnia
2442 4614 2456 4638 ’
2490 4586 2607 4642 qua,
2634 4537 2840 4641 εθενξιηι
2876 4578 2926 4622 ει
2958 4568 3263 4621 docuerant.
3288 4537 3297 4541 ⁷
3310 4563 3393 4620 Ad
3425 4563 3602 4619 locum
3630 4558 3775 4616 unde

478 4672 614 4710 rum.
648 4655 717 4710 Et
744 4656 990 4728 praecepit
1016 4653 1126 4710 illis
1153 4695 1167 4721 ,
1204 4669 1268 4707 ne
1290 4652 1419 4724 quid
1451 4651 1689 4706 tollerent
1723 4650 1777 4704 in
1809 4652 1892 4703 via
1914 4692 1929 4718 ,
1970 4651 2073 4706 uisi
2180 4673 2388 4724 exeunt
2418 4662 2670 4731 numina,
2706 4668 3076 4717 revertuntur.
3130 4659 3242 4715 Deo
3299 4671 3522 4729 semper
3571 4653 3775 4727 εηιῖαε

481 4750 681 4820 “illam
728 4757 930 4803 “mlum
958 4762 976 4802 ἔ
1005 4763 1109 4801 ηοη
1154 4762 1328 4817 imam
1352 4785 1368 4812 ν
1398 4761 1499 4799 ηοη
1539 4759 1722 4815 Panem
1749 4784 1764 4810 ν
1812 4758 1973 4813 neque
2018 4744 2073 4797 ίη
2180 4758 2423 4815 referunt
2445 4754 2615 4822 missi,
2640 4753 2782 4825 quod
2812 4759 3157 4823 acceperant.

478 4855 610 4893 zona
654 4855 764 4907 tes,
810 4839 901 4894 sed
937 4838 1183 4893 calciatos
1222 4837 1506 4903 sandaliis,
1561 4846 1608 4891 et
1652 4836 2075 4891 neinduerentur

2052 4853 2075 4890 Γ
2255 4848 2323 4903 Et
2351 4850 2423 4903 ait
2453 4847 2560 4902 illis
2584 4862 2603 4900 :
2630 4846 2810 4901 Venite
2833 4859 3065 4900 seorsum
3094 4843 3147 4896 in
3176 4841 3436 4897 desertum
3464 4838 3654 4894 locum.

482 4932 681 4985 duabus
712 4933 921 4987 tunicis.
950 4930 1018 4984 El
1039 4930 1236 4985 dicebat
1260 4931 1333 4984 eis
1362 4945 1380 4984 ἔ
1406 4931 1741 5001 Quocumque
1762 4930 2077 4986 introieritis
2255 4939 2325 4995 Et
2351 4940 2455 4995 hoc
2482 4938 2706 5009 proprie
2739 4936 2970 4993 Marcus,
3014 4935 3273 4990 Seorsum
3317 4932 3468 4987 ducit
3503 4944 3644 5001 quos
3668 4929 3778 4985 clc.

481 5024 536 5077 in
564 5022 795 5090 dontum,
819 5022 929 5077 illic
950 5032 1151 5077 manete
1171 5024 1334 5077 donec
1362 5024 1555 5077 excutis
1578 5024 1719 5078 inde.
1743 5022 1813 5078 Et
1833 5026 2072 5097 quicum-
2181 5033 2293 5103 git,
2324 5040 2383 5084 ut
2410 5032 2551 5085 inter
2577 5029 2751 5084 malos
2776 5028 3025 5083 viventes
3049 5066 3066 5093 ,
3117 5025 3261 5078 mala
3300 5038 3406 5077 non
3437 5020 3725 5077 intendant
3761 5034 3778 5073 :

484 5130 583 5185 que
604 5128 705 5167 non
726 5116 1008 5182 receperint
1034 5131 1146 5182 vos,
1175 5118 1337 5185 neque
1365 5117 1623 5171 audierint
1666 5133 1754 5173 vos
1783 5135 1800 5173 :
1833 5130 2075 5176 exeuntes
2180 5132 2239 5178 ut
2266 5124 2367 5178 Lot
2395 5123 2446 5177 in
2472 5120 2747 5188 Sodomis,
2778 5129 2833 5175 et
2857 5118 2959 5175 Job
2982 5117 3038 5172 in
3062 5124 3209 5172 terra
3234 5112 3371 5183 llus,
3400 5123 3455 5169 et
3482 5110 3688 5167 Abdias
3713 5108 3769 5163 in

488 5208 611 5263 inde
629 5248 645 5275 ,
683 5209 906 5262 exeutite
934 5214 1196 5278 pulverem
1223 5211 1289 5265 de
1315 5211 1530 5282 pedibus
1556 5214 1735 5267 vestris
1761 5214 1814 5267 in
1843 5214 2076 5268 testimo-
2182 5216 2347 5272 domo
2377 5216 2583 5270 Achab.

489 5301 637 5355 nium
664 5298 794 5355 illis.
835 5297 904 5353 Et
944 5310 1180 5357 exeuntes
1210 5302 1595 5373 prtcdicabant,
1629 5313 1687 5358 ut
1728 5306 2080 5375 paenitentiam
2258 5308 2326 5364 Et
2356 5308 2623 5381 requiescit
2667 5303 2936 5378 pusillum.
2980 5300 3146 5356 Erant
3180 5299 3316 5355 enim
3343 5344 3357 5369 ,
3396 5296 3485 5370 qui
3510 5293 3784 5349 veniebant

490 5398 704 5461 αθετεηί
754 5405 772 5444 -'
816 5398 864 5445 ετ
897 5388 1154 5446 ἀίεηιοηία
1193 5392 1357 5446 "mila
1385 5394 1655 5461 ελίείεὺαητ
1679 5436 1693 5461 9
1737 5403 1785 5450 ει
1821 5395 2082 5465 ungebam
2186 5413 2231 5457 et
2260 5401 2495 5456 redibant
2522 5399 2693 5454 multi.
2734 5395 2803 5449 Et
2851 5411 2941 5449 nec
2970 5394 3201 5464 spatium
3242 5386 3595 5444 manducandi
3624 5386 3781 5440 Itabe-

492 5484 602 5539 oleo
644 5485 833 5539 multos
888 5500 1052 5555 aegros
1114 5495 1160 5539 et
1206 5487 1539 5540 sanabuntur.
1584 5486 1884 5545 Comitutur
1937 5504 2085 5559 saepe
2188 5495 2331 5549 bant.
2376 5491 2443 5546 Et
2490 5491 2819 5545 ascendentes
2862 5487 2917 5540 in
2952 5486 3123 5540 navim
3167 5485 3406 5539 abierunt
3434 5483 3489 5536 in
3521 5482 3782 5537 desertum

492 5577 669 5632 vilitas
725 5577 986 5645 originem
1017 5619 1031 5643 ,
1088 5586 1145 5633 ut
1195 5586 1279 5634 est
1311 5620 1325 5644 ,
1379 5582 1501 5649 quis
1555 5590 1637 5636 est
1688 5581 1825 5636 ﬁlius
1884 5580 2084 5636 lsaim?
2190 5589 2359 5642 locum
2388 5602 2634 5640 seorsum.
2685 5582 2752 5637 Et
2789 5580 3024 5635 viderunt
3054 5595 3137 5633 eos
3165 5579 3448 5642 abeuntes,
3496 5583 3546 5629 et
3588 5590 3777 5645 cogno-

494 5667 603 5724 δθίί
648 5666 867 5722 ¹¹¹¹¹¹¹ί¹ί²
903 5669 1160 5725 Dominus
1202 5668 1423 5739 Υθεβῖοίι
1443 5712 1457 5737 ,
1506 5680 1559 5726 cl
1589 5673 1697 5727 alta
1728 5686 1756 5726 a
1796 5673 1954 5743 longe
1993 5686 2085 5729 co-
2190 5684 2370 5732 verunt
2398 5674 2548 5730 multi
2571 5717 2586 5741 ,
2618 5682 2667 5729 et
2698 5673 2954 5744 pedestres
2974 5671 3038 5724 de
3062 5667 3294 5725 omnibus
3325 5665 3622 5721 civitatibus
3656 5680 3781 5719 con‘o

494 5758 722 5830 gnoscit.
774 5759 1071 5834 Mittuntur
1121 5760 1324 5820 deinde
1371 5761 1654 5824 duodecim
1700 5764 1969 5839 apostoli,
2029 5772 2087 5828 et
2191 5779 2467 5830 currerunt
2493 5769 2653 5840 illuc,
2687 5776 2734 5823 et
2761 5770 3113 5840 prtevenerunt
3150 5776 3255 5818 eos.
3315 5758 3386 5817 Et
3429 5757 3614 5816 exiens
3662 5754 3792 5814 vidit
