  <div class='ocr_page' id='page_1' title='image "/cluster/home/n/w/nwhite01/storage/ocr_20150623/30/uva.x000826572/312.png"; bbox 0 0 4030 6202; ppageno 0'>
   <div class='ocr_carea' id='block_1_1' title="bbox 298 218 400 283">
    <p class='ocr_par' dir='ltr' id='par_1_1' title="bbox 298 218 400 283">
     <span class='ocr_line' id='line_1_1' title="bbox 298 218 400 283; baseline -0.029 0"><span class='ocrx_word' id='word_1_1' title='bbox 298 218 400 283; x_wconf 77' lang='grc'><strong><em>609</em></strong></span> 
     </span>
    </p>
   </div>
   <div class='ocr_carea' id='block_1_2' title="bbox 906 168 2950 278">
    <p class='ocr_par' dir='ltr' id='par_1_2' title="bbox 906 168 2950 278">
     <span class='ocr_line' id='line_1_2' title="bbox 906 168 2950 278; baseline -0.001 -1"><span class='ocrx_word' id='word_1_2' title='bbox 906 211 1459 278; x_wconf 70' lang='lat' dir='ltr'><strong><em>COMMENTARIUS</em></strong></span> <span class='ocrx_word' id='word_1_3' title='bbox 1494 208 1565 274; x_wconf 79' lang='lat' dir='ltr'><strong><em>tu</em></strong></span> <span class='ocrx_word' id='word_1_4' title='bbox 1603 168 2057 277; x_wconf 65' lang='lat' dir='ltr'><strong><em>nvancsuuu</em></strong></span> <span class='ocrx_word' id='word_1_5' title='bbox 2096 207 2247 274; x_wconf 76' lang='lat' dir='ltr'><strong><em>suc.</em></strong></span> <span class='ocrx_word' id='word_1_6' title='bbox 2288 208 2600 275; x_wconf 74' lang='lat' dir='ltr'><strong>MARGUM.</strong></span> <span class='ocrx_word' id='word_1_7' title='bbox 2640 211 2794 274; x_wconf 81' lang='lat' dir='ltr'><strong>CAP.</strong></span> <span class='ocrx_word' id='word_1_8' title='bbox 2835 213 2950 276; x_wconf 80' lang='lat' dir='ltr'><strong><em>vn.</em></strong></span> 
     </span>
    </p>
   </div>
   <div class='ocr_carea' id='block_1_3' title="bbox 3487 212 3596 278">
    <p class='ocr_par' dir='ltr' id='par_1_3' title="bbox 3487 212 3596 278">
     <span class='ocr_line' id='line_1_3' title="bbox 3487 212 3596 278; baseline 0.028 -4"><span class='ocrx_word' id='word_1_9' title='bbox 3487 212 3596 278; x_wconf 63' lang='lat'><strong><em>610</em></strong></span> 
     </span>
    </p>
   </div>
   <div class='ocr_carea' id='block_1_4' title="bbox 297 330 3593 405">
    <p class='ocr_par' dir='ltr' id='par_1_4' title="bbox 297 330 3593 405">
     <span class='ocr_line' id='line_1_4' title="bbox 297 330 3593 405; baseline -0.002 -11"><span class='ocrx_word' id='word_1_10' title='bbox 297 337 499 394; x_wconf 85' lang='lat' dir='ltr'><strong><em>turbam</em></strong></span> <span class='ocrx_word' id='word_1_11' title='bbox 534 335 757 394; x_wconf 83' lang='lat' dir='ltr'><strong><em>multant</em></strong></span> <span class='ocrx_word' id='word_1_12' title='bbox 774 334 964 405; x_wconf 80' lang='lat' dir='ltr'><strong><em>Jesus‘,</em></strong></span> <span class='ocrx_word' id='word_1_13' title='bbox 996 346 1046 392; x_wconf 91' lang='lat' dir='ltr'><strong><em>et</em></strong></span> <span class='ocrx_word' id='word_1_14' title='bbox 1068 337 1307 391; x_wconf 85' lang='lat' dir='ltr'><strong><em>misertus</em></strong></span> <span class='ocrx_word' id='word_1_15' title='bbox 1333 334 1409 390; x_wconf 76' lang='lat' dir='ltr'><strong><em>ist</em></strong></span> <span class='ocrx_word' id='word_1_16' title='bbox 1431 349 1587 405; x_wconf 82' lang='lat' dir='ltr'><strong><em>super</em></strong></span> <span class='ocrx_word' id='word_1_17' title='bbox 1616 350 1700 389; x_wconf 88' lang='lat' dir='ltr'><strong><em>eos</em></strong></span> <span class='ocrx_word' id='word_1_18' title='bbox 1726 375 1741 400; x_wconf 96' lang='lat'><strong><em>,</em></strong></span> <span class='ocrx_word' id='word_1_19' title='bbox 1765 334 1887 405; x_wconf 89' lang='lat' dir='ltr'><strong><em>quia</em></strong></span> <span class='ocrx_word' id='word_1_20' title='bbox 1914 334 1965 396; x_wconf 80' lang='grc' dir='ltr'>Α</span> <span class='ocrx_word' id='word_1_21' title='bbox 1993 330 2279 389; x_wconf 82' lang='lat' dir='ltr'><strong><em>duodecim</em></strong></span> <span class='ocrx_word' id='word_1_22' title='bbox 2321 332 2492 389; x_wconf 87' lang='lat' dir='ltr'><strong><em>tribus</em></strong></span> <span class='ocrx_word' id='word_1_23' title='bbox 2522 332 2712 389; x_wconf 82' lang='lat' dir='ltr'><strong><em>Israel.</em></strong></span> <span class='ocrx_word' id='word_1_24' title='bbox 2744 332 2846 401; x_wconf 87' lang='lat' dir='ltr'><strong><em>Qui</em></strong></span> <span class='ocrx_word' id='word_1_25' title='bbox 2881 339 3012 389; x_wconf 84' lang='lat' dir='ltr'><strong><em>sunt</em></strong></span> <span class='ocrx_word' id='word_1_26' title='bbox 3036 330 3383 405; x_wconf 72' lang='lat' dir='ltr'><strong><em>fragmenta?</em></strong></span> <span class='ocrx_word' id='word_1_27' title='bbox 3414 330 3593 389; x_wconf 85' lang='lat' dir='ltr'><strong><em>Abra-</em></strong></span> 
     </span>
    </p>
   </div>
   <div class='ocr_carea' id='block_1_5' title="bbox 296 429 1890 505">
    <p class='ocr_par' dir='ltr' id='par_1_5' title="bbox 296 429 1890 505">
     <span class='ocr_line' id='line_1_5' title="bbox 296 429 1890 505; baseline -0.004 -13"><span class='ocrx_word' id='word_1_28' title='bbox 296 443 445 492; x_wconf 85' lang='lat' dir='ltr'><strong><em>erant</em></strong></span> <span class='ocrx_word' id='word_1_29' title='bbox 465 436 601 492; x_wconf 90' lang='lat' dir='ltr'><strong><em>sicut</em></strong></span> <span class='ocrx_word' id='word_1_30' title='bbox 629 452 744 491; x_wconf 87' lang='lat' dir='ltr'><strong><em>oves</em></strong></span> <span class='ocrx_word' id='word_1_31' title='bbox 766 451 871 490; x_wconf 90' lang='lat' dir='ltr'><strong><em>non</em></strong></span> <span class='ocrx_word' id='word_1_32' title='bbox 898 433 1139 489; x_wconf 88' lang='lat' dir='ltr'><strong><em>habentes</em></strong></span> <span class='ocrx_word' id='word_1_33' title='bbox 1170 442 1449 505; x_wconf 81' lang='lat' dir='ltr'><strong><em>pastorem.</em></strong></span> <span class='ocrx_word' id='word_1_34' title='bbox 1501 429 1567 485; x_wconf 87' lang='lat' dir='ltr'><strong><em>Et</em></strong></span> <span class='ocrx_word' id='word_1_35' title='bbox 1594 431 1742 503; x_wconf 77' lang='lat' dir='ltr'><strong><em>cmpit</em></strong></span> <span class='ocrx_word' id='word_1_36' title='bbox 1768 431 1890 486; x_wconf 91' lang='lat' dir='ltr'><strong><em>illos</em></strong></span> 
     </span>
    </p>
   </div>
   <div class='ocr_carea' id='block_1_6' title="bbox 297 524 1889 599">
    <p class='ocr_par' dir='ltr' id='par_1_6' title="bbox 297 524 1889 599">
     <span class='ocr_line' id='line_1_6' title="bbox 297 524 1889 599; baseline -0.004 -16"><span class='ocrx_word' id='word_1_37' title='bbox 297 530 483 585; x_wconf 86' lang='lat' dir='ltr'><strong><em>docere</em></strong></span> <span class='ocrx_word' id='word_1_38' title='bbox 508 528 690 583; x_wconf 82' lang='lat' dir='ltr'><strong><em>multa.</em></strong></span> <span class='ocrx_word' id='word_1_39' title='bbox 724 526 794 582; x_wconf 85' lang='lat' dir='ltr'><strong><em>Et</em></strong></span> <span class='ocrx_word' id='word_1_40' title='bbox 819 544 936 583; x_wconf 90' lang='lat' dir='ltr'><strong><em>cum</em></strong></span> <span class='ocrx_word' id='word_1_41' title='bbox 966 530 1083 599; x_wconf 89' lang='lat' dir='ltr'><strong><em>jam</em></strong></span> <span class='ocrx_word' id='word_1_42' title='bbox 1107 525 1238 579; x_wconf 91' lang='lat' dir='ltr'><strong><em>hora</em></strong></span> <span class='ocrx_word' id='word_1_43' title='bbox 1263 524 1426 580; x_wconf 89' lang='lat' dir='ltr'><strong><em>multa</em></strong></span> <span class='ocrx_word' id='word_1_44' title='bbox 1455 525 1597 593; x_wconf 78' lang='lat' dir='ltr'><strong><em>ﬁeret</em></strong></span> <span class='ocrx_word' id='word_1_45' title='bbox 1620 565 1634 589; x_wconf 96' lang='lat'><strong><em>,</em></strong></span> <span class='ocrx_word' id='word_1_46' title='bbox 1661 538 1889 578; x_wconf 87' lang='lat' dir='ltr'><strong><em>accesse-</em></strong></span> 
     </span>
    </p>
   </div>
   <div class='ocr_carea' id='block_1_7' title="bbox 303 615 1889 691">
    <p class='ocr_par' dir='ltr' id='par_1_7' title="bbox 303 615 1889 691">
     <span class='ocr_line' id='line_1_7' title="bbox 303 615 1889 691; baseline -0.004 -16"><span class='ocrx_word' id='word_1_47' title='bbox 303 628 427 675; x_wconf 85' lang='lat' dir='ltr'><strong><em>runt</em></strong></span> <span class='ocrx_word' id='word_1_48' title='bbox 452 620 698 691; x_wconf 73' lang='lat' dir='ltr'><strong><em>discipuli</em></strong></span> <span class='ocrx_word' id='word_1_49' title='bbox 720 621 855 689; x_wconf 90' lang='lat' dir='ltr'><strong><em>ejus,</em></strong></span> <span class='ocrx_word' id='word_1_50' title='bbox 888 618 1113 673; x_wconf 73' lang='lat' dir='ltr'><strong><em>dicentes</em></strong></span> <span class='ocrx_word' id='word_1_51' title='bbox 1142 632 1163 672; x_wconf 87' lang='lat'><strong><em>:</em></strong></span> <span class='ocrx_word' id='word_1_52' title='bbox 1195 616 1439 672; x_wconf 85' lang='lat' dir='ltr'><strong><em>Desertus</em></strong></span> <span class='ocrx_word' id='word_1_53' title='bbox 1468 627 1542 671; x_wconf 90' lang='lat' dir='ltr'><strong><em>est</em></strong></span> <span class='ocrx_word' id='word_1_54' title='bbox 1571 615 1723 671; x_wconf 89' lang='lat' dir='ltr'><strong><em>locus</em></strong></span> <span class='ocrx_word' id='word_1_55' title='bbox 1760 616 1843 670; x_wconf 88' lang='lat' dir='ltr'><strong><em>hic</em></strong></span> <span class='ocrx_word' id='word_1_56' title='bbox 1870 632 1889 683; x_wconf 90' lang='lat'><strong><em>;</em></strong></span> 
     </span>
    </p>
   </div>
   <div class='ocr_carea' id='block_1_8' title="bbox 295 706 1893 782">
    <p class='ocr_par' dir='ltr' id='par_1_8' title="bbox 295 706 1893 782">
     <span class='ocr_line' id='line_1_8' title="bbox 295 706 1893 782; baseline -0.003 -16"><span class='ocrx_word' id='word_1_57' title='bbox 295 720 346 767; x_wconf 91' lang='lat' dir='ltr'><strong><em>et</em></strong></span> <span class='ocrx_word' id='word_1_58' title='bbox 364 713 477 782; x_wconf 86' lang='lat' dir='ltr'><strong><em>jam</em></strong></span> <span class='ocrx_word' id='word_1_59' title='bbox 504 712 636 767; x_wconf 87' lang='lat' dir='ltr'><strong><em>hora</em></strong></span> <span class='ocrx_word' id='word_1_60' title='bbox 666 710 937 781; x_wconf 38' lang='lat' dir='ltr'><strong><em>praterii’t,</em></strong></span> <span class='ocrx_word' id='word_1_61' title='bbox 960 710 1163 765; x_wconf 75' lang='lat' dir='ltr'><strong><em>dimitte</em></strong></span> <span class='ocrx_word' id='word_1_62' title='bbox 1188 708 1330 776; x_wconf 90' lang='lat' dir='ltr'><strong><em>illos,</em></strong></span> <span class='ocrx_word' id='word_1_63' title='bbox 1354 718 1411 763; x_wconf 89' lang='lat' dir='ltr'><strong><em>ut</em></strong></span> <span class='ocrx_word' id='word_1_64' title='bbox 1436 717 1614 763; x_wconf 85' lang='lat' dir='ltr'><strong><em>euntes</em></strong></span> <span class='ocrx_word' id='word_1_65' title='bbox 1638 709 1692 763; x_wconf 91' lang='lat' dir='ltr'><strong><em>in</em></strong></span> <span class='ocrx_word' id='word_1_66' title='bbox 1714 706 1893 778; x_wconf 72' lang='lat' dir='ltr'><strong><em>proxi-</em></strong></span> 
     </span>
    </p>
   </div>
   <div class='ocr_carea' id='block_1_9' title="bbox 294 799 1887 871">
    <p class='ocr_par' dir='ltr' id='par_1_9' title="bbox 294 799 1887 871">
     <span class='ocr_line' id='line_1_9' title="bbox 294 799 1887 871; baseline -0.003 -13"><span class='ocrx_word' id='word_1_67' title='bbox 294 819 409 858; x_wconf 88' lang='lat' dir='ltr'><strong><em>mas</em></strong></span> <span class='ocrx_word' id='word_1_68' title='bbox 431 803 578 857; x_wconf 89' lang='lat' dir='ltr'><strong><em>villas</em></strong></span> <span class='ocrx_word' id='word_1_69' title='bbox 607 812 656 859; x_wconf 92' lang='lat' dir='ltr'><strong><em>et</em></strong></span> <span class='ocrx_word' id='word_1_70' title='bbox 679 803 816 857; x_wconf 90' lang='lat' dir='ltr'><strong><em>vicos</em></strong></span> <span class='ocrx_word' id='word_1_71' title='bbox 832 843 849 869; x_wconf 94' lang='lat'><strong><em>,</em></strong></span> <span class='ocrx_word' id='word_1_72' title='bbox 871 808 1041 857; x_wconf 89' lang='lat' dir='ltr'><strong><em>emant</em></strong></span> <span class='ocrx_word' id='word_1_73' title='bbox 1065 800 1163 856; x_wconf 87' lang='lat' dir='ltr'><strong><em>sibi</em></strong></span> <span class='ocrx_word' id='word_1_74' title='bbox 1182 801 1320 855; x_wconf 89' lang='lat' dir='ltr'><strong><em>cibos</em></strong></span> <span class='ocrx_word' id='word_1_75' title='bbox 1342 842 1356 866; x_wconf 92' lang='lat'><strong><em>,</em></strong></span> <span class='ocrx_word' id='word_1_76' title='bbox 1389 817 1517 871; x_wconf 86' lang='lat' dir='ltr'><strong><em>quos</em></strong></span> <span class='ocrx_word' id='word_1_77' title='bbox 1552 799 1887 854; x_wconf 83' lang='lat' dir='ltr'><strong><em>manducent.</em></strong></span> 
     </span>
    </p>
   </div>
   <div class='ocr_carea' id='block_1_10' title="bbox 296 888 1890 966">
    <p class='ocr_par' dir='ltr' id='par_1_10' title="bbox 296 888 1890 966">
     <span class='ocr_line' id='line_1_10' title="bbox 296 888 1890 966; baseline -0.003 -19"><span class='ocrx_word' id='word_1_78' title='bbox 296 892 368 948; x_wconf 84' lang='lat' dir='ltr'><strong><em>Et</em></strong></span> <span class='ocrx_word' id='word_1_79' title='bbox 407 894 722 966; x_wconf 87' lang='lat' dir='ltr'><strong><em>respondens</em></strong></span> <span class='ocrx_word' id='word_1_80' title='bbox 760 895 834 949; x_wconf 90' lang='lat' dir='ltr'><strong><em>ait</em></strong></span> <span class='ocrx_word' id='word_1_81' title='bbox 861 893 968 949; x_wconf 90' lang='lat' dir='ltr'><strong><em>illis</em></strong></span> <span class='ocrx_word' id='word_1_82' title='bbox 997 907 1017 948; x_wconf 89' lang='lat'><strong><em>:</em></strong></span> <span class='ocrx_word' id='word_1_83' title='bbox 1042 892 1179 948; x_wconf 90' lang='lat' dir='ltr'><strong><em>Date</em></strong></span> <span class='ocrx_word' id='word_1_84' title='bbox 1201 892 1312 947; x_wconf 88' lang='lat' dir='ltr'><strong><em>illis</em></strong></span> <span class='ocrx_word' id='word_1_85' title='bbox 1336 907 1425 947; x_wconf 90' lang='lat' dir='ltr'><strong><em>vos</em></strong></span> <span class='ocrx_word' id='word_1_86' title='bbox 1450 892 1791 947; x_wconf 82' lang='lat' dir='ltr'><strong><em>manducare.</em></strong></span> <span class='ocrx_word' id='word_1_87' title='bbox 1821 888 1890 944; x_wconf 80' lang='lat' dir='ltr'><strong><em>Et</em></strong></span> 
     </span>
    </p>
   </div>
   <div class='ocr_carea' id='block_1_11' title="bbox 294 984 1880 1051">
    <p class='ocr_par' dir='ltr' id='par_1_11' title="bbox 294 984 1880 1051">
     <span class='ocr_line' id='line_1_11' title="bbox 294 984 1880 1051; baseline -0.002 -11"><span class='ocrx_word' id='word_1_88' title='bbox 294 986 534 1042; x_wconf 71' lang='lat' dir='ltr'><strong><em>dixerunt</em></strong></span> <span class='ocrx_word' id='word_1_89' title='bbox 555 987 603 1041; x_wconf 89' lang='lat' dir='ltr'><strong><em>ei</em></strong></span> <span class='ocrx_word' id='word_1_90' title='bbox 634 1003 652 1041; x_wconf 90' lang='lat'><strong><em>:</em></strong></span> <span class='ocrx_word' id='word_1_91' title='bbox 680 984 881 1041; x_wconf 89' lang='lat' dir='ltr'><strong><em>Euntes</em></strong></span> <span class='ocrx_word' id='word_1_92' title='bbox 905 1001 1133 1040; x_wconf 89' lang='lat' dir='ltr'><strong><em>emamus</em></strong></span> <span class='ocrx_word' id='word_1_93' title='bbox 1156 984 1391 1039; x_wconf 82' lang='lat' dir='ltr'><strong><em>ducentis</em></strong></span> <span class='ocrx_word' id='word_1_94' title='bbox 1419 984 1644 1039; x_wconf 85' lang='lat' dir='ltr'><strong><em>denariis</em></strong></span> <span class='ocrx_word' id='word_1_95' title='bbox 1676 999 1834 1051; x_wconf 91' lang='lat' dir='ltr'><strong><em>panes</em></strong></span> <span class='ocrx_word' id='word_1_96' title='bbox 1863 1021 1880 1049; x_wconf 89' lang='lat'><strong><em>,</em></strong></span> 
     </span>
    </p>
   </div>
   <div class='ocr_carea' id='block_1_12' title="bbox 291 1073 1890 1139">
    <p class='ocr_par' dir='ltr' id='par_1_12' title="bbox 291 1073 1890 1139">
     <span class='ocr_line' id='line_1_12' title="bbox 291 1073 1890 1139; baseline -0.004 -6"><span class='ocrx_word' id='word_1_97' title='bbox 291 1086 342 1133; x_wconf 89' lang='lat' dir='ltr'><strong><em>et</em></strong></span> <span class='ocrx_word' id='word_1_98' title='bbox 400 1078 638 1132; x_wconf 86' lang='lat' dir='ltr'><strong><em>dabimus</em></strong></span> <span class='ocrx_word' id='word_1_99' title='bbox 687 1075 796 1132; x_wconf 89' lang='lat' dir='ltr'><strong><em>illis</em></strong></span> <span class='ocrx_word' id='word_1_100' title='bbox 844 1076 1176 1131; x_wconf 86' lang='lat' dir='ltr'><strong><em>manducare.</em></strong></span> <span class='ocrx_word' id='word_1_101' title='bbox 1246 1074 1316 1128; x_wconf 83' lang='lat' dir='ltr'><strong><em>Et</em></strong></span> <span class='ocrx_word' id='word_1_102' title='bbox 1371 1075 1501 1128; x_wconf 73' lang='lat' dir='ltr'><strong><em>dixit</em></strong></span> <span class='ocrx_word' id='word_1_103' title='bbox 1550 1075 1621 1129; x_wconf 89' lang='lat' dir='ltr'><strong><em>eis</em></strong></span> <span class='ocrx_word' id='word_1_104' title='bbox 1679 1087 1699 1126; x_wconf 88' lang='lat'><strong><em>:</em></strong></span> <span class='ocrx_word' id='word_1_105' title='bbox 1752 1073 1890 1139; x_wconf 84' lang='lat' dir='ltr'><strong><em>Quot</em></strong></span> 
     </span>
    </p>
   </div>
   <div class='ocr_carea' id='block_1_13' title="bbox 293 1164 1889 1238">
    <p class='ocr_par' dir='ltr' id='par_1_13' title="bbox 293 1164 1889 1238">
     <span class='ocr_line' id='line_1_13' title="bbox 293 1164 1889 1238; baseline -0.003 -18"><span class='ocrx_word' id='word_1_106' title='bbox 293 1183 457 1238; x_wconf 88' lang='lat' dir='ltr'><strong><em>panes</em></strong></span> <span class='ocrx_word' id='word_1_107' title='bbox 489 1167 682 1222; x_wconf 83' lang='lat' dir='ltr'><strong><em>habetis</em></strong></span> <span class='ocrx_word' id='word_1_108' title='bbox 702 1168 727 1220; x_wconf 83' lang='lat'><strong><em>?</em></strong></span> <span class='ocrx_word' id='word_1_109' title='bbox 756 1165 838 1223; x_wconf 91' lang='lat' dir='ltr'><strong><em>Ite</em></strong></span> <span class='ocrx_word' id='word_1_110' title='bbox 858 1175 907 1221; x_wconf 90' lang='lat' dir='ltr'><strong><em>et</em></strong></span> <span class='ocrx_word' id='word_1_111' title='bbox 928 1167 1111 1221; x_wconf 90' lang='lat' dir='ltr'><strong><em>videte.</em></strong></span> <span class='ocrx_word' id='word_1_112' title='bbox 1138 1164 1207 1218; x_wconf 87' lang='lat' dir='ltr'><strong><em>Et</em></strong></span> <span class='ocrx_word' id='word_1_113' title='bbox 1234 1180 1352 1220; x_wconf 86' lang='lat' dir='ltr'><strong><em>cum</em></strong></span> <span class='ocrx_word' id='word_1_114' title='bbox 1380 1164 1766 1234; x_wconf 89' lang='lat' dir='ltr'><strong><em>cognovissent,</em></strong></span> <span class='ocrx_word' id='word_1_115' title='bbox 1807 1164 1889 1216; x_wconf 91' lang='lat' dir='ltr'><strong><em>di-</em></strong></span> 
     </span>
    </p>
   </div>
   <div class='ocr_carea' id='block_1_14' title="bbox 291 1251 1889 1327">
    <p class='ocr_par' dir='ltr' id='par_1_14' title="bbox 291 1251 1889 1327">
     <span class='ocr_line' id='line_1_14' title="bbox 291 1251 1889 1327; baseline -0.004 -14"><span class='ocrx_word' id='word_1_116' title='bbox 291 1269 423 1313; x_wconf 87' lang='lat' dir='ltr'><strong><em>cunt</em></strong></span> <span class='ocrx_word' id='word_1_117' title='bbox 449 1276 469 1314; x_wconf 87' lang='lat'><strong><em>:</em></strong></span> <span class='ocrx_word' id='word_1_118' title='bbox 498 1259 734 1327; x_wconf 83' lang='lat' dir='ltr'><strong><em>Quinque</em></strong></span> <span class='ocrx_word' id='word_1_119' title='bbox 754 1297 769 1323; x_wconf 96' lang='lat'><strong><em>,</em></strong></span> <span class='ocrx_word' id='word_1_120' title='bbox 810 1266 857 1313; x_wconf 88' lang='lat' dir='ltr'><strong><em>et</em></strong></span> <span class='ocrx_word' id='word_1_121' title='bbox 886 1258 1016 1311; x_wconf 92' lang='lat' dir='ltr'><strong><em>duos</em></strong></span> <span class='ocrx_word' id='word_1_122' title='bbox 1058 1257 1245 1327; x_wconf 86' lang='lat' dir='ltr'><strong><em>pisces.</em></strong></span> <span class='ocrx_word' id='word_1_123' title='bbox 1276 1253 1348 1308; x_wconf 84' lang='lat' dir='ltr'><strong><em>Et</em></strong></span> <span class='ocrx_word' id='word_1_124' title='bbox 1378 1255 1620 1325; x_wconf 71' lang='lat' dir='ltr'><strong><em>prwcepit</em></strong></span> <span class='ocrx_word' id='word_1_125' title='bbox 1654 1251 1763 1307; x_wconf 83' lang='lat' dir='ltr'><strong><em>illis</em></strong></span> <span class='ocrx_word' id='word_1_126' title='bbox 1786 1292 1803 1319; x_wconf 93' lang='lat'><strong><em>,</em></strong></span> <span class='ocrx_word' id='word_1_127' title='bbox 1832 1262 1889 1307; x_wconf 88' lang='lat' dir='ltr'><strong><em>ut</em></strong></span> 
     </span>
    </p>
   </div>
   <div class='ocr_carea' id='block_1_15' title="bbox 288 1345 1889 1418">
    <p class='ocr_par' dir='ltr' id='par_1_15' title="bbox 288 1345 1889 1418">
     <span class='ocr_line' id='line_1_15' title="bbox 288 1345 1889 1418; baseline -0.003 -14"><span class='ocrx_word' id='word_1_128' title='bbox 288 1350 589 1404; x_wconf 88' lang='lat' dir='ltr'><strong><em>accumbere</em></strong></span> <span class='ocrx_word' id='word_1_129' title='bbox 612 1349 805 1418; x_wconf 80' lang='lat' dir='ltr'><strong><em>faceret</em></strong></span> <span class='ocrx_word' id='word_1_130' title='bbox 828 1364 1001 1403; x_wconf 85' lang='lat' dir='ltr'><strong><em>omnes</em></strong></span> <span class='ocrx_word' id='word_1_131' title='bbox 1019 1389 1035 1416; x_wconf 96' lang='lat'><strong><em>,</em></strong></span> <span class='ocrx_word' id='word_1_132' title='bbox 1066 1347 1349 1402; x_wconf 90' lang='lat' dir='ltr'><strong><em>secundum</em></strong></span> <span class='ocrx_word' id='word_1_133' title='bbox 1374 1345 1708 1401; x_wconf 90' lang='lat' dir='ltr'><strong><em>contubernia</em></strong></span> <span class='ocrx_word' id='word_1_134' title='bbox 1733 1361 1889 1416; x_wconf 81' lang='lat' dir='ltr'><strong><em>super</em></strong></span> 
     </span>
    </p>
   </div>
   <div class='ocr_carea' id='block_1_16' title="bbox 288 1440 1885 1514">
    <p class='ocr_par' dir='ltr' id='par_1_16' title="bbox 288 1440 1885 1514">
     <span class='ocr_line' id='line_1_16' title="bbox 288 1440 1885 1514; baseline -0.005 -15"><span class='ocrx_word' id='word_1_135' title='bbox 288 1444 455 1499; x_wconf 87' lang='lat' dir='ltr'><strong><em>viride</em></strong></span> <span class='ocrx_word' id='word_1_136' title='bbox 483 1444 677 1514; x_wconf 77' lang='lat' dir='ltr'><strong><em>fenum.</em></strong></span> <span class='ocrx_word' id='word_1_137' title='bbox 716 1441 783 1496; x_wconf 85' lang='lat' dir='ltr'><strong><em>Et</em></strong></span> <span class='ocrx_word' id='word_1_138' title='bbox 814 1440 1181 1497; x_wconf 75' lang='lat' dir='ltr'><strong><em>discubuerant</em></strong></span> <span class='ocrx_word' id='word_1_139' title='bbox 1206 1440 1263 1495; x_wconf 90' lang='lat' dir='ltr'><strong><em>in</em></strong></span> <span class='ocrx_word' id='word_1_140' title='bbox 1290 1447 1465 1507; x_wconf 90' lang='lat' dir='ltr'><strong><em>partes</em></strong></span> <span class='ocrx_word' id='word_1_141' title='bbox 1491 1455 1582 1509; x_wconf 91' lang='lat' dir='ltr'><strong><em>per</em></strong></span> <span class='ocrx_word' id='word_1_142' title='bbox 1621 1447 1885 1506; x_wconf 90' lang='lat' dir='ltr'><strong><em>centenos,</em></strong></span> 
     </span>
    </p>
   </div>
   <div class='ocr_carea' id='block_1_17' title="bbox 286 1531 1888 1607">
    <p class='ocr_par' dir='ltr' id='par_1_17' title="bbox 286 1531 1888 1607">
     <span class='ocr_line' id='line_1_17' title="bbox 286 1531 1888 1607; baseline -0.004 -16"><span class='ocrx_word' id='word_1_143' title='bbox 286 1544 339 1591; x_wconf 88' lang='lat' dir='ltr'><strong><em>et</em></strong></span> <span class='ocrx_word' id='word_1_144' title='bbox 392 1536 797 1607; x_wconf 87' lang='lat' dir='ltr'><strong><em>quinquagenos.</em></strong></span> <span class='ocrx_word' id='word_1_145' title='bbox 841 1534 910 1589; x_wconf 84' lang='lat' dir='ltr'><strong><em>Et</em></strong></span> <span class='ocrx_word' id='word_1_146' title='bbox 934 1534 1155 1606; x_wconf 88' lang='lat' dir='ltr'><strong><em>acceptis</em></strong></span> <span class='ocrx_word' id='word_1_147' title='bbox 1175 1534 1399 1605; x_wconf 88' lang='lat' dir='ltr'><strong><em>quinque</em></strong></span> <span class='ocrx_word' id='word_1_148' title='bbox 1431 1532 1653 1601; x_wconf 89' lang='lat' dir='ltr'><strong><em>panibus</em></strong></span> <span class='ocrx_word' id='word_1_149' title='bbox 1682 1538 1729 1586; x_wconf 92' lang='lat' dir='ltr'><strong><em>et</em></strong></span> <span class='ocrx_word' id='word_1_150' title='bbox 1753 1531 1888 1585; x_wconf 83' lang='lat' dir='ltr'><strong><em>duo-</em></strong></span> 
     </span>
    </p>
   </div>
   <div class='ocr_carea' id='block_1_18' title="bbox 288 1624 1886 1696">
    <p class='ocr_par' dir='ltr' id='par_1_18' title="bbox 288 1624 1886 1696">
     <span class='ocr_line' id='line_1_18' title="bbox 288 1624 1886 1696; baseline -0.003 -14"><span class='ocrx_word' id='word_1_151' title='bbox 288 1627 385 1682; x_wconf 87' lang='lat' dir='ltr'><strong><em>bus</em></strong></span> <span class='ocrx_word' id='word_1_152' title='bbox 414 1628 639 1694; x_wconf 81' lang='lat' dir='ltr'><strong><em>piscibus</em></strong></span> <span class='ocrx_word' id='word_1_153' title='bbox 661 1668 677 1692; x_wconf 94' lang='lat'><strong><em>,</em></strong></span> <span class='ocrx_word' id='word_1_154' title='bbox 704 1629 908 1681; x_wconf 86' lang='lat' dir='ltr'><strong><em>intuens</em></strong></span> <span class='ocrx_word' id='word_1_155' title='bbox 934 1627 990 1680; x_wconf 91' lang='lat' dir='ltr'><strong><em>in</em></strong></span> <span class='ocrx_word' id='word_1_156' title='bbox 1021 1624 1205 1681; x_wconf 68' lang='lat' dir='ltr'><strong><em>calum</em></strong></span> <span class='ocrx_word' id='word_1_157' title='bbox 1230 1625 1509 1691; x_wconf 73' lang='lat' dir='ltr'><strong><em>benedixit,</em></strong></span> <span class='ocrx_word' id='word_1_158' title='bbox 1538 1633 1585 1679; x_wconf 90' lang='lat' dir='ltr'><strong><em>et</em></strong></span> <span class='ocrx_word' id='word_1_159' title='bbox 1609 1624 1760 1696; x_wconf 76' lang='lat' dir='ltr'><strong><em>fregit</em></strong></span> <span class='ocrx_word' id='word_1_160' title='bbox 1788 1640 1886 1695; x_wconf 85' lang='lat' dir='ltr'><strong><em>pa-</em></strong></span> 
     </span>
    </p>
   </div>
   <div class='ocr_carea' id='block_1_19' title="bbox 1994 423 3595 497">
    <p class='ocr_par' dir='ltr' id='par_1_19' title="bbox 1994 423 3595 497">
     <span class='ocr_line' id='line_1_19' title="bbox 1994 423 3595 497; baseline 0.002 -18"><span class='ocrx_word' id='word_1_161' title='bbox 1994 425 2119 479; x_wconf 88' lang='lat' dir='ltr'><strong><em>bam</em></strong></span> <span class='ocrx_word' id='word_1_162' title='bbox 2140 463 2156 489; x_wconf 90' lang='lat'><strong><em>,</em></strong></span> <span class='ocrx_word' id='word_1_163' title='bbox 2202 423 2349 480; x_wconf 70' lang='lat' dir='ltr'><strong><em>Isaac</em></strong></span> <span class='ocrx_word' id='word_1_164' title='bbox 2371 469 2386 494; x_wconf 92' lang='lat'><strong><em>,</em></strong></span> <span class='ocrx_word' id='word_1_165' title='bbox 2426 434 2483 479; x_wconf 90' lang='lat' dir='ltr'><strong><em>et</em></strong></span> <span class='ocrx_word' id='word_1_166' title='bbox 2509 424 2679 480; x_wconf 85' lang='lat' dir='ltr'><strong><em>Jacob</em></strong></span> <span class='ocrx_word' id='word_1_167' title='bbox 2711 443 2724 480; x_wconf 93' lang='lat'>:</span> <span class='ocrx_word' id='word_1_168' title='bbox 2754 426 2971 495; x_wconf 83' lang='lat' dir='ltr'><strong><em>quando</em></strong></span> <span class='ocrx_word' id='word_1_169' title='bbox 2996 426 3234 497; x_wconf 75' lang='lat' dir='ltr'><strong><em>reliquiae</em></strong></span> <span class='ocrx_word' id='word_1_170' title='bbox 3259 426 3429 483; x_wconf 66' lang='lat' dir='ltr'><strong><em>salvae</em></strong></span> <span class='ocrx_word' id='word_1_171' title='bbox 3460 426 3595 483; x_wconf 82' lang='lat' dir='ltr'><strong><em>ﬁent</em></strong></span> 
     </span>
    </p>
   </div>
   <div class='ocr_carea' id='block_1_20' title="bbox 1994 516 3592 591">
    <p class='ocr_par' dir='ltr' id='par_1_20' title="bbox 1994 516 3592 591">
     <span class='ocr_line' id='line_1_20' title="bbox 1994 516 3592 591; baseline 0.001 -17"><span class='ocrx_word' id='word_1_172' title='bbox 1994 533 2058 574; x_wconf 82' lang='lat' dir='ltr'><strong><em>ex</em></strong></span> <span class='ocrx_word' id='word_1_173' title='bbox 2104 518 2304 576; x_wconf 50' lang='lat' dir='ltr'><strong><em>Israel?</em></strong></span> <span class='ocrx_word' id='word_1_174' title='bbox 2347 518 2566 589; x_wconf 90' lang='lat' dir='ltr'><strong><em>quando</em></strong></span> <span class='ocrx_word' id='word_1_175' title='bbox 2605 518 2745 574; x_wconf 81' lang='lat' dir='ltr'><strong><em>facie</em></strong></span> <span class='ocrx_word' id='word_1_176' title='bbox 2772 518 2839 573; x_wconf 89' lang='lat' dir='ltr'><strong><em>ad</em></strong></span> <span class='ocrx_word' id='word_1_177' title='bbox 2868 516 3060 573; x_wconf 80' lang='lat' dir='ltr'><strong><em>faciem</em></strong></span> <span class='ocrx_word' id='word_1_178' title='bbox 3093 518 3418 587; x_wconf 79' lang='lat' dir='ltr'><strong><em>videbimus,</em></strong></span> <span class='ocrx_word' id='word_1_179' title='bbox 3447 519 3592 591; x_wconf 92' lang='lat' dir='ltr'><strong><em>quod</em></strong></span> 
     </span>
    </p>
   </div>
   <div class='ocr_carea' id='block_1_21' title="bbox 1994 610 3589 683">
    <p class='ocr_par' dir='ltr' id='par_1_21' title="bbox 1994 610 3589 683">
     <span class='ocr_line' id='line_1_21' title="bbox 1994 610 3589 683; baseline 0.004 -18"><span class='ocrx_word' id='word_1_180' title='bbox 1994 610 2047 665; x_wconf 90' lang='lat' dir='ltr'><strong><em>in</em></strong></span> <span class='ocrx_word' id='word_1_181' title='bbox 2087 611 2206 681; x_wconf 91' lang='lat' dir='ltr'><strong><em>lege</em></strong></span> <span class='ocrx_word' id='word_1_182' title='bbox 2234 610 2435 683; x_wconf 84' lang='lat' dir='ltr'><strong><em>Moysi,</em></strong></span> <span class='ocrx_word' id='word_1_183' title='bbox 2476 622 2534 667; x_wconf 88' lang='lat' dir='ltr'><strong><em>et</em></strong></span> <span class='ocrx_word' id='word_1_184' title='bbox 2562 611 2849 681; x_wconf 88' lang='lat' dir='ltr'><strong><em>Prophetis</em></strong></span> <span class='ocrx_word' id='word_1_185' title='bbox 2877 620 2929 666; x_wconf 91' lang='lat' dir='ltr'><strong><em>et</em></strong></span> <span class='ocrx_word' id='word_1_186' title='bbox 2961 610 3192 666; x_wconf 87' lang='lat' dir='ltr'><strong><em>Psalmis</em></strong></span> <span class='ocrx_word' id='word_1_187' title='bbox 3221 612 3483 683; x_wconf 87' lang='lat' dir='ltr'><strong><em>scriptum</em></strong></span> <span class='ocrx_word' id='word_1_188' title='bbox 3510 616 3589 672; x_wconf 86' lang='lat' dir='ltr'><strong><em>le-</em></strong></span> 
     </span>
    </p>
   </div>
   <div class='ocr_carea' id='block_1_22' title="bbox 1994 702 3589 781">
    <p class='ocr_par' dir='ltr' id='par_1_22' title="bbox 1994 702 3589 781">
     <span class='ocr_line' id='line_1_22' title="bbox 1994 702 3589 781; baseline 0.006 -24"><span class='ocrx_word' id='word_1_189' title='bbox 1994 702 2168 774; x_wconf 90' lang='lat' dir='ltr'><strong><em>gimus</em></strong></span> <span class='ocrx_word' id='word_1_190' title='bbox 2189 704 2257 760; x_wconf 92' lang='lat' dir='ltr'><strong><em>de</em></strong></span> <span class='ocrx_word' id='word_1_191' title='bbox 2278 704 2519 760; x_wconf 79' lang='lat' dir='ltr'><strong><em>Christo.</em></strong></span> <span class='ocrx_word' id='word_1_192' title='bbox 2541 703 2699 760; x_wconf 92' lang='lat' dir='ltr'><strong><em>Unde</em></strong></span> <span class='ocrx_word' id='word_1_193' title='bbox 2721 714 2844 775; x_wconf 90' lang='lat' dir='ltr'><strong><em>post</em></strong></span> <span class='ocrx_word' id='word_1_194' title='bbox 2863 712 3109 776; x_wconf 81' lang='lat' dir='ltr'><strong><em>quartam</em></strong></span> <span class='ocrx_word' id='word_1_195' title='bbox 3132 705 3368 774; x_wconf 78' lang='lat' dir='ltr'><strong><em>vigiliam</em></strong></span> <span class='ocrx_word' id='word_1_196' title='bbox 3394 710 3589 781; x_wconf 88' lang='lat' dir='ltr'><strong><em>noctis,</em></strong></span> 
     </span>
    </p>
   </div>
   <div class='ocr_carea' id='block_1_23' title="bbox 1994 798 3593 871">
    <p class='ocr_par' dir='ltr' id='par_1_23' title="bbox 1994 798 3593 871">
     <span class='ocr_line' id='line_1_23' title="bbox 1994 798 3593 871; baseline 0.003 -18"><span class='ocrx_word' id='word_1_197' title='bbox 1994 798 2293 868; x_wconf 84' lang='lat' dir='ltr'><strong><em>compescit</em></strong></span> <span class='ocrx_word' id='word_1_198' title='bbox 2320 798 2483 856; x_wconf 86' lang='lat' dir='ltr'><strong><em>Jesus</em></strong></span> <span class='ocrx_word' id='word_1_199' title='bbox 2517 807 2783 855; x_wconf 85' lang='lat' dir='ltr'><strong><em>tumorem</em></strong></span> <span class='ocrx_word' id='word_1_200' title='bbox 2810 800 2997 865; x_wconf 88' lang='lat' dir='ltr'><strong><em>maris,</em></strong></span> <span class='ocrx_word' id='word_1_201' title='bbox 3027 799 3310 855; x_wconf 80' lang='lat' dir='ltr'><strong><em>ambulans</em></strong></span> <span class='ocrx_word' id='word_1_202' title='bbox 3336 814 3502 871; x_wconf 85' lang='lat' dir='ltr'><strong><em>super</em></strong></span> <span class='ocrx_word' id='word_1_203' title='bbox 3531 803 3593 857; x_wconf 91' lang='lat' dir='ltr'><strong><em>il-</em></strong></span> 
     </span>
    </p>
   </div>
   <div class='ocr_carea' id='block_1_24' title="bbox 1994 888 3593 962">
    <p class='ocr_par' dir='ltr' id='par_1_24' title="bbox 1994 888 3593 962">
     <span class='ocr_line' id='line_1_24' title="bbox 1994 888 3593 962; baseline 0.004 -19"><span class='ocrx_word' id='word_1_204' title='bbox 1994 888 2110 957; x_wconf 89' lang='lat' dir='ltr'><strong><em>lud,</em></strong></span> <span class='ocrx_word' id='word_1_205' title='bbox 2154 899 2210 945; x_wconf 92' lang='lat' dir='ltr'><strong><em>et</em></strong></span> <span class='ocrx_word' id='word_1_206' title='bbox 2251 889 2381 946; x_wconf 88' lang='lat' dir='ltr'><strong><em>dicit</em></strong></span> <span class='ocrx_word' id='word_1_207' title='bbox 2414 910 2430 947; x_wconf 89' lang='lat'><strong>:</strong></span> <span class='ocrx_word' id='word_1_208' title='bbox 2459 890 2730 947; x_wconf 82' lang='lat' dir='ltr'><strong><em>Conﬁdite</em></strong></span> <span class='ocrx_word' id='word_1_209' title='bbox 2751 930 2767 958; x_wconf 93' lang='lat'><strong><em>,</em></strong></span> <span class='ocrx_word' id='word_1_210' title='bbox 2801 905 2901 962; x_wconf 88' lang='lat' dir='ltr'><strong><em>ego</em></strong></span> <span class='ocrx_word' id='word_1_211' title='bbox 2930 906 3050 947; x_wconf 92' lang='lat' dir='ltr'><strong><em>sum</em></strong></span> <span class='ocrx_word' id='word_1_212' title='bbox 3080 909 3095 947; x_wconf 93' lang='lat'><strong>:</strong></span> <span class='ocrx_word' id='word_1_213' title='bbox 3124 892 3246 962; x_wconf 84' lang='lat' dir='ltr'><strong><em>quia</em></strong></span> <span class='ocrx_word' id='word_1_214' title='bbox 3293 891 3593 949; x_wconf 83' lang='lat' dir='ltr'><strong><em>videbimus</em></strong></span> 
     </span>
    </p>
   </div>
   <div class='ocr_carea' id='block_1_25' title="bbox 1993 981 3591 1054">
    <p class='ocr_par' dir='ltr' id='par_1_25' title="bbox 1993 981 3591 1054">
     <span class='ocr_line' id='line_1_25' title="bbox 1993 981 3591 1054; baseline 0.003 -17"><span class='ocrx_word' id='word_1_215' title='bbox 1993 995 2116 1037; x_wconf 88' lang='lat' dir='ltr'><strong><em>eum</em></strong></span> <span class='ocrx_word' id='word_1_216' title='bbox 2156 981 2317 1038; x_wconf 86' lang='lat' dir='ltr'><strong><em>sicuti</em></strong></span> <span class='ocrx_word' id='word_1_217' title='bbox 2353 990 2456 1039; x_wconf 90' lang='lat' dir='ltr'><strong><em>est.</em></strong></span> <span class='ocrx_word' id='word_1_218' title='bbox 2496 982 2650 1038; x_wconf 88' lang='lat' dir='ltr'><strong><em>Tunc</em></strong></span> <span class='ocrx_word' id='word_1_219' title='bbox 2692 983 2935 1039; x_wconf 82' lang='lat' dir='ltr'><strong><em>cessavit</em></strong></span> <span class='ocrx_word' id='word_1_220' title='bbox 2970 992 3165 1040; x_wconf 89' lang='lat' dir='ltr'><strong><em>ventus</em></strong></span> <span class='ocrx_word' id='word_1_221' title='bbox 3198 1000 3211 1037; x_wconf 91' lang='lat'><strong>:</strong></span> <span class='ocrx_word' id='word_1_222' title='bbox 3242 991 3301 1040; x_wconf 90' lang='lat' dir='ltr'><strong><em>et</em></strong></span> <span class='ocrx_word' id='word_1_223' title='bbox 3330 985 3591 1054; x_wconf 80' lang='lat' dir='ltr'><strong><em>procella,</em></strong></span> 
     </span>
    </p>
   </div>
   <div class='ocr_carea' id='block_1_26' title="bbox 1990 1071 3592 1146">
    <p class='ocr_par' dir='ltr' id='par_1_26' title="bbox 1990 1071 3592 1146">
     <span class='ocr_line' id='line_1_26' title="bbox 1990 1071 3592 1146; baseline 0.004 -19"><span class='ocrx_word' id='word_1_224' title='bbox 1990 1071 2119 1127; x_wconf 82' lang='lat' dir='ltr'><strong><em>Jesu</em></strong></span> <span class='ocrx_word' id='word_1_225' title='bbox 2146 1074 2395 1140; x_wconf 80' lang='lat' dir='ltr'><strong><em>sedente,</em></strong></span> <span class='ocrx_word' id='word_1_226' title='bbox 2428 1083 2694 1145; x_wconf 80' lang='lat' dir='ltr'><strong><em>regnante</em></strong></span> <span class='ocrx_word' id='word_1_227' title='bbox 2724 1075 2779 1130; x_wconf 93' lang='lat' dir='ltr'><strong><em>in</em></strong></span> <span class='ocrx_word' id='word_1_228' title='bbox 2810 1075 2935 1131; x_wconf 83' lang='lat' dir='ltr'><strong><em>navi</em></strong></span> <span class='ocrx_word' id='word_1_229' title='bbox 2968 1094 2980 1131; x_wconf 91' lang='lat'>:</span> <span class='ocrx_word' id='word_1_230' title='bbox 3011 1091 3133 1146; x_wconf 68' lang='lat' dir='ltr'><strong><em>quae</em></strong></span> <span class='ocrx_word' id='word_1_231' title='bbox 3161 1083 3245 1131; x_wconf 84' lang='lat' dir='ltr'><strong><em>est</em></strong></span> <span class='ocrx_word' id='word_1_232' title='bbox 3270 1075 3592 1134; x_wconf 85' lang='lat' dir='ltr'><strong><em>universalis</em></strong></span> 
     </span>
    </p>
   </div>
   <div class='ocr_carea' id='block_1_27' title="bbox 1990 1160 2589 1232">
    <p class='ocr_par' dir='ltr' id='par_1_27' title="bbox 1990 1160 2589 1232">
     <span class='ocr_line' id='line_1_27' title="bbox 1990 1160 2589 1232; baseline 0.003 -17"><span class='ocrx_word' id='word_1_233' title='bbox 1990 1160 2255 1217; x_wconf 79' lang='lat' dir='ltr'><strong><em>Ecclesia.</em></strong></span> <span class='ocrx_word' id='word_1_234' title='bbox 2288 1162 2548 1232; x_wconf 82' lang='lat' dir='ltr'><strong><em>Sequitur</em></strong></span> <span class='ocrx_word' id='word_1_235' title='bbox 2576 1181 2589 1217; x_wconf 92' lang='lat'><strong>:</strong></span> 
     </span>
    </p>
   </div>
   <div class='ocr_carea' id='block_1_28' title="bbox 2061 1252 3593 1333">
    <p class='ocr_par' dir='ltr' id='par_1_28' title="bbox 2061 1252 3593 1333">
     <span class='ocr_line' id='line_1_28' title="bbox 2061 1252 3593 1333; baseline 0.01 -28"><span class='ocrx_word' id='word_1_236' title='bbox 2061 1252 2132 1306; x_wconf 88' lang='lat' dir='ltr'><strong><em>Et</em></strong></span> <span class='ocrx_word' id='word_1_237' title='bbox 2171 1262 2424 1326; x_wconf 83' lang='lat' dir='ltr'><strong><em>quotquot</em></strong></span> <span class='ocrx_word' id='word_1_238' title='bbox 2467 1259 2744 1328; x_wconf 89' lang='lat' dir='ltr'><strong><em>tangebant</em></strong></span> <span class='ocrx_word' id='word_1_239' title='bbox 2781 1275 2931 1329; x_wconf 89' lang='lat' dir='ltr'><strong><em>eum,</em></strong></span> <span class='ocrx_word' id='word_1_240' title='bbox 2961 1261 3092 1317; x_wconf 87' lang='lat' dir='ltr'><strong><em>salvi</em></strong></span> <span class='ocrx_word' id='word_1_241' title='bbox 3118 1261 3329 1331; x_wconf 79' lang='lat' dir='ltr'><strong><em>ﬁebant.</em></strong></span> <span class='ocrx_word' id='word_1_242' title='bbox 3362 1263 3593 1333; x_wconf 83' lang='lat' dir='ltr'><strong><em>Quando</em></strong></span> 
     </span>
    </p>
   </div>
   <div class='ocr_carea' id='block_1_29' title="bbox 1988 1342 2694 1420">
    <p class='ocr_par' dir='ltr' id='par_1_29' title="bbox 1988 1342 2694 1420">
     <span class='ocr_line' id='line_1_29' title="bbox 1988 1342 2694 1420; baseline 0.006 -20"><span class='ocrx_word' id='word_1_243' title='bbox 1988 1342 2156 1416; x_wconf 75' lang='lat' dir='ltr'><strong><em>fugiet</em></strong></span> <span class='ocrx_word' id='word_1_244' title='bbox 2182 1347 2340 1404; x_wconf 84' lang='lat' dir='ltr'><strong><em>dolor</em></strong></span> <span class='ocrx_word' id='word_1_245' title='bbox 2365 1355 2420 1403; x_wconf 90' lang='lat' dir='ltr'><strong><em>et</em></strong></span> <span class='ocrx_word' id='word_1_246' title='bbox 2440 1350 2694 1420; x_wconf 84' lang='lat' dir='ltr'><strong><em>gemitus.</em></strong></span> 
     </span>
    </p>
   </div>
   <div class='ocr_carea' id='block_1_30' title="bbox 2510 1441 2974 1499">
    <p class='ocr_par' dir='ltr' id='par_1_30' title="bbox 2510 1441 2974 1499">
     <span class='ocr_line' id='line_1_30' title="bbox 2510 1441 2974 1499; baseline 0 0"><span class='ocrx_word' id='word_1_247' title='bbox 2510 1442 2519 1449; x_wconf 85' lang='grc'><em>’</em></span> <span class='ocrx_word' id='word_1_248' title='bbox 2591 1441 2821 1499; x_wconf 84' lang='lat' dir='ltr'><strong><em>CAPUT</em></strong></span> <span class='ocrx_word' id='word_1_249' title='bbox 2866 1443 2974 1499; x_wconf 73' lang='lat' dir='ltr'><strong><em>VII.</em></strong></span> 
     </span>
    </p>
   </div>
   <div class='ocr_carea' id='block_1_31' title="bbox 2062 1530 3591 1609">
    <p class='ocr_par' dir='ltr' id='par_1_31' title="bbox 2062 1530 3591 1609">
     <span class='ocr_line' id='line_1_31' title="bbox 2062 1530 3591 1609; baseline 0.01 -24"><span class='ocrx_word' id='word_1_250' title='bbox 2062 1530 2132 1585; x_wconf 87' lang='lat' dir='ltr'><strong><em>Et</em></strong></span> <span class='ocrx_word' id='word_1_251' title='bbox 2153 1534 2461 1589; x_wconf 87' lang='lat' dir='ltr'><strong><em>conveniunt</em></strong></span> <span class='ocrx_word' id='word_1_252' title='bbox 2481 1534 2552 1588; x_wconf 89' lang='lat' dir='ltr'><strong><em>ad</em></strong></span> <span class='ocrx_word' id='word_1_253' title='bbox 2571 1549 2691 1590; x_wconf 87' lang='lat' dir='ltr'><strong><em>eum</em></strong></span> <span class='ocrx_word' id='word_1_254' title='bbox 2713 1534 2996 1603; x_wconf 79' lang='lat' dir='ltr'><strong><em>Pharistei,</em></strong></span> <span class='ocrx_word' id='word_1_255' title='bbox 3022 1548 3070 1593; x_wconf 90' lang='lat' dir='ltr'><strong><em>et</em></strong></span> <span class='ocrx_word' id='word_1_256' title='bbox 3087 1540 3300 1609; x_wconf 87' lang='lat' dir='ltr'><strong><em>quidam</em></strong></span> <span class='ocrx_word' id='word_1_257' title='bbox 3320 1543 3386 1598; x_wconf 86' lang='lat' dir='ltr'><strong><em>de</em></strong></span> <span class='ocrx_word' id='word_1_258' title='bbox 3406 1544 3591 1601; x_wconf 85' lang='lat' dir='ltr'><strong><em>scribis</em></strong></span> 
     </span>
    </p>
   </div>
   <div class='ocr_carea' id='block_1_32' title="bbox 1988 1626 3591 1704">
    <p class='ocr_par' dir='ltr' id='par_1_32' title="bbox 1988 1626 3591 1704">
     <span class='ocr_line' id='line_1_32' title="bbox 1988 1626 3591 1704; baseline 0.007 -24"><span class='ocrx_word' id='word_1_259' title='bbox 1988 1626 2246 1682; x_wconf 76' lang='lat' dir='ltr'><strong><em>venientes</em></strong></span> <span class='ocrx_word' id='word_1_260' title='bbox 2273 1628 2338 1683; x_wconf 89' lang='lat' dir='ltr'><strong><em>ab</em></strong></span> <span class='ocrx_word' id='word_1_261' title='bbox 2361 1627 2728 1699; x_wconf 79' lang='lat' dir='ltr'><strong><em>Jerosolgmis.</em></strong></span> <span class='ocrx_word' id='word_1_262' title='bbox 2756 1629 2825 1683; x_wconf 85' lang='lat' dir='ltr'><strong><em>Et</em></strong></span> <span class='ocrx_word' id='word_1_263' title='bbox 2848 1647 2967 1685; x_wconf 87' lang='lat' dir='ltr'><strong><em>cum</em></strong></span> <span class='ocrx_word' id='word_1_264' title='bbox 2989 1632 3236 1688; x_wconf 88' lang='lat' dir='ltr'><strong><em>vidissent</em></strong></span> <span class='ocrx_word' id='word_1_265' title='bbox 3254 1638 3507 1704; x_wconf 87' lang='lat' dir='ltr'><strong><em>quosdam</em></strong></span> <span class='ocrx_word' id='word_1_266' title='bbox 3524 1654 3591 1693; x_wconf 75' lang='lat' dir='ltr'><strong><em>ex</em></strong></span> 
     </span>
    </p>
   </div>
   <div class='ocr_carea' id='block_1_33' title="bbox 287 1714 3586 1802">
    <p class='ocr_par' dir='ltr' id='par_1_33' title="bbox 287 1714 3586 1802">
     <span class='ocr_line' id='line_1_33' title="bbox 287 1714 3586 1802; baseline 0.004 -29"><span class='ocrx_word' id='word_1_267' title='bbox 287 1735 407 1786; x_wconf 91' lang='lat' dir='ltr'><strong><em>nes,</em></strong></span> <span class='ocrx_word' id='word_1_268' title='bbox 436 1728 483 1773; x_wconf 93' lang='lat' dir='ltr'><strong><em>et</em></strong></span> <span class='ocrx_word' id='word_1_269' title='bbox 508 1719 652 1774; x_wconf 86' lang='lat' dir='ltr'><strong><em>dedit</em></strong></span> <span class='ocrx_word' id='word_1_270' title='bbox 692 1718 963 1789; x_wconf 81' lang='lat' dir='ltr'><strong><em>discipulis</em></strong></span> <span class='ocrx_word' id='word_1_271' title='bbox 988 1718 1127 1784; x_wconf 84' lang='lat' dir='ltr'><strong><em>suis,</em></strong></span> <span class='ocrx_word' id='word_1_272' title='bbox 1173 1726 1230 1771; x_wconf 90' lang='lat' dir='ltr'><strong><em>ut</em></strong></span> <span class='ocrx_word' id='word_1_273' title='bbox 1264 1724 1510 1786; x_wconf 82' lang='lat' dir='ltr'><strong><em>ponerent</em></strong></span> <span class='ocrx_word' id='word_1_274' title='bbox 1532 1724 1650 1769; x_wconf 85' lang='lat' dir='ltr'><strong><em>ante</em></strong></span> <span class='ocrx_word' id='word_1_275' title='bbox 1677 1732 1787 1770; x_wconf 89' lang='lat' dir='ltr'><strong><em>eos.</em></strong></span> <span class='ocrx_word' id='word_1_276' title='bbox 1818 1714 1889 1769; x_wconf 86' lang='lat' dir='ltr'><strong><em>Et</em></strong></span> <span class='ocrx_word' id='word_1_277' title='bbox 1918 1716 1966 1777; x_wconf 87' lang='grc' dir='ltr'><strong>Β</strong></span> <span class='ocrx_word' id='word_1_278' title='bbox 1991 1718 2268 1790; x_wconf 86' lang='lat' dir='ltr'><strong><em>discipulis</em></strong></span> <span class='ocrx_word' id='word_1_279' title='bbox 2295 1724 2408 1792; x_wconf 83' lang='lat' dir='ltr'><strong><em>ejus</em></strong></span> <span class='ocrx_word' id='word_1_280' title='bbox 2436 1722 2792 1777; x_wconf 81' lang='lat' dir='ltr'><strong><em>communibus</em></strong></span> <span class='ocrx_word' id='word_1_281' title='bbox 2812 1724 3071 1795; x_wconf 89' lang='lat' dir='ltr'><strong><em>manibus,</em></strong></span> <span class='ocrx_word' id='word_1_282' title='bbox 3102 1726 3159 1780; x_wconf 92' lang='lat' dir='ltr'><strong><em>id</em></strong></span> <span class='ocrx_word' id='word_1_283' title='bbox 3185 1736 3286 1795; x_wconf 89' lang='lat' dir='ltr'><strong><em>est,</em></strong></span> <span class='ocrx_word' id='word_1_284' title='bbox 3314 1745 3417 1782; x_wconf 89' lang='lat' dir='ltr'><strong><em>non</em></strong></span> <span class='ocrx_word' id='word_1_285' title='bbox 3447 1728 3586 1802; x_wconf 77' lang='lat' dir='ltr'><strong><em>lotis,</em></strong></span> 
     </span>
    </p>
   </div>
   <div class='ocr_carea' id='block_1_34' title="bbox 286 1807 1887 1881">
    <p class='ocr_par' dir='ltr' id='par_1_34' title="bbox 286 1807 1887 1881">
     <span class='ocr_line' id='line_1_34' title="bbox 286 1807 1887 1881; baseline 0 -18"><span class='ocrx_word' id='word_1_286' title='bbox 286 1809 425 1865; x_wconf 89' lang='lat' dir='ltr'><strong><em>duos</em></strong></span> <span class='ocrx_word' id='word_1_287' title='bbox 450 1813 615 1881; x_wconf 86' lang='lat' dir='ltr'><strong><em>pisces</em></strong></span> <span class='ocrx_word' id='word_1_288' title='bbox 644 1809 816 1864; x_wconf 87' lang='lat' dir='ltr'><strong><em>divisit</em></strong></span> <span class='ocrx_word' id='word_1_289' title='bbox 851 1809 1117 1876; x_wconf 89' lang='lat' dir='ltr'><strong><em>omnibus,</em></strong></span> <span class='ocrx_word' id='word_1_290' title='bbox 1145 1818 1195 1862; x_wconf 89' lang='lat' dir='ltr'><strong><em>et</em></strong></span> <span class='ocrx_word' id='word_1_291' title='bbox 1215 1807 1659 1861; x_wconf 87' lang='lat' dir='ltr'><strong><em>manducaverunt</em></strong></span> <span class='ocrx_word' id='word_1_292' title='bbox 1680 1824 1887 1876; x_wconf 89' lang='lat' dir='ltr'><strong><em>omnes,</em></strong></span> 
     </span>
    </p>
   </div>
   <div class='ocr_carea' id='block_1_35' title="bbox 286 1899 1891 1971">
    <p class='ocr_par' dir='ltr' id='par_1_35' title="bbox 286 1899 1891 1971">
     <span class='ocr_line' id='line_1_35' title="bbox 286 1899 1891 1971; baseline -0.002 -15"><span class='ocrx_word' id='word_1_293' title='bbox 286 1912 339 1956; x_wconf 85' lang='lat' dir='ltr'><strong><em>et</em></strong></span> <span class='ocrx_word' id='word_1_294' title='bbox 363 1902 589 1956; x_wconf 88' lang='lat' dir='ltr'><strong><em>saturati</em></strong></span> <span class='ocrx_word' id='word_1_295' title='bbox 613 1910 753 1957; x_wconf 88' lang='lat' dir='ltr'><strong><em>sunt.</em></strong></span> <span class='ocrx_word' id='word_1_296' title='bbox 777 1899 845 1955; x_wconf 84' lang='lat' dir='ltr'><strong><em>Et</em></strong></span> <span class='ocrx_word' id='word_1_297' title='bbox 870 1901 1188 1956; x_wconf 89' lang='lat' dir='ltr'><strong><em>sustulerunt</em></strong></span> <span class='ocrx_word' id='word_1_298' title='bbox 1210 1901 1459 1971; x_wconf 88' lang='lat' dir='ltr'><strong><em>reliquias</em></strong></span> <span class='ocrx_word' id='word_1_299' title='bbox 1481 1903 1891 1970; x_wconf 77' lang='lat' dir='ltr'><strong><em>fragmentorum</em></strong></span> 
     </span>
    </p>
   </div>
   <div class='ocr_carea' id='block_1_36' title="bbox 282 1992 1890 2067">
    <p class='ocr_par' dir='ltr' id='par_1_36' title="bbox 282 1992 1890 2067">
     <span class='ocr_line' id='line_1_36' title="bbox 282 1992 1890 2067; baseline 0.001 -20"><span class='ocrx_word' id='word_1_300' title='bbox 282 1993 566 2049; x_wconf 86' lang='lat' dir='ltr'><strong><em>duodecim</em></strong></span> <span class='ocrx_word' id='word_1_301' title='bbox 594 1996 843 2067; x_wconf 87' lang='lat' dir='ltr'><strong><em>caphinos</em></strong></span> <span class='ocrx_word' id='word_1_302' title='bbox 878 1993 1103 2067; x_wconf 84' lang='lat' dir='ltr'><strong><em>plenos,</em></strong></span> <span class='ocrx_word' id='word_1_303' title='bbox 1144 2004 1191 2049; x_wconf 91' lang='lat' dir='ltr'><strong><em>et</em></strong></span> <span class='ocrx_word' id='word_1_304' title='bbox 1220 1994 1284 2049; x_wconf 90' lang='lat' dir='ltr'><strong><em>de</em></strong></span> <span class='ocrx_word' id='word_1_305' title='bbox 1312 1993 1555 2065; x_wconf 85' lang='lat' dir='ltr'><strong><em>piscibus.</em></strong></span> <span class='ocrx_word' id='word_1_306' title='bbox 1600 1992 1767 2047; x_wconf 87' lang='lat' dir='ltr'><strong><em>Erant</em></strong></span> <span class='ocrx_word' id='word_1_307' title='bbox 1794 2010 1890 2048; x_wconf 89' lang='lat' dir='ltr'><strong><em>au-</em></strong></span> 
     </span>
    </p>
   </div>
   <div class='ocr_carea' id='block_1_37' title="bbox 282 2082 1890 2157">
    <p class='ocr_par' dir='ltr' id='par_1_37' title="bbox 282 2082 1890 2157">
     <span class='ocr_line' id='line_1_37' title="bbox 282 2082 1890 2157; baseline 0 -19"><span class='ocrx_word' id='word_1_308' title='bbox 282 2093 395 2140; x_wconf 88' lang='lat' dir='ltr'><strong><em>tem</em></strong></span> <span class='ocrx_word' id='word_1_309' title='bbox 423 2088 515 2156; x_wconf 90' lang='lat' dir='ltr'><strong><em>qui</em></strong></span> <span class='ocrx_word' id='word_1_310' title='bbox 535 2086 977 2141; x_wconf 86' lang='lat' dir='ltr'><strong><em>manducaverunt</em></strong></span> <span class='ocrx_word' id='word_1_311' title='bbox 1003 2127 1020 2155; x_wconf 92' lang='lat'><strong><em>,</em></strong></span> <span class='ocrx_word' id='word_1_312' title='bbox 1051 2087 1275 2157; x_wconf 90' lang='lat' dir='ltr'><strong><em>quinque</em></strong></span> <span class='ocrx_word' id='word_1_313' title='bbox 1319 2085 1488 2139; x_wconf 88' lang='lat' dir='ltr'><strong><em>millia</em></strong></span> <span class='ocrx_word' id='word_1_314' title='bbox 1525 2085 1775 2139; x_wconf 86' lang='lat' dir='ltr'><strong><em>virorum.</em></strong></span> <span class='ocrx_word' id='word_1_315' title='bbox 1818 2082 1890 2138; x_wconf 87' lang='lat' dir='ltr'><strong><em>Et</em></strong></span> 
     </span>
    </p>
   </div>
   <div class='ocr_carea' id='block_1_38' title="bbox 283 2177 1888 2251">
    <p class='ocr_par' dir='ltr' id='par_1_38' title="bbox 283 2177 1888 2251">
     <span class='ocr_line' id='line_1_38' title="bbox 283 2177 1888 2251; baseline 0 -19"><span class='ocrx_word' id='word_1_316' title='bbox 283 2178 470 2232; x_wconf 82' lang='lat' dir='ltr'><strong><em>statim</em></strong></span> <span class='ocrx_word' id='word_1_317' title='bbox 496 2178 659 2249; x_wconf 83' lang='lat' dir='ltr'><strong><em>coegit</em></strong></span> <span class='ocrx_word' id='word_1_318' title='bbox 679 2178 966 2251; x_wconf 88' lang='lat' dir='ltr'><strong><em>discipulos</em></strong></span> <span class='ocrx_word' id='word_1_319' title='bbox 995 2195 1117 2234; x_wconf 91' lang='lat' dir='ltr'><strong><em>suos</em></strong></span> <span class='ocrx_word' id='word_1_320' title='bbox 1137 2177 1415 2233; x_wconf 85' lang='lat' dir='ltr'><strong><em>ascendere</em></strong></span> <span class='ocrx_word' id='word_1_321' title='bbox 1435 2178 1629 2245; x_wconf 85' lang='lat' dir='ltr'><strong><em>navim,</em></strong></span> <span class='ocrx_word' id='word_1_322' title='bbox 1664 2185 1721 2231; x_wconf 89' lang='lat' dir='ltr'><strong><em>ut</em></strong></span> <span class='ocrx_word' id='word_1_323' title='bbox 1749 2192 1888 2247; x_wconf 78' lang='lat' dir='ltr'><strong><em>prte-</em></strong></span> 
     </span>
    </p>
   </div>
   <div class='ocr_carea' id='block_1_39' title="bbox 284 2270 1887 2344">
    <p class='ocr_par' dir='ltr' id='par_1_39' title="bbox 284 2270 1887 2344">
     <span class='ocr_line' id='line_1_39' title="bbox 284 2270 1887 2344; baseline 0.001 -20"><span class='ocrx_word' id='word_1_324' title='bbox 284 2270 529 2326; x_wconf 88' lang='lat' dir='ltr'><strong><em>cederent</em></strong></span> <span class='ocrx_word' id='word_1_325' title='bbox 575 2287 690 2325; x_wconf 91' lang='lat' dir='ltr'><strong><em>eum</em></strong></span> <span class='ocrx_word' id='word_1_326' title='bbox 720 2282 868 2327; x_wconf 88' lang='lat' dir='ltr'><strong><em>trans</em></strong></span> <span class='ocrx_word' id='word_1_327' title='bbox 890 2276 1079 2344; x_wconf 77' lang='lat' dir='ltr'><strong><em>fretum</em></strong></span> <span class='ocrx_word' id='word_1_328' title='bbox 1109 2273 1178 2326; x_wconf 91' lang='lat' dir='ltr'><strong><em>ad</em></strong></span> <span class='ocrx_word' id='word_1_329' title='bbox 1205 2271 1537 2327; x_wconf 89' lang='lat' dir='ltr'><strong><em>Bethsaidam</em></strong></span> <span class='ocrx_word' id='word_1_330' title='bbox 1560 2311 1576 2339; x_wconf 98' lang='lat'><strong><em>,</em></strong></span> <span class='ocrx_word' id='word_1_331' title='bbox 1606 2272 1731 2325; x_wconf 87' lang='lat' dir='ltr'><strong><em>dum</em></strong></span> <span class='ocrx_word' id='word_1_332' title='bbox 1776 2271 1887 2341; x_wconf 87' lang='lat' dir='ltr'><strong><em>ipse</em></strong></span> 
     </span>
    </p>
   </div>
   <div class='ocr_carea' id='block_1_40' title="bbox 282 2363 1888 2437">
    <p class='ocr_par' dir='ltr' id='par_1_40' title="bbox 282 2363 1888 2437">
     <span class='ocr_line' id='line_1_40' title="bbox 282 2363 1888 2437; baseline 0.001 -22"><span class='ocrx_word' id='word_1_333' title='bbox 282 2363 577 2419; x_wconf 81' lang='lat' dir='ltr'><strong><em>dimitteret</em></strong></span> <span class='ocrx_word' id='word_1_334' title='bbox 625 2366 898 2437; x_wconf 87' lang='lat' dir='ltr'><strong><em>papulum.</em></strong></span> <span class='ocrx_word' id='word_1_335' title='bbox 931 2364 1000 2419; x_wconf 82' lang='lat' dir='ltr'><strong><em>Et</em></strong></span> <span class='ocrx_word' id='word_1_336' title='bbox 1030 2382 1148 2420; x_wconf 92' lang='lat' dir='ltr'><strong><em>cum</em></strong></span> <span class='ocrx_word' id='word_1_337' title='bbox 1189 2367 1466 2421; x_wconf 88' lang='lat' dir='ltr'><strong><em>dimisisset</em></strong></span> <span class='ocrx_word' id='word_1_338' title='bbox 1504 2381 1589 2420; x_wconf 89' lang='lat' dir='ltr'><strong><em>eos</em></strong></span> <span class='ocrx_word' id='word_1_339' title='bbox 1616 2403 1633 2430; x_wconf 89' lang='lat'><strong><em>,</em></strong></span> <span class='ocrx_word' id='word_1_340' title='bbox 1674 2364 1801 2418; x_wconf 90' lang='lat' dir='ltr'><strong><em>abiit</em></strong></span> <span class='ocrx_word' id='word_1_341' title='bbox 1831 2364 1888 2418; x_wconf 91' lang='lat' dir='ltr'><strong><em>in</em></strong></span> 
     </span>
    </p>
   </div>
   <div class='ocr_carea' id='block_1_41' title="bbox 279 2456 1887 2525">
    <p class='ocr_par' dir='ltr' id='par_1_41' title="bbox 279 2456 1887 2525">
     <span class='ocr_line' id='line_1_41' title="bbox 279 2456 1887 2525; baseline 0 -14"><span class='ocrx_word' id='word_1_342' title='bbox 279 2467 520 2513; x_wconf 86' lang='lat' dir='ltr'><strong><em>montem</em></strong></span> <span class='ocrx_word' id='word_1_343' title='bbox 540 2474 712 2514; x_wconf 89' lang='lat' dir='ltr'><strong><em>orare.</em></strong></span> <span class='ocrx_word' id='word_1_344' title='bbox 736 2456 944 2513; x_wconf 89' lang='lat' dir='ltr'><strong><em>Etcum</em></strong></span> <span class='ocrx_word' id='word_1_345' title='bbox 966 2475 1081 2514; x_wconf 88' lang='lat' dir='ltr'><strong><em>sero</em></strong></span> <span class='ocrx_word' id='word_1_346' title='bbox 1105 2468 1237 2514; x_wconf 89' lang='lat' dir='ltr'><strong><em>esset</em></strong></span> <span class='ocrx_word' id='word_1_347' title='bbox 1264 2500 1279 2525; x_wconf 93' lang='lat'><strong><em>,</em></strong></span> <span class='ocrx_word' id='word_1_348' title='bbox 1320 2468 1431 2514; x_wconf 84' lang='lat' dir='ltr'><strong><em>erat</em></strong></span> <span class='ocrx_word' id='word_1_349' title='bbox 1461 2460 1604 2514; x_wconf 86' lang='lat' dir='ltr'><strong><em>navis</em></strong></span> <span class='ocrx_word' id='word_1_350' title='bbox 1631 2458 1686 2513; x_wconf 90' lang='lat' dir='ltr'><strong><em>in</em></strong></span> <span class='ocrx_word' id='word_1_351' title='bbox 1715 2458 1887 2513; x_wconf 85' lang='lat' dir='ltr'><strong><em>medio</em></strong></span> 
     </span>
    </p>
   </div>
   <div class='ocr_carea' id='block_1_42' title="bbox 279 2550 1886 2623">
    <p class='ocr_par' dir='ltr' id='par_1_42' title="bbox 279 2550 1886 2623">
     <span class='ocr_line' id='line_1_42' title="bbox 279 2550 1886 2623; baseline 0.001 -18"><span class='ocrx_word' id='word_1_352' title='bbox 279 2550 429 2605; x_wconf 85' lang='lat' dir='ltr'><strong><em>mari</em></strong></span> <span class='ocrx_word' id='word_1_353' title='bbox 455 2593 471 2618; x_wconf 91' lang='lat'><strong><em>,</em></strong></span> <span class='ocrx_word' id='word_1_354' title='bbox 502 2558 549 2605; x_wconf 91' lang='lat' dir='ltr'><strong><em>et</em></strong></span> <span class='ocrx_word' id='word_1_355' title='bbox 577 2550 689 2623; x_wconf 89' lang='lat' dir='ltr'><strong><em>ipse</em></strong></span> <span class='ocrx_word' id='word_1_356' title='bbox 718 2552 860 2607; x_wconf 86' lang='lat' dir='ltr'><strong><em>solus</em></strong></span> <span class='ocrx_word' id='word_1_357' title='bbox 889 2552 945 2605; x_wconf 90' lang='lat' dir='ltr'><strong><em>in</em></strong></span> <span class='ocrx_word' id='word_1_358' title='bbox 980 2560 1119 2605; x_wconf 87' lang='lat' dir='ltr'><strong><em>terra</em></strong></span> <span class='ocrx_word' id='word_1_359' title='bbox 1142 2567 1163 2606; x_wconf 89' lang='lat'><strong><em>:</em></strong></span> <span class='ocrx_word' id='word_1_360' title='bbox 1186 2560 1237 2607; x_wconf 90' lang='lat' dir='ltr'><strong><em>et</em></strong></span> <span class='ocrx_word' id='word_1_361' title='bbox 1266 2552 1445 2607; x_wconf 89' lang='lat' dir='ltr'><strong><em>videns</em></strong></span> <span class='ocrx_word' id='word_1_362' title='bbox 1473 2568 1560 2607; x_wconf 88' lang='lat' dir='ltr'><strong><em>eos</em></strong></span> <span class='ocrx_word' id='word_1_363' title='bbox 1592 2551 1886 2606; x_wconf 84' lang='lat' dir='ltr'><strong><em>laborantes</em></strong></span> 
     </span>
    </p>
   </div>
   <div class='ocr_carea' id='block_1_43' title="bbox 281 2641 1885 2714">
    <p class='ocr_par' dir='ltr' id='par_1_43' title="bbox 281 2641 1885 2714">
     <span class='ocr_line' id='line_1_43' title="bbox 281 2641 1885 2714; baseline 0.001 -20"><span class='ocrx_word' id='word_1_364' title='bbox 281 2642 345 2695; x_wconf 82' lang='lat' dir='ltr'><strong><em>in</em></strong></span> <span class='ocrx_word' id='word_1_365' title='bbox 366 2642 689 2714; x_wconf 87' lang='lat' dir='ltr'><strong><em>remigando,</em></strong></span> <span class='ocrx_word' id='word_1_366' title='bbox 724 2652 832 2698; x_wconf 88' lang='lat' dir='ltr'><strong><em>erat</em></strong></span> <span class='ocrx_word' id='word_1_367' title='bbox 855 2643 990 2697; x_wconf 87' lang='lat' dir='ltr'><strong><em>enim</em></strong></span> <span class='ocrx_word' id='word_1_368' title='bbox 1010 2652 1187 2697; x_wconf 90' lang='lat' dir='ltr'><strong><em>ventus</em></strong></span> <span class='ocrx_word' id='word_1_369' title='bbox 1207 2643 1499 2697; x_wconf 87' lang='lat' dir='ltr'><strong><em>contrarius</em></strong></span> <span class='ocrx_word' id='word_1_370' title='bbox 1522 2643 1618 2698; x_wconf 91' lang='lat' dir='ltr'><strong><em>eis.</em></strong></span> <span class='ocrx_word' id='word_1_371' title='bbox 1648 2641 1716 2695; x_wconf 87' lang='lat' dir='ltr'><strong><em>Et</em></strong></span> <span class='ocrx_word' id='word_1_372' title='bbox 1745 2642 1885 2696; x_wconf 87' lang='lat' dir='ltr'><strong><em>circa</em></strong></span> 
     </span>
    </p>
   </div>
   <div class='ocr_carea' id='block_1_44' title="bbox 277 2733 1885 2805">
    <p class='ocr_par' dir='ltr' id='par_1_44' title="bbox 277 2733 1885 2805">
     <span class='ocr_line' id='line_1_44' title="bbox 277 2733 1885 2805; baseline 0.001 -19"><span class='ocrx_word' id='word_1_373' title='bbox 277 2742 529 2804; x_wconf 88' lang='lat' dir='ltr'><strong><em>quartam</em></strong></span> <span class='ocrx_word' id='word_1_374' title='bbox 558 2734 785 2805; x_wconf 87' lang='lat' dir='ltr'><strong><em>vigiliam</em></strong></span> <span class='ocrx_word' id='word_1_375' title='bbox 805 2736 969 2789; x_wconf 88' lang='lat' dir='ltr'><strong><em>noctis</em></strong></span> <span class='ocrx_word' id='word_1_376' title='bbox 999 2735 1134 2789; x_wconf 85' lang='lat' dir='ltr'><strong><em>venit</em></strong></span> <span class='ocrx_word' id='word_1_377' title='bbox 1173 2734 1241 2787; x_wconf 90' lang='lat' dir='ltr'><strong><em>ad</em></strong></span> <span class='ocrx_word' id='word_1_378' title='bbox 1269 2750 1355 2789; x_wconf 89' lang='lat' dir='ltr'><strong><em>eos</em></strong></span> <span class='ocrx_word' id='word_1_379' title='bbox 1384 2778 1399 2802; x_wconf 93' lang='lat'><strong><em>,</em></strong></span> <span class='ocrx_word' id='word_1_380' title='bbox 1431 2733 1703 2789; x_wconf 89' lang='lat' dir='ltr'><strong><em>ambulans</em></strong></span> <span class='ocrx_word' id='word_1_381' title='bbox 1731 2750 1885 2805; x_wconf 88' lang='lat' dir='ltr'><strong><em>super</em></strong></span> 
     </span>
    </p>
   </div>
   <div class='ocr_carea' id='block_1_45' title="bbox 277 2826 1885 2897">
    <p class='ocr_par' dir='ltr' id='par_1_45' title="bbox 277 2826 1885 2897">
     <span class='ocr_line' id='line_1_45' title="bbox 277 2826 1885 2897; baseline -0.001 -18"><span class='ocrx_word' id='word_1_382' title='bbox 277 2841 433 2880; x_wconf 90' lang='lat' dir='ltr'><strong><em>mare</em></strong></span> <span class='ocrx_word' id='word_1_383' title='bbox 458 2865 473 2892; x_wconf 93' lang='lat'><strong><em>,</em></strong></span> <span class='ocrx_word' id='word_1_384' title='bbox 505 2835 551 2880; x_wconf 89' lang='lat' dir='ltr'><strong><em>et</em></strong></span> <span class='ocrx_word' id='word_1_385' title='bbox 571 2826 766 2882; x_wconf 87' lang='lat' dir='ltr'><strong><em>volebat</em></strong></span> <span class='ocrx_word' id='word_1_386' title='bbox 798 2826 1061 2897; x_wconf 70' lang='lat' dir='ltr'><strong><em>prseterire</em></strong></span> <span class='ocrx_word' id='word_1_387' title='bbox 1086 2842 1191 2882; x_wconf 90' lang='lat' dir='ltr'><strong><em>eos.</em></strong></span> <span class='ocrx_word' id='word_1_388' title='bbox 1222 2827 1289 2879; x_wconf 80' lang='lat' dir='ltr'><strong><em>At</em></strong></span> <span class='ocrx_word' id='word_1_389' title='bbox 1311 2826 1392 2880; x_wconf 89' lang='lat' dir='ltr'><strong><em>illi</em></strong></span> <span class='ocrx_word' id='word_1_390' title='bbox 1419 2835 1475 2880; x_wconf 88' lang='lat' dir='ltr'><strong><em>ut</em></strong></span> <span class='ocrx_word' id='word_1_391' title='bbox 1506 2826 1741 2881; x_wconf 91' lang='lat' dir='ltr'><strong><em>viderunt</em></strong></span> <span class='ocrx_word' id='word_1_392' title='bbox 1768 2841 1885 2879; x_wconf 90' lang='lat' dir='ltr'><strong><em>eum</em></strong></span> 
     </span>
    </p>
   </div>
   <div class='ocr_carea' id='block_1_46' title="bbox 274 2916 1885 2990">
    <p class='ocr_par' dir='ltr' id='par_1_46' title="bbox 274 2916 1885 2990">
     <span class='ocr_line' id='line_1_46' title="bbox 274 2916 1885 2990; baseline 0.001 -18"><span class='ocrx_word' id='word_1_393' title='bbox 274 2916 639 2983; x_wconf 84' lang='lat' dir='ltr'><strong><em>ambulantem</em></strong></span> <span class='ocrx_word' id='word_1_394' title='bbox 663 2934 821 2990; x_wconf 87' lang='lat' dir='ltr'><strong><em>super</em></strong></span> <span class='ocrx_word' id='word_1_395' title='bbox 844 2934 989 2973; x_wconf 84' lang='lat' dir='ltr'><strong><em>mare</em></strong></span> <span class='ocrx_word' id='word_1_396' title='bbox 1011 2960 1024 2984; x_wconf 91' lang='lat'><strong><em>,</em></strong></span> <span class='ocrx_word' id='word_1_397' title='bbox 1056 2926 1365 2990; x_wconf 89' lang='lat' dir='ltr'><strong><em>putaverunt</em></strong></span> <span class='ocrx_word' id='word_1_398' title='bbox 1390 2918 1703 2989; x_wconf 80' lang='lat' dir='ltr'><strong><em>phantasma</em></strong></span> <span class='ocrx_word' id='word_1_399' title='bbox 1730 2933 1842 2973; x_wconf 87' lang='lat' dir='ltr'><strong><em>esse</em></strong></span> <span class='ocrx_word' id='word_1_400' title='bbox 1865 2934 1885 2973; x_wconf 86' lang='lat'><strong><em>:</em></strong></span> 
     </span>
    </p>
   </div>
   <div class='ocr_carea' id='block_1_47' title="bbox 271 3010 1881 3078">
    <p class='ocr_par' dir='ltr' id='par_1_47' title="bbox 271 3010 1881 3078">
     <span class='ocr_line' id='line_1_47' title="bbox 271 3010 1881 3078; baseline -0.001 -14"><span class='ocrx_word' id='word_1_401' title='bbox 271 3017 328 3064; x_wconf 87' lang='lat' dir='ltr'><strong><em>et</em></strong></span> <span class='ocrx_word' id='word_1_402' title='bbox 371 3010 808 3065; x_wconf 69' lang='lat' dir='ltr'><strong><em>exclamaverunt.</em></strong></span> <span class='ocrx_word' id='word_1_403' title='bbox 842 3010 1032 3067; x_wconf 82' lang='lat' dir='ltr'><strong><em>Omnes</em></strong></span> <span class='ocrx_word' id='word_1_404' title='bbox 1060 3012 1198 3065; x_wconf 89' lang='lat' dir='ltr'><strong><em>enim</em></strong></span> <span class='ocrx_word' id='word_1_405' title='bbox 1226 3011 1468 3065; x_wconf 87' lang='lat' dir='ltr'><strong><em>viderunt</em></strong></span> <span class='ocrx_word' id='word_1_406' title='bbox 1497 3026 1612 3065; x_wconf 88' lang='lat' dir='ltr'><strong><em>eum</em></strong></span> <span class='ocrx_word' id='word_1_407' title='bbox 1631 3052 1648 3078; x_wconf 94' lang='lat'><strong><em>,</em></strong></span> <span class='ocrx_word' id='word_1_408' title='bbox 1680 3021 1728 3065; x_wconf 89' lang='lat' dir='ltr'><strong><em>et</em></strong></span> <span class='ocrx_word' id='word_1_409' title='bbox 1755 3024 1881 3064; x_wconf 88' lang='lat' dir='ltr'><strong><em>con-</em></strong></span> 
     </span>
    </p>
   </div>
   <div class='ocr_carea' id='block_1_48' title="bbox 1992 1814 3590 1883">
    <p class='ocr_par' dir='ltr' id='par_1_48' title="bbox 1992 1814 3590 1883">
     <span class='ocr_line' id='line_1_48' title="bbox 1992 1814 3590 1883; baseline 0.008 -18"><span class='ocrx_word' id='word_1_410' title='bbox 1992 1814 2309 1867; x_wconf 87' lang='lat' dir='ltr'><strong><em>manducare</em></strong></span> <span class='ocrx_word' id='word_1_411' title='bbox 2349 1831 2539 1883; x_wconf 89' lang='lat' dir='ltr'><strong><em>panes,</em></strong></span> <span class='ocrx_word' id='word_1_412' title='bbox 2570 1817 3005 1881; x_wconf 89' lang='lat' dir='ltr'><strong><em>vituperaverunt.</em></strong></span> <span class='ocrx_word' id='word_1_413' title='bbox 3037 1818 3295 1876; x_wconf 67' lang='lat' dir='ltr'><strong><em>Pharisaei</em></strong></span> <span class='ocrx_word' id='word_1_414' title='bbox 3328 1831 3499 1877; x_wconf 90' lang='lat' dir='ltr'><strong><em>autem</em></strong></span> <span class='ocrx_word' id='word_1_415' title='bbox 3541 1832 3590 1878; x_wconf 87' lang='lat' dir='ltr'><strong><em>et</em></strong></span> 
     </span>
    </p>
   </div>
   <div class='ocr_carea' id='block_1_49' title="bbox 1993 1902 3585 1983">
    <p class='ocr_par' dir='ltr' id='par_1_49' title="bbox 1993 1902 3585 1983">
     <span class='ocr_line' id='line_1_49' title="bbox 1993 1902 3585 1983; baseline 0.008 -26"><span class='ocrx_word' id='word_1_416' title='bbox 1993 1920 2166 1959; x_wconf 89' lang='lat' dir='ltr'><strong><em>omnes</em></strong></span> <span class='ocrx_word' id='word_1_417' title='bbox 2178 1902 2353 1958; x_wconf 67' lang='lat' dir='ltr'><strong><em>Judaei</em></strong></span> <span class='ocrx_word' id='word_1_418' title='bbox 2366 1905 2469 1958; x_wconf 89' lang='lat' dir='ltr'><strong><em>nisi</em></strong></span> <span class='ocrx_word' id='word_1_419' title='bbox 2482 1905 2658 1960; x_wconf 90' lang='lat' dir='ltr'><strong><em>crebro</em></strong></span> <span class='ocrx_word' id='word_1_420' title='bbox 2670 1907 2886 1962; x_wconf 79' lang='lat' dir='ltr'><strong><em>laverint</em></strong></span> <span class='ocrx_word' id='word_1_421' title='bbox 2897 1925 3105 1976; x_wconf 88' lang='lat' dir='ltr'><strong><em>manus,</em></strong></span> <span class='ocrx_word' id='word_1_422' title='bbox 3121 1928 3228 1967; x_wconf 92' lang='lat' dir='ltr'><strong><em>non</em></strong></span> <span class='ocrx_word' id='word_1_423' title='bbox 3244 1916 3585 1983; x_wconf 89' lang='lat' dir='ltr'><strong><em>manducant,</em></strong></span> 
     </span>
    </p>
   </div>
   <div class='ocr_carea' id='block_1_50' title="bbox 1992 1993 3588 2070">
    <p class='ocr_par' dir='ltr' id='par_1_50' title="bbox 1992 1993 3588 2070">
     <span class='ocr_line' id='line_1_50' title="bbox 1992 1993 3588 2070; baseline 0.011 -26"><span class='ocrx_word' id='word_1_424' title='bbox 1992 1999 2217 2048; x_wconf 88' lang='lat' dir='ltr'><strong><em>tenentes</em></strong></span> <span class='ocrx_word' id='word_1_425' title='bbox 2244 1993 2578 2049; x_wconf 85' lang='lat' dir='ltr'><strong><em>traditionem</em></strong></span> <span class='ocrx_word' id='word_1_426' title='bbox 2598 1996 2879 2052; x_wconf 88' lang='lat' dir='ltr'><strong><em>seniorum.</em></strong></span> <span class='ocrx_word' id='word_1_427' title='bbox 2910 1998 2981 2053; x_wconf 87' lang='lat' dir='ltr'><strong><em>Et</em></strong></span> <span class='ocrx_word' id='word_1_428' title='bbox 3006 2016 3039 2054; x_wconf 91' lang='lat' dir='ltr'><strong><em>a</em></strong></span> <span class='ocrx_word' id='word_1_429' title='bbox 3062 2003 3176 2070; x_wconf 78' lang='lat' dir='ltr'><strong><em>[ora</em></strong></span> <span class='ocrx_word' id='word_1_430' title='bbox 3201 2004 3457 2059; x_wconf 88' lang='lat' dir='ltr'><strong><em>venientes</em></strong></span> <span class='ocrx_word' id='word_1_431' title='bbox 3484 2006 3588 2060; x_wconf 91' lang='lat' dir='ltr'><strong><em>nisi</em></strong></span> 
     </span>
    </p>
   </div>
   <div class='ocr_carea' id='block_1_51' title="bbox 1990 2085 3589 2165">
    <p class='ocr_par' dir='ltr' id='par_1_51' title="bbox 1990 2085 3589 2165">
     <span class='ocr_line' id='line_1_51' title="bbox 1990 2085 3589 2165; baseline 0.007 -26"><span class='ocrx_word' id='word_1_432' title='bbox 1990 2085 2337 2154; x_wconf 74' lang='lat' dir='ltr'><strong><em>baptisentur,</em></strong></span> <span class='ocrx_word' id='word_1_433' title='bbox 2362 2104 2466 2142; x_wconf 92' lang='lat' dir='ltr'><strong><em>non</em></strong></span> <span class='ocrx_word' id='word_1_434' title='bbox 2491 2089 2788 2144; x_wconf 90' lang='lat' dir='ltr'><strong><em>comedunt.</em></strong></span> <span class='ocrx_word' id='word_1_435' title='bbox 2806 2090 2874 2145; x_wconf 86' lang='lat' dir='ltr'><strong><em>Et</em></strong></span> <span class='ocrx_word' id='word_1_436' title='bbox 2892 2089 3001 2146; x_wconf 87' lang='lat' dir='ltr'><strong><em>alia</em></strong></span> <span class='ocrx_word' id='word_1_437' title='bbox 3019 2094 3185 2147; x_wconf 89' lang='lat' dir='ltr'><strong><em>multa</em></strong></span> <span class='ocrx_word' id='word_1_438' title='bbox 3195 2104 3335 2160; x_wconf 88' lang='lat' dir='ltr'><strong><em>sunt,</em></strong></span> <span class='ocrx_word' id='word_1_439' title='bbox 3355 2107 3589 2165; x_wconf 76' lang='lat' dir='ltr'><strong><em>qutetra-</em></strong></span> 
     </span>
    </p>
   </div>
   <div class='ocr_carea' id='block_1_52' title="bbox 1990 2179 3586 2255">
    <p class='ocr_par' dir='ltr' id='par_1_52' title="bbox 1990 2179 3586 2255">
     <span class='ocr_line' id='line_1_52' title="bbox 1990 2179 3586 2255; baseline 0.006 -22"><span class='ocrx_word' id='word_1_440' title='bbox 1990 2179 2101 2233; x_wconf 86' lang='lat' dir='ltr'><strong><em>dita</em></strong></span> <span class='ocrx_word' id='word_1_441' title='bbox 2121 2189 2241 2235; x_wconf 90' lang='lat' dir='ltr'><strong><em>sunt</em></strong></span> <span class='ocrx_word' id='word_1_442' title='bbox 2256 2181 2362 2235; x_wconf 85' lang='lat' dir='ltr'><strong><em>illis</em></strong></span> <span class='ocrx_word' id='word_1_443' title='bbox 2375 2196 2576 2237; x_wconf 85' lang='lat' dir='ltr'><strong><em>servare</em></strong></span> <span class='ocrx_word' id='word_1_444' title='bbox 2595 2198 2614 2236; x_wconf 90' lang='lat'><strong><em>:</em></strong></span> <span class='ocrx_word' id='word_1_445' title='bbox 2633 2181 2948 2253; x_wconf 87' lang='lat' dir='ltr'><strong><em>baptismata</em></strong></span> <span class='ocrx_word' id='word_1_446' title='bbox 2970 2186 3210 2250; x_wconf 89' lang='lat' dir='ltr'><strong><em>calicum,</em></strong></span> <span class='ocrx_word' id='word_1_447' title='bbox 3224 2195 3269 2239; x_wconf 90' lang='lat' dir='ltr'><strong><em>et</em></strong></span> <span class='ocrx_word' id='word_1_448' title='bbox 3291 2203 3586 2255; x_wconf 86' lang='lat' dir='ltr'><strong><em>urceorttm,</em></strong></span> 
     </span>
    </p>
   </div>
   <div class='ocr_carea' id='block_1_53' title="bbox 1990 2273 3589 2351">
    <p class='ocr_par' dir='ltr' id='par_1_53' title="bbox 1990 2273 3589 2351">
     <span class='ocr_line' id='line_1_53' title="bbox 1990 2273 3589 2351; baseline 0.006 -26"><span class='ocrx_word' id='word_1_449' title='bbox 1990 2280 2468 2339; x_wconf 73' lang='lat' dir='ltr'><strong><em>etwramentorum,</em></strong></span> <span class='ocrx_word' id='word_1_450' title='bbox 2485 2284 2533 2328; x_wconf 90' lang='lat' dir='ltr'><strong><em>et</em></strong></span> <span class='ocrx_word' id='word_1_451' title='bbox 2556 2276 2823 2329; x_wconf 90' lang='lat' dir='ltr'><strong><em>lectorum.</em></strong></span> <span class='ocrx_word' id='word_1_452' title='bbox 2842 2273 2913 2329; x_wconf 84' lang='lat' dir='ltr'><strong><em>Et</em></strong></span> <span class='ocrx_word' id='word_1_453' title='bbox 2928 2276 3436 2348; x_wconf 87' lang='lat' dir='ltr'><strong><em>interrogabanteum</em></strong></span> <span class='ocrx_word' id='word_1_454' title='bbox 3456 2279 3589 2351; x_wconf 83' lang='lat' dir='ltr'><strong><em>pha-</em></strong></span> 
     </span>
    </p>
   </div>
   <div class='ocr_carea' id='block_1_54' title="bbox 1988 2362 3588 2442">
    <p class='ocr_par' dir='ltr' id='par_1_54' title="bbox 1988 2362 3588 2442">
     <span class='ocr_line' id='line_1_54' title="bbox 1988 2362 3588 2442; baseline 0.007 -27"><span class='ocrx_word' id='word_1_455' title='bbox 1988 2362 2129 2417; x_wconf 80' lang='lat' dir='ltr'><strong><em>ristei</em></strong></span> <span class='ocrx_word' id='word_1_456' title='bbox 2150 2371 2198 2417; x_wconf 92' lang='lat' dir='ltr'><strong><em>et</em></strong></span> <span class='ocrx_word' id='word_1_457' title='bbox 2213 2363 2392 2419; x_wconf 75' lang='lat' dir='ltr'><strong><em>scribae</em></strong></span> <span class='ocrx_word' id='word_1_458' title='bbox 2414 2365 2623 2432; x_wconf 80' lang='lat' dir='ltr'><strong><em>:Quare</em></strong></span> <span class='ocrx_word' id='word_1_459' title='bbox 2642 2366 2884 2438; x_wconf 83' lang='lat' dir='ltr'><strong><em>discipuli</em></strong></span> <span class='ocrx_word' id='word_1_460' title='bbox 2905 2368 2983 2421; x_wconf 92' lang='lat' dir='ltr'><strong><em>tui</em></strong></span> <span class='ocrx_word' id='word_1_461' title='bbox 3003 2385 3109 2423; x_wconf 90' lang='lat' dir='ltr'><strong><em>non</em></strong></span> <span class='ocrx_word' id='word_1_462' title='bbox 3141 2370 3409 2426; x_wconf 86' lang='lat' dir='ltr'><strong><em>ambulant</em></strong></span> <span class='ocrx_word' id='word_1_463' title='bbox 3428 2373 3588 2442; x_wconf 69' lang='lat' dir='ltr'><strong><em>juxta</em></strong></span> 
     </span>
    </p>
   </div>
   <div class='ocr_carea' id='block_1_55' title="bbox 1990 2455 3589 2518">
    <p class='ocr_par' dir='ltr' id='par_1_55' title="bbox 1990 2455 3589 2518">
     <span class='ocr_line' id='line_1_55' title="bbox 1990 2455 3589 2518; baseline 0.006 -10"><span class='ocrx_word' id='word_1_464' title='bbox 1990 2455 2322 2510; x_wconf 87' lang='lat' dir='ltr'><strong><em>traditionem</em></strong></span> <span class='ocrx_word' id='word_1_465' title='bbox 2344 2457 2606 2512; x_wconf 88' lang='lat' dir='ltr'><strong><em>seniorum</em></strong></span> <span class='ocrx_word' id='word_1_466' title='bbox 2630 2474 2650 2513; x_wconf 84' lang='lat'><strong><em>:</em></strong></span> <span class='ocrx_word' id='word_1_467' title='bbox 2679 2459 2780 2512; x_wconf 65' lang='lat' dir='ltr'><strong><em>sed&#39;</em></strong></span> <span class='ocrx_word' id='word_1_468' title='bbox 2799 2462 3155 2517; x_wconf 85' lang='lat' dir='ltr'><strong><em>communibus</em></strong></span> <span class='ocrx_word' id='word_1_469' title='bbox 3180 2463 3420 2518; x_wconf 89' lang='lat' dir='ltr'><strong><em>manibus</em></strong></span> <span class='ocrx_word' id='word_1_470' title='bbox 3443 2480 3589 2517; x_wconf 89' lang='lat' dir='ltr'><strong><em>man-</em></strong></span> 
     </span>
    </p>
   </div>
   <div class='ocr_carea' id='block_1_56' title="bbox 1988 2546 3591 2622">
    <p class='ocr_par' dir='ltr' id='par_1_56' title="bbox 1988 2546 3591 2622">
     <span class='ocr_line' id='line_1_56' title="bbox 1988 2546 3591 2622; baseline 0.007 -22"><span class='ocrx_word' id='word_1_471' title='bbox 1988 2546 2181 2601; x_wconf 77' lang='lat' dir='ltr'><strong><em>ducent</em></strong></span> <span class='ocrx_word' id='word_1_472' title='bbox 2228 2551 2463 2615; x_wconf 87' lang='lat' dir='ltr'><strong><em>panem?</em></strong></span> <span class='ocrx_word' id='word_1_473' title='bbox 2506 2549 2572 2601; x_wconf 78' lang='lat' dir='ltr'><strong><em>At</em></strong></span> <span class='ocrx_word' id='word_1_474' title='bbox 2604 2550 2695 2604; x_wconf 86' lang='lat' dir='ltr'><strong><em>ille</em></strong></span> <span class='ocrx_word' id='word_1_475' title='bbox 2723 2552 3037 2622; x_wconf 86' lang='lat' dir='ltr'><strong><em>respondens</em></strong></span> <span class='ocrx_word' id='word_1_476' title='bbox 3065 2598 3079 2621; x_wconf 93' lang='lat'><strong><em>,</em></strong></span> <span class='ocrx_word' id='word_1_477' title='bbox 3130 2554 3263 2608; x_wconf 71' lang='lat' dir='ltr'><strong><em>dixit</em></strong></span> <span class='ocrx_word' id='word_1_478' title='bbox 3288 2555 3363 2610; x_wconf 85' lang='lat' dir='ltr'><strong><em>eis</em></strong></span> <span class='ocrx_word' id='word_1_479' title='bbox 3386 2571 3405 2609; x_wconf 90' lang='lat'><strong><em>:</em></strong></span> <span class='ocrx_word' id='word_1_480' title='bbox 3448 2553 3591 2611; x_wconf 84' lang='lat' dir='ltr'><strong><em>Bene</em></strong></span> 
     </span>
    </p>
   </div>
   <div class='ocr_carea' id='block_1_57' title="bbox 1986 2638 3587 2716">
    <p class='ocr_par' dir='ltr' id='par_1_57' title="bbox 1986 2638 3587 2716">
     <span class='ocr_line' id='line_1_57' title="bbox 1986 2638 3587 2716; baseline 0.007 -25"><span class='ocrx_word' id='word_1_481' title='bbox 1986 2638 2309 2710; x_wconf 88' lang='lat' dir='ltr'><strong><em>praphetavit</em></strong></span> <span class='ocrx_word' id='word_1_482' title='bbox 2339 2639 2511 2695; x_wconf 85' lang='lat' dir='ltr'><strong><em>Isaias</em></strong></span> <span class='ocrx_word' id='word_1_483' title='bbox 2538 2642 2601 2695; x_wconf 90' lang='lat' dir='ltr'><strong><em>de</em></strong></span> <span class='ocrx_word' id='word_1_484' title='bbox 2627 2643 2770 2697; x_wconf 88' lang='lat' dir='ltr'><strong><em>vobis</em></strong></span> <span class='ocrx_word' id='word_1_485' title='bbox 2797 2644 3082 2713; x_wconf 83' lang='lat' dir='ltr'><strong><em>hypocritis</em></strong></span> <span class='ocrx_word' id='word_1_486' title='bbox 3106 2686 3120 2710; x_wconf 93' lang='lat'><strong><em>,</em></strong></span> <span class='ocrx_word' id='word_1_487' title='bbox 3154 2646 3289 2701; x_wconf 88' lang='lat' dir='ltr'><strong><em>sicut</em></strong></span> <span class='ocrx_word' id='word_1_488' title='bbox 3337 2647 3587 2716; x_wconf 89' lang='lat' dir='ltr'><strong><em>scriptum</em></strong></span> 
     </span>
    </p>
   </div>
   <div class='ocr_carea' id='block_1_58' title="bbox 1987 2729 3583 2801">
    <p class='ocr_par' dir='ltr' id='par_1_58' title="bbox 1987 2729 3583 2801">
     <span class='ocr_line' id='line_1_58' title="bbox 1987 2729 3583 2801; baseline 0.004 -15"><span class='ocrx_word' id='word_1_489' title='bbox 1987 2740 2062 2786; x_wconf 89' lang='lat' dir='ltr'><strong><em>est</em></strong></span> <span class='ocrx_word' id='word_1_490' title='bbox 2092 2748 2109 2784; x_wconf 92' lang='lat'><em>:</em></span> <span class='ocrx_word' id='word_1_491' title='bbox 2142 2729 2383 2801; x_wconf 83' lang='lat' dir='ltr'><strong><em>Populus</em></strong></span> <span class='ocrx_word' id='word_1_492' title='bbox 2415 2733 2499 2786; x_wconf 89' lang='lat' dir='ltr'><strong><em>hic</em></strong></span> <span class='ocrx_word' id='word_1_493' title='bbox 2526 2732 2678 2787; x_wconf 84' lang='lat' dir='ltr'><strong><em>labiis</em></strong></span> <span class='ocrx_word' id='word_1_494' title='bbox 2705 2750 2786 2788; x_wconf 90' lang='lat' dir='ltr'><strong><em>me</em></strong></span> <span class='ocrx_word' id='word_1_495' title='bbox 2807 2734 3028 2790; x_wconf 77' lang='lat' dir='ltr'><strong><em>honorat</em></strong></span> <span class='ocrx_word' id='word_1_496' title='bbox 3053 2753 3072 2791; x_wconf 88' lang='lat'><strong><em>:</em></strong></span> <span class='ocrx_word' id='word_1_497' title='bbox 3100 2753 3189 2791; x_wconf 89' lang='lat' dir='ltr'><strong><em>cor</em></strong></span> <span class='ocrx_word' id='word_1_498' title='bbox 3209 2746 3384 2792; x_wconf 88' lang='lat' dir='ltr'><strong><em>autem</em></strong></span> <span class='ocrx_word' id='word_1_499' title='bbox 3403 2754 3583 2793; x_wconf 90' lang='lat' dir='ltr'><strong><em>eorum</em></strong></span> 
     </span>
    </p>
   </div>
   <div class='ocr_carea' id='block_1_59' title="bbox 1986 2820 3587 2894">
    <p class='ocr_par' dir='ltr' id='par_1_59' title="bbox 1986 2820 3587 2894">
     <span class='ocr_line' id='line_1_59' title="bbox 1986 2820 3587 2894; baseline 0.006 -19"><span class='ocrx_word' id='word_1_500' title='bbox 1986 2820 2141 2894; x_wconf 87' lang='lat' dir='ltr'><strong><em>longe</em></strong></span> <span class='ocrx_word' id='word_1_501' title='bbox 2166 2832 2240 2878; x_wconf 90' lang='lat' dir='ltr'><strong><em>est</em></strong></span> <span class='ocrx_word' id='word_1_502' title='bbox 2270 2840 2303 2877; x_wconf 92' lang='lat' dir='ltr'><strong><em>a</em></strong></span> <span class='ocrx_word' id='word_1_503' title='bbox 2333 2840 2432 2879; x_wconf 90' lang='lat' dir='ltr'><strong><em>me.</em></strong></span> <span class='ocrx_word' id='word_1_504' title='bbox 2464 2822 2531 2879; x_wconf 86' lang='lat' dir='ltr'><strong><em>In</em></strong></span> <span class='ocrx_word' id='word_1_505' title='bbox 2563 2841 2753 2879; x_wconf 89' lang='lat' dir='ltr'><strong><em>vanum</em></strong></span> <span class='ocrx_word' id='word_1_506' title='bbox 2792 2835 2967 2880; x_wconf 91' lang='lat' dir='ltr'><strong><em>autem</em></strong></span> <span class='ocrx_word' id='word_1_507' title='bbox 2994 2843 3076 2881; x_wconf 89' lang='lat' dir='ltr'><strong><em>me</em></strong></span> <span class='ocrx_word' id='word_1_508' title='bbox 3102 2828 3313 2894; x_wconf 89' lang='lat' dir='ltr'><strong><em>colunt,</em></strong></span> <span class='ocrx_word' id='word_1_509' title='bbox 3347 2830 3587 2885; x_wconf 88' lang='lat' dir='ltr'><strong><em>docentes</em></strong></span> 
     </span>
    </p>
   </div>
   <div class='ocr_carea' id='block_1_60' title="bbox 1988 2913 3585 2992">
    <p class='ocr_par' dir='ltr' id='par_1_60' title="bbox 1988 2913 3585 2992">
     <span class='ocr_line' id='line_1_60' title="bbox 1988 2913 3585 2992; baseline 0.005 -23"><span class='ocrx_word' id='word_1_510' title='bbox 1988 2913 2256 2972; x_wconf 88' lang='lat' dir='ltr'><strong><em>doctrinas</em></strong></span> <span class='ocrx_word' id='word_1_511' title='bbox 2310 2927 2359 2971; x_wconf 91' lang='lat' dir='ltr'><strong><em>et</em></strong></span> <span class='ocrx_word' id='word_1_512' title='bbox 2416 2928 2675 2989; x_wconf 64' lang='lat' dir='ltr'><strong><em>praecepta</em></strong></span> <span class='ocrx_word' id='word_1_513' title='bbox 2731 2919 3019 2975; x_wconf 85' lang='lat' dir='ltr'><strong><em>hominum.</em></strong></span> <span class='ocrx_word' id='word_1_514' title='bbox 3053 2920 3423 2992; x_wconf 81' lang='lat' dir='ltr'><strong><em>Relinquentes</em></strong></span> <span class='ocrx_word' id='word_1_515' title='bbox 3448 2924 3585 2979; x_wconf 81' lang='lat' dir='ltr'><strong><em>enim</em></strong></span> 
     </span>
    </p>
   </div>
   <div class='ocr_carea' id='block_1_61' title="bbox 1986 3006 3585 3084">
    <p class='ocr_par' dir='ltr' id='par_1_61' title="bbox 1986 3006 3585 3084">
     <span class='ocr_line' id='line_1_61' title="bbox 1986 3006 3585 3084; baseline 0.005 -24"><span class='ocrx_word' id='word_1_516' title='bbox 1986 3007 2288 3061; x_wconf 89' lang='lat' dir='ltr'><strong><em>mandatum</em></strong></span> <span class='ocrx_word' id='word_1_517' title='bbox 2314 3006 2449 3074; x_wconf 90' lang='lat' dir='ltr'><strong><em>Dei,</em></strong></span> <span class='ocrx_word' id='word_1_518' title='bbox 2496 3010 2676 3064; x_wconf 88' lang='lat' dir='ltr'><strong><em>tenetis</em></strong></span> <span class='ocrx_word' id='word_1_519' title='bbox 2705 3010 3037 3065; x_wconf 84' lang='lat' dir='ltr'><strong><em>traditionem</em></strong></span> <span class='ocrx_word' id='word_1_520' title='bbox 3064 3008 3332 3068; x_wconf 80' lang='lat' dir='ltr'><strong><em>hominum</em></strong></span> <span class='ocrx_word' id='word_1_521' title='bbox 3363 3030 3381 3066; x_wconf 88' lang='lat'><strong><em>:</em></strong></span> <span class='ocrx_word' id='word_1_522' title='bbox 3413 3013 3585 3084; x_wconf 86' lang='lat' dir='ltr'><strong><em>bapti-</em></strong></span> 
     </span>
    </p>
   </div>
   <div class='ocr_carea' id='block_1_62' title="bbox 272 3093 3586 3175">
    <p class='ocr_par' dir='ltr' id='par_1_62' title="bbox 272 3093 3586 3175">
     <span class='ocr_line' id='line_1_62' title="bbox 272 3093 3586 3175; baseline 0.002 -21"><span class='ocrx_word' id='word_1_523' title='bbox 272 3101 483 3155; x_wconf 84' lang='lat' dir='ltr'><strong><em>turbati</em></strong></span> <span class='ocrx_word' id='word_1_524' title='bbox 525 3110 663 3155; x_wconf 89' lang='lat' dir='ltr'><strong><em>sunt.</em></strong></span> <span class='ocrx_word' id='word_1_525' title='bbox 710 3100 778 3155; x_wconf 87' lang='lat' dir='ltr'><strong><em>Et</em></strong></span> <span class='ocrx_word' id='word_1_526' title='bbox 809 3102 989 3155; x_wconf 85' lang='lat' dir='ltr'><strong><em>statim</em></strong></span> <span class='ocrx_word' id='word_1_527' title='bbox 1031 3103 1235 3157; x_wconf 89' lang='lat' dir='ltr'><strong><em>locutus</em></strong></span> <span class='ocrx_word' id='word_1_528' title='bbox 1279 3110 1353 3155; x_wconf 91' lang='lat' dir='ltr'><strong><em>est</em></strong></span> <span class='ocrx_word' id='word_1_529' title='bbox 1394 3118 1511 3156; x_wconf 90' lang='lat' dir='ltr'><strong><em>cum</em></strong></span> <span class='ocrx_word' id='word_1_530' title='bbox 1540 3104 1614 3157; x_wconf 90' lang='lat' dir='ltr'><strong><em>eis</em></strong></span> <span class='ocrx_word' id='word_1_531' title='bbox 1635 3144 1650 3169; x_wconf 95' lang='lat'><strong><em>,</em></strong></span> <span class='ocrx_word' id='word_1_532' title='bbox 1679 3112 1731 3156; x_wconf 89' lang='lat' dir='ltr'><strong><em>et</em></strong></span> <span class='ocrx_word' id='word_1_533' title='bbox 1755 3102 1886 3156; x_wconf 65' lang='lat' dir='ltr'><strong><em>dicit</em></strong></span> <span class='ocrx_word' id='word_1_534' title='bbox 1912 3093 1960 3158; x_wconf 92' lang='lat' dir='ltr'><strong><em>C</em></strong></span> <span class='ocrx_word' id='word_1_535' title='bbox 1988 3107 2157 3153; x_wconf 89' lang='lat' dir='ltr'><strong><em>smata</em></strong></span> <span class='ocrx_word' id='word_1_536' title='bbox 2178 3115 2470 3167; x_wconf 86' lang='lat' dir='ltr'><strong><em>urceorum,</em></strong></span> <span class='ocrx_word' id='word_1_537' title='bbox 2499 3109 2547 3153; x_wconf 89' lang='lat' dir='ltr'><strong><em>et</em></strong></span> <span class='ocrx_word' id='word_1_538' title='bbox 2576 3101 2826 3170; x_wconf 87' lang='lat' dir='ltr'><strong><em>calicum,</em></strong></span> <span class='ocrx_word' id='word_1_539' title='bbox 2866 3113 2914 3157; x_wconf 90' lang='lat' dir='ltr'><strong><em>et</em></strong></span> <span class='ocrx_word' id='word_1_540' title='bbox 2939 3103 3048 3157; x_wconf 89' lang='lat' dir='ltr'><strong><em>alia</em></strong></span> <span class='ocrx_word' id='word_1_541' title='bbox 3086 3103 3283 3158; x_wconf 89' lang='lat' dir='ltr'><strong><em>similia</em></strong></span> <span class='ocrx_word' id='word_1_542' title='bbox 3306 3104 3389 3159; x_wconf 88' lang='lat' dir='ltr'><strong><em>his</em></strong></span> <span class='ocrx_word' id='word_1_543' title='bbox 3416 3107 3586 3175; x_wconf 77' lang='lat' dir='ltr'><strong><em>facitis</em></strong></span> 
     </span>
    </p>
   </div>
   <div class='ocr_carea' id='block_1_63' title="bbox 267 3189 1885 3263">
    <p class='ocr_par' dir='ltr' id='par_1_63' title="bbox 267 3189 1885 3263">
     <span class='ocr_line' id='line_1_63' title="bbox 267 3189 1885 3263; baseline 0 -17"><span class='ocrx_word' id='word_1_544' title='bbox 267 3192 356 3246; x_wconf 88' lang='lat' dir='ltr'><strong><em>eis</em></strong></span> <span class='ocrx_word' id='word_1_545' title='bbox 385 3206 406 3245; x_wconf 90' lang='lat'><strong><em>:</em></strong></span> <span class='ocrx_word' id='word_1_546' title='bbox 438 3189 718 3260; x_wconf 80' lang='lat' dir='ltr'><strong><em>Conﬁdite,</em></strong></span> <span class='ocrx_word' id='word_1_547' title='bbox 748 3208 841 3263; x_wconf 92' lang='lat' dir='ltr'><strong><em>ego</em></strong></span> <span class='ocrx_word' id='word_1_548' title='bbox 867 3209 1008 3259; x_wconf 87' lang='lat' dir='ltr'><strong><em>sum,</em></strong></span> <span class='ocrx_word' id='word_1_549' title='bbox 1038 3193 1205 3247; x_wconf 89' lang='lat' dir='ltr'><strong><em>nolite</em></strong></span> <span class='ocrx_word' id='word_1_550' title='bbox 1232 3193 1429 3247; x_wconf 86' lang='lat' dir='ltr'><strong><em>timere.</em></strong></span> <span class='ocrx_word' id='word_1_551' title='bbox 1461 3191 1530 3246; x_wconf 85' lang='lat' dir='ltr'><strong><em>Et</em></strong></span> <span class='ocrx_word' id='word_1_552' title='bbox 1556 3192 1789 3248; x_wconf 85' lang='lat' dir='ltr'><strong><em>ascendit</em></strong></span> <span class='ocrx_word' id='word_1_553' title='bbox 1815 3194 1885 3246; x_wconf 88' lang='lat' dir='ltr'><strong><em>ad</em></strong></span> 
     </span>
    </p>
   </div>
   <div class='ocr_carea' id='block_1_64' title="bbox 267 3284 1885 3356">
    <p class='ocr_par' dir='ltr' id='par_1_64' title="bbox 267 3284 1885 3356">
     <span class='ocr_line' id='line_1_64' title="bbox 267 3284 1885 3356; baseline 0.001 -17"><span class='ocrx_word' id='word_1_554' title='bbox 267 3284 408 3339; x_wconf 90' lang='lat' dir='ltr'><strong><em>illos</em></strong></span> <span class='ocrx_word' id='word_1_555' title='bbox 442 3285 498 3339; x_wconf 90' lang='lat' dir='ltr'><strong><em>in</em></strong></span> <span class='ocrx_word' id='word_1_556' title='bbox 522 3285 715 3353; x_wconf 86' lang='lat' dir='ltr'><strong><em>navim,</em></strong></span> <span class='ocrx_word' id='word_1_557' title='bbox 752 3295 799 3340; x_wconf 90' lang='lat' dir='ltr'><strong><em>et</em></strong></span> <span class='ocrx_word' id='word_1_558' title='bbox 823 3286 1041 3345; x_wconf 87' lang='lat' dir='ltr'><strong><em>cessavit</em></strong></span> <span class='ocrx_word' id='word_1_559' title='bbox 1081 3298 1282 3340; x_wconf 88' lang='lat' dir='ltr'><strong><em>ventus.</em></strong></span> <span class='ocrx_word' id='word_1_560' title='bbox 1311 3284 1380 3339; x_wconf 87' lang='lat' dir='ltr'><strong><em>Et</em></strong></span> <span class='ocrx_word' id='word_1_561' title='bbox 1410 3285 1530 3355; x_wconf 88' lang='lat' dir='ltr'><strong><em>plus</em></strong></span> <span class='ocrx_word' id='word_1_562' title='bbox 1559 3287 1723 3356; x_wconf 83' lang='lat' dir='ltr'><strong><em>magis</em></strong></span> <span class='ocrx_word' id='word_1_563' title='bbox 1747 3287 1885 3341; x_wconf 91' lang='lat' dir='ltr'><strong><em>intra</em></strong></span> 
     </span>
    </p>
   </div>
   <div class='ocr_carea' id='block_1_65' title="bbox 268 3376 1884 3447">
    <p class='ocr_par' dir='ltr' id='par_1_65' title="bbox 268 3376 1884 3447">
     <span class='ocr_line' id='line_1_65' title="bbox 268 3376 1884 3447; baseline 0.001 -15"><span class='ocrx_word' id='word_1_564' title='bbox 268 3393 333 3432; x_wconf 88' lang='lat' dir='ltr'><strong><em>se</em></strong></span> <span class='ocrx_word' id='word_1_565' title='bbox 362 3376 661 3446; x_wconf 89' lang='lat' dir='ltr'><strong><em>stupebant.</em></strong></span> <span class='ocrx_word' id='word_1_566' title='bbox 692 3376 817 3432; x_wconf 80' lang='lat' dir='ltr'><strong><em>Non</em></strong></span> <span class='ocrx_word' id='word_1_567' title='bbox 845 3378 985 3433; x_wconf 88' lang='lat' dir='ltr'><strong><em>enim</em></strong></span> <span class='ocrx_word' id='word_1_568' title='bbox 1010 3377 1373 3433; x_wconf 62' lang='lat' dir='ltr'><strong><em>intellexerunt</em></strong></span> <span class='ocrx_word' id='word_1_569' title='bbox 1399 3377 1463 3432; x_wconf 89' lang='lat' dir='ltr'><strong><em>de</em></strong></span> <span class='ocrx_word' id='word_1_570' title='bbox 1490 3378 1749 3447; x_wconf 88' lang='lat' dir='ltr'><strong><em>panibus:</em></strong></span> <span class='ocrx_word' id='word_1_571' title='bbox 1773 3389 1884 3434; x_wconf 90' lang='lat' dir='ltr'><strong><em>erat</em></strong></span> 
     </span>
    </p>
   </div>
   <div class='ocr_carea' id='block_1_66' title="bbox 266 3469 1881 3541">
    <p class='ocr_par' dir='ltr' id='par_1_66' title="bbox 266 3469 1881 3541">
     <span class='ocr_line' id='line_1_66' title="bbox 266 3469 1881 3541; baseline 0.002 -19"><span class='ocrx_word' id='word_1_572' title='bbox 266 3469 429 3523; x_wconf 85' lang='lat' dir='ltr'><strong><em>enim</em></strong></span> <span class='ocrx_word' id='word_1_573' title='bbox 469 3486 560 3524; x_wconf 91' lang='lat' dir='ltr'><strong><em>cor</em></strong></span> <span class='ocrx_word' id='word_1_574' title='bbox 595 3485 775 3525; x_wconf 87' lang='lat' dir='ltr'><strong><em>eorum</em></strong></span> <span class='ocrx_word' id='word_1_575' title='bbox 813 3471 1143 3527; x_wconf 70' lang='lat' dir='ltr'><strong><em>obca’catum.</em></strong></span> <span class='ocrx_word' id='word_1_576' title='bbox 1187 3470 1255 3525; x_wconf 84' lang='lat' dir='ltr'><strong><em>Et</em></strong></span> <span class='ocrx_word' id='word_1_577' title='bbox 1294 3486 1409 3525; x_wconf 91' lang='lat' dir='ltr'><strong><em>cum</em></strong></span> <span class='ocrx_word' id='word_1_578' title='bbox 1437 3476 1881 3541; x_wconf 83' lang='lat' dir='ltr'><strong><em>transfretassent,</em></strong></span> 
     </span>
    </p>
   </div>
   <div class='ocr_carea' id='block_1_67' title="bbox 266 3561 1883 3634">
    <p class='ocr_par' dir='ltr' id='par_1_67' title="bbox 266 3561 1883 3634">
     <span class='ocr_line' id='line_1_67' title="bbox 266 3561 1883 3634; baseline 0.004 -20"><span class='ocrx_word' id='word_1_579' title='bbox 266 3568 531 3615; x_wconf 81' lang='lat' dir='ltr'><strong><em>venerunt</em></strong></span> <span class='ocrx_word' id='word_1_580' title='bbox 560 3562 619 3616; x_wconf 90' lang='lat' dir='ltr'><strong><em>in</em></strong></span> <span class='ocrx_word' id='word_1_581' title='bbox 647 3570 838 3617; x_wconf 87' lang='lat' dir='ltr'><strong><em>terram</em></strong></span> <span class='ocrx_word' id='word_1_582' title='bbox 867 3561 1210 3629; x_wconf 75' lang='lat' dir='ltr'><strong><em>Genezareth,</em></strong></span> <span class='ocrx_word' id='word_1_583' title='bbox 1236 3572 1282 3618; x_wconf 93' lang='lat' dir='ltr'><strong><em>et</em></strong></span> <span class='ocrx_word' id='word_1_584' title='bbox 1309 3565 1702 3634; x_wconf 88' lang='lat' dir='ltr'><strong><em>applicuerunt.</em></strong></span> <span class='ocrx_word' id='word_1_585' title='bbox 1729 3564 1883 3621; x_wconf 87' lang='lat' dir='ltr'><strong><em>Cum-</em></strong></span> 
     </span>
    </p>
   </div>
   <div class='ocr_carea' id='block_1_68' title="bbox 264 3656 1881 3728">
    <p class='ocr_par' dir='ltr' id='par_1_68' title="bbox 264 3656 1881 3728">
     <span class='ocr_line' id='line_1_68' title="bbox 264 3656 1881 3728; baseline 0.006 -20"><span class='ocrx_word' id='word_1_586' title='bbox 264 3668 380 3724; x_wconf 76' lang='lat' dir='ltr'><strong><em>que</em></strong></span> <span class='ocrx_word' id='word_1_587' title='bbox 405 3656 596 3725; x_wconf 86' lang='lat' dir='ltr'><strong><em>egressi</em></strong></span> <span class='ocrx_word' id='word_1_588' title='bbox 623 3664 787 3711; x_wconf 85' lang='lat' dir='ltr'><strong><em>essent</em></strong></span> <span class='ocrx_word' id='word_1_589' title='bbox 814 3657 879 3710; x_wconf 88' lang='lat' dir='ltr'><strong><em>de</em></strong></span> <span class='ocrx_word' id='word_1_590' title='bbox 905 3657 1042 3724; x_wconf 81' lang='lat' dir='ltr'><strong><em>navi,</em></strong></span> <span class='ocrx_word' id='word_1_591' title='bbox 1071 3656 1316 3710; x_wconf 81' lang='lat' dir='ltr'><strong><em>continuo</em></strong></span> <span class='ocrx_word' id='word_1_592' title='bbox 1350 3666 1693 3728; x_wconf 89' lang='lat' dir='ltr'><strong><em>cognoverunt</em></strong></span> <span class='ocrx_word' id='word_1_593' title='bbox 1718 3674 1832 3712; x_wconf 86' lang='lat' dir='ltr'><strong><em>eum</em></strong></span> <span class='ocrx_word' id='word_1_594' title='bbox 1862 3676 1881 3717; x_wconf 88' lang='lat'><strong><em>:</em></strong></span> 
     </span>
    </p>
   </div>
   <div class='ocr_carea' id='block_1_69' title="bbox 267 3746 1881 3819">
    <p class='ocr_par' dir='ltr' id='par_1_69' title="bbox 267 3746 1881 3819">
     <span class='ocr_line' id='line_1_69' title="bbox 267 3746 1881 3819; baseline 0.004 -20"><span class='ocrx_word' id='word_1_595' title='bbox 267 3757 323 3799; x_wconf 87' lang='lat' dir='ltr'><strong><em>et</em></strong></span> <span class='ocrx_word' id='word_1_596' title='bbox 359 3755 721 3815; x_wconf 84' lang='lat' dir='ltr'><strong><em>percurrentes</em></strong></span> <span class='ocrx_word' id='word_1_597' title='bbox 744 3746 1031 3801; x_wconf 82' lang='lat' dir='ltr'><strong><em>universam</em></strong></span> <span class='ocrx_word' id='word_1_598' title='bbox 1056 3746 1315 3818; x_wconf 88' lang='lat' dir='ltr'><strong><em>regionem</em></strong></span> <span class='ocrx_word' id='word_1_599' title='bbox 1342 3748 1510 3816; x_wconf 89' lang='lat' dir='ltr'><strong><em>illam,</em></strong></span> <span class='ocrx_word' id='word_1_600' title='bbox 1543 3758 1801 3819; x_wconf 70' lang='lat' dir='ltr'><strong><em>coeperunt</em></strong></span> <span class='ocrx_word' id='word_1_601' title='bbox 1826 3750 1881 3805; x_wconf 91' lang='lat' dir='ltr'><strong><em>in</em></strong></span> 
     </span>
    </p>
   </div>
   <div class='ocr_carea' id='block_1_70' title="bbox 266 3836 1885 3911">
    <p class='ocr_par' dir='ltr' id='par_1_70' title="bbox 266 3836 1885 3911">
     <span class='ocr_line' id='line_1_70' title="bbox 266 3836 1885 3911; baseline 0.003 -22"><span class='ocrx_word' id='word_1_602' title='bbox 266 3836 516 3907; x_wconf 84' lang='lat' dir='ltr'><strong><em>grabatis</em></strong></span> <span class='ocrx_word' id='word_1_603' title='bbox 557 3851 666 3902; x_wconf 91' lang='lat' dir='ltr'><strong><em>eos,</em></strong></span> <span class='ocrx_word' id='word_1_604' title='bbox 696 3838 785 3902; x_wconf 89' lang='lat' dir='ltr'><strong><em>qui</em></strong></span> <span class='ocrx_word' id='word_1_605' title='bbox 822 3854 877 3891; x_wconf 92' lang='lat' dir='ltr'><strong><em>se</em></strong></span> <span class='ocrx_word' id='word_1_606' title='bbox 913 3838 1051 3893; x_wconf 83' lang='lat' dir='ltr'><strong><em>male</em></strong></span> <span class='ocrx_word' id='word_1_607' title='bbox 1090 3838 1376 3905; x_wconf 85' lang='lat' dir='ltr'><strong><em>habebant,</em></strong></span> <span class='ocrx_word' id='word_1_608' title='bbox 1410 3840 1763 3911; x_wconf 78' lang='lat' dir='ltr'><strong><em>circumferre,</em></strong></span> <span class='ocrx_word' id='word_1_609' title='bbox 1795 3841 1885 3895; x_wconf 90' lang='lat' dir='ltr'><strong><em>ubi</em></strong></span> 
     </span>
    </p>
   </div>
   <div class='ocr_carea' id='block_1_71' title="bbox 266 3927 1879 4003">
    <p class='ocr_par' dir='ltr' id='par_1_71' title="bbox 266 3927 1879 4003">
     <span class='ocr_line' id='line_1_71' title="bbox 266 3927 1879 4003; baseline 0.004 -22"><span class='ocrx_word' id='word_1_610' title='bbox 266 3927 571 3982; x_wconf 87' lang='lat' dir='ltr'><strong><em>audiebant</em></strong></span> <span class='ocrx_word' id='word_1_611' title='bbox 614 3944 735 3983; x_wconf 91' lang='lat' dir='ltr'><strong><em>eum</em></strong></span> <span class='ocrx_word' id='word_1_612' title='bbox 771 3945 903 3996; x_wconf 90' lang='lat' dir='ltr'><strong><em>esse,</em></strong></span> <span class='ocrx_word' id='word_1_613' title='bbox 931 3940 979 3984; x_wconf 90' lang='lat' dir='ltr'><strong><em>et</em></strong></span> <span class='ocrx_word' id='word_1_614' title='bbox 1006 3946 1325 4000; x_wconf 88' lang='lat' dir='ltr'><strong><em>quocumque</em></strong></span> <span class='ocrx_word' id='word_1_615' title='bbox 1364 3932 1612 3985; x_wconf 92' lang='lat' dir='ltr'><strong><em>introibat</em></strong></span> <span class='ocrx_word' id='word_1_616' title='bbox 1638 3935 1691 3985; x_wconf 90' lang='lat' dir='ltr'><strong><em>in</em></strong></span> <span class='ocrx_word' id='word_1_617' title='bbox 1720 3934 1879 4003; x_wconf 91' lang='lat' dir='ltr'><strong><em>vicos,</em></strong></span> 
     </span>
    </p>
   </div>
   <div class='ocr_carea' id='block_1_72' title="bbox 266 4021 1878 4095">
    <p class='ocr_par' dir='ltr' id='par_1_72' title="bbox 266 4021 1878 4095">
     <span class='ocr_line' id='line_1_72' title="bbox 266 4021 1878 4095; baseline 0.002 -21"><span class='ocrx_word' id='word_1_618' title='bbox 266 4022 361 4075; x_wconf 83' lang='lat' dir='ltr'><strong><em>vel</em></strong></span> <span class='ocrx_word' id='word_1_619' title='bbox 389 4022 443 4074; x_wconf 89' lang='lat' dir='ltr'><strong><em>in</em></strong></span> <span class='ocrx_word' id='word_1_620' title='bbox 470 4021 644 4091; x_wconf 86' lang='lat' dir='ltr'><strong><em>villas,</em></strong></span> <span class='ocrx_word' id='word_1_621' title='bbox 666 4031 761 4077; x_wconf 91' lang='lat' dir='ltr'><strong><em>aut</em></strong></span> <span class='ocrx_word' id='word_1_622' title='bbox 778 4023 1032 4090; x_wconf 88' lang='lat' dir='ltr'><strong><em>civitates,</em></strong></span> <span class='ocrx_word' id='word_1_623' title='bbox 1059 4024 1111 4077; x_wconf 92' lang='lat' dir='ltr'><strong><em>in</em></strong></span> <span class='ocrx_word' id='word_1_624' title='bbox 1124 4022 1311 4095; x_wconf 88' lang='lat' dir='ltr'><strong><em>plateis</em></strong></span> <span class='ocrx_word' id='word_1_625' title='bbox 1342 4023 1601 4092; x_wconf 88' lang='lat' dir='ltr'><strong><em>ponebant</em></strong></span> <span class='ocrx_word' id='word_1_626' title='bbox 1621 4024 1878 4092; x_wconf 78' lang='lat' dir='ltr'><strong><em>infirmos,</em></strong></span> 
     </span>
    </p>
   </div>
   <div class='ocr_carea' id='block_1_73' title="bbox 265 4113 1882 4190">
    <p class='ocr_par' dir='ltr' id='par_1_73' title="bbox 265 4113 1882 4190">
     <span class='ocr_line' id='line_1_73' title="bbox 265 4113 1882 4190; baseline 0.003 -22"><span class='ocrx_word' id='word_1_627' title='bbox 265 4124 322 4168; x_wconf 86' lang='lat' dir='ltr'><strong><em>et</em></strong></span> <span class='ocrx_word' id='word_1_628' title='bbox 358 4113 773 4183; x_wconf 85' lang='lat' dir='ltr'><strong><em>deprecabantur</em></strong></span> <span class='ocrx_word' id='word_1_629' title='bbox 791 4132 931 4185; x_wconf 90' lang='lat' dir='ltr'><strong><em>eum,</em></strong></span> <span class='ocrx_word' id='word_1_630' title='bbox 963 4126 1020 4170; x_wconf 90' lang='lat' dir='ltr'><strong><em>ut</em></strong></span> <span class='ocrx_word' id='word_1_631' title='bbox 1056 4117 1136 4171; x_wconf 87' lang='lat' dir='ltr'><strong><em>vel</em></strong></span> <span class='ocrx_word' id='word_1_632' title='bbox 1172 4116 1432 4186; x_wconf 83' lang='lat' dir='ltr'><strong><em>fimbriam</em></strong></span> <span class='ocrx_word' id='word_1_633' title='bbox 1460 4117 1744 4172; x_wconf 79' lang='lat' dir='ltr'><strong><em>vestimenti</em></strong></span> <span class='ocrx_word' id='word_1_634' title='bbox 1769 4121 1882 4190; x_wconf 83' lang='lat' dir='ltr'><strong><em>ejus</em></strong></span> 
     </span>
    </p>
   </div>
   <div class='ocr_carea' id='block_1_74' title="bbox 263 4208 1877 4280">
    <p class='ocr_par' dir='ltr' id='par_1_74' title="bbox 263 4208 1877 4280">
     <span class='ocr_line' id='line_1_74' title="bbox 263 4208 1877 4280; baseline 0.005 -22"><span class='ocrx_word' id='word_1_635' title='bbox 263 4213 572 4276; x_wconf 81' lang='lat' dir='ltr'><strong><em>tangerent.</em></strong></span> <span class='ocrx_word' id='word_1_636' title='bbox 606 4208 674 4265; x_wconf 86' lang='lat' dir='ltr'><strong><em>Ut</em></strong></span> <span class='ocrx_word' id='word_1_637' title='bbox 697 4224 824 4263; x_wconf 88' lang='lat' dir='ltr'><strong><em>aves</em></strong></span> <span class='ocrx_word' id='word_1_638' title='bbox 854 4208 907 4264; x_wconf 93' lang='lat' dir='ltr'><strong><em>in</em></strong></span> <span class='ocrx_word' id='word_1_639' title='bbox 932 4208 1098 4265; x_wconf 86' lang='lat' dir='ltr'><strong><em>ramis</em></strong></span> <span class='ocrx_word' id='word_1_640' title='bbox 1130 4209 1334 4280; x_wconf 83' lang='lat' dir='ltr'><strong><em>sinapis</em></strong></span> <span class='ocrx_word' id='word_1_641' title='bbox 1364 4226 1379 4265; x_wconf 89' lang='lat'><strong>:</strong></span> <span class='ocrx_word' id='word_1_642' title='bbox 1413 4209 1606 4280; x_wconf 84' lang='lat' dir='ltr'><strong><em>pusilla</em></strong></span> <span class='ocrx_word' id='word_1_643' title='bbox 1635 4209 1723 4265; x_wconf 89' lang='lat' dir='ltr'><strong><em>hic</em></strong></span> <span class='ocrx_word' id='word_1_644' title='bbox 1750 4225 1877 4265; x_wconf 85' lang='lat' dir='ltr'><strong><em>san-</em></strong></span> 
     </span>
    </p>
   </div>
   <div class='ocr_carea' id='block_1_75' title="bbox 264 4298 1878 4372">
    <p class='ocr_par' dir='ltr' id='par_1_75' title="bbox 264 4298 1878 4372">
     <span class='ocr_line' id='line_1_75' title="bbox 264 4298 1878 4372; baseline 0.004 -20"><span class='ocrx_word' id='word_1_645' title='bbox 264 4298 385 4353; x_wconf 87' lang='lat' dir='ltr'><strong><em>ctis</em></strong></span> <span class='ocrx_word' id='word_1_646' title='bbox 430 4299 669 4368; x_wconf 80' lang='lat' dir='ltr'><strong><em>requies,</em></strong></span> <span class='ocrx_word' id='word_1_647' title='bbox 714 4300 908 4371; x_wconf 85' lang='lat' dir='ltr'><strong><em>longus</em></strong></span> <span class='ocrx_word' id='word_1_648' title='bbox 936 4300 1117 4371; x_wconf 85' lang='lat' dir='ltr'><strong><em>labor.</em></strong></span> <span class='ocrx_word' id='word_1_649' title='bbox 1145 4298 1254 4357; x_wconf 82' lang='lat' dir='ltr'><strong><em>Sed</em></strong></span> <span class='ocrx_word' id='word_1_650' title='bbox 1300 4310 1485 4370; x_wconf 88' lang='lat' dir='ltr'><strong><em>postea</em></strong></span> <span class='ocrx_word' id='word_1_651' title='bbox 1525 4300 1723 4357; x_wconf 85' lang='lat' dir='ltr'><strong><em>dicitur</em></strong></span> <span class='ocrx_word' id='word_1_652' title='bbox 1748 4302 1878 4372; x_wconf 90' lang='lat' dir='ltr'><strong><em>illis,</em></strong></span> 
     </span>
    </p>
   </div>
   <div class='ocr_carea' id='block_1_76' title="bbox 264 4391 1875 4467">
    <p class='ocr_par' dir='ltr' id='par_1_76' title="bbox 264 4391 1875 4467">
     <span class='ocr_line' id='line_1_76' title="bbox 264 4391 1875 4467; baseline 0.002 -18"><span class='ocrx_word' id='word_1_653' title='bbox 264 4401 332 4449; x_wconf 86' lang='lat' dir='ltr'><strong><em>ut</em></strong></span> <span class='ocrx_word' id='word_1_654' title='bbox 385 4391 733 4462; x_wconf 88' lang='lat' dir='ltr'><strong><em>requiescant</em></strong></span> <span class='ocrx_word' id='word_1_655' title='bbox 762 4408 793 4448; x_wconf 89' lang='lat' dir='ltr'><strong><em>a</em></strong></span> <span class='ocrx_word' id='word_1_656' title='bbox 828 4393 1100 4451; x_wconf 84' lang='lat' dir='ltr'><strong><em>laboribus</em></strong></span> <span class='ocrx_word' id='word_1_657' title='bbox 1125 4396 1259 4452; x_wconf 89' lang='lat' dir='ltr'><strong><em>suis.</em></strong></span> <span class='ocrx_word' id='word_1_658' title='bbox 1287 4394 1457 4450; x_wconf 87' lang='lat' dir='ltr'><strong><em>Erant</em></strong></span> <span class='ocrx_word' id='word_1_659' title='bbox 1484 4396 1628 4452; x_wconf 88' lang='lat' dir='ltr'><strong><em>enim</em></strong></span> <span class='ocrx_word' id='word_1_660' title='bbox 1658 4396 1751 4467; x_wconf 90' lang='lat' dir='ltr'><strong><em>qui</em></strong></span> <span class='ocrx_word' id='word_1_661' title='bbox 1780 4412 1875 4453; x_wconf 87' lang='lat' dir='ltr'><strong><em>vc-</em></strong></span> 
     </span>
    </p>
   </div>
   <div class='ocr_carea' id='block_1_77' title="bbox 1989 3190 3585 3266">
    <p class='ocr_par' dir='ltr' id='par_1_77' title="bbox 1989 3190 3585 3266">
     <span class='ocr_line' id='line_1_77' title="bbox 1989 3190 3585 3266; baseline 0.003 -21"><span class='ocrx_word' id='word_1_662' title='bbox 1989 3191 2176 3245; x_wconf 85' lang='lat' dir='ltr'><strong><em>ntnlta.</em></strong></span> <span class='ocrx_word' id='word_1_663' title='bbox 2205 3190 2273 3245; x_wconf 86' lang='lat' dir='ltr'><strong><em>Et</em></strong></span> <span class='ocrx_word' id='word_1_664' title='bbox 2294 3191 2492 3246; x_wconf 90' lang='lat' dir='ltr'><strong><em>dicebat</em></strong></span> <span class='ocrx_word' id='word_1_665' title='bbox 2519 3191 2663 3246; x_wconf 88' lang='lat' dir='ltr'><strong><em>illis:</em></strong></span> <span class='ocrx_word' id='word_1_666' title='bbox 2688 3190 2826 3247; x_wconf 87' lang='lat' dir='ltr'><strong><em>Bene</em></strong></span> <span class='ocrx_word' id='word_1_667' title='bbox 2845 3193 3051 3247; x_wconf 89' lang='lat' dir='ltr'><strong><em>irritum</em></strong></span> <span class='ocrx_word' id='word_1_668' title='bbox 3077 3194 3249 3262; x_wconf 79' lang='lat' dir='ltr'><strong><em>facitis</em></strong></span> <span class='ocrx_word' id='word_1_669' title='bbox 3270 3204 3585 3266; x_wconf 65' lang='lat' dir='ltr'><strong><em>praeceptum</em></strong></span> 
     </span>
    </p>
   </div>
   <div class='ocr_carea' id='block_1_78' title="bbox 1986 3284 3583 3357">
    <p class='ocr_par' dir='ltr' id='par_1_78' title="bbox 1986 3284 3583 3357">
     <span class='ocr_line' id='line_1_78' title="bbox 1986 3284 3583 3357; baseline 0.004 -19"><span class='ocrx_word' id='word_1_670' title='bbox 1986 3284 2109 3352; x_wconf 88' lang='lat' dir='ltr'><strong><em>Dei,</em></strong></span> <span class='ocrx_word' id='word_1_671' title='bbox 2156 3294 2214 3339; x_wconf 91' lang='lat' dir='ltr'><strong><em>ut</em></strong></span> <span class='ocrx_word' id='word_1_672' title='bbox 2244 3286 2576 3341; x_wconf 86' lang='lat' dir='ltr'><strong><em>traditionem</em></strong></span> <span class='ocrx_word' id='word_1_673' title='bbox 2625 3295 2847 3342; x_wconf 85' lang='lat' dir='ltr'><strong><em>vestram</em></strong></span> <span class='ocrx_word' id='word_1_674' title='bbox 2892 3288 3125 3343; x_wconf 88' lang='lat' dir='ltr'><strong><em>servetis.</em></strong></span> <span class='ocrx_word' id='word_1_675' title='bbox 3188 3286 3399 3357; x_wconf 79' lang='lat' dir='ltr'><strong><em>Moyses</em></strong></span> <span class='ocrx_word' id='word_1_676' title='bbox 3448 3291 3583 3344; x_wconf 88' lang='lat' dir='ltr'><strong><em>enim</em></strong></span> 
     </span>
    </p>
   </div>
   <div class='ocr_carea' id='block_1_79' title="bbox 1985 3377 3585 3453">
    <p class='ocr_par' dir='ltr' id='par_1_79' title="bbox 1985 3377 3585 3453">
     <span class='ocr_line' id='line_1_79' title="bbox 1985 3377 3585 3453; baseline 0.003 -23"><span class='ocrx_word' id='word_1_677' title='bbox 1985 3378 2141 3440; x_wconf 76' lang='lat' dir='ltr'><strong><em>dixit,</em></strong></span> <span class='ocrx_word' id='word_1_678' title='bbox 2177 3377 2400 3432; x_wconf 84' lang='lat' dir='ltr'><strong><em>Honora</em></strong></span> <span class='ocrx_word' id='word_1_679' title='bbox 2433 3387 2636 3448; x_wconf 87' lang='lat' dir='ltr'><strong><em>patrem</em></strong></span> <span class='ocrx_word' id='word_1_680' title='bbox 2682 3391 2850 3444; x_wconf 85' lang='lat' dir='ltr'><strong><em>tuum,</em></strong></span> <span class='ocrx_word' id='word_1_681' title='bbox 2881 3388 2929 3431; x_wconf 86' lang='lat' dir='ltr'><strong><em>et</em></strong></span> <span class='ocrx_word' id='word_1_682' title='bbox 2957 3388 3177 3433; x_wconf 87' lang='lat' dir='ltr'><strong><em>matrem</em></strong></span> <span class='ocrx_word' id='word_1_683' title='bbox 3213 3386 3357 3434; x_wconf 88' lang='lat' dir='ltr'><strong><em>tuam</em></strong></span> <span class='ocrx_word' id='word_1_684' title='bbox 3376 3397 3395 3435; x_wconf 88' lang='lat'><strong><em>:</em></strong></span> <span class='ocrx_word' id='word_1_685' title='bbox 3420 3389 3471 3435; x_wconf 92' lang='lat' dir='ltr'><strong><em>et</em></strong></span> <span class='ocrx_word' id='word_1_686' title='bbox 3495 3383 3585 3453; x_wconf 85' lang='lat' dir='ltr'><strong><em>qui</em></strong></span> 
     </span>
    </p>
   </div>
   <div class='ocr_carea' id='block_1_80' title="bbox 1985 3467 3584 3539">
    <p class='ocr_par' dir='ltr' id='par_1_80' title="bbox 1985 3467 3584 3539">
     <span class='ocr_line' id='line_1_80' title="bbox 1985 3467 3584 3539; baseline 0.003 -18"><span class='ocrx_word' id='word_1_687' title='bbox 1985 3467 2316 3522; x_wconf 71' lang='lat' dir='ltr'><strong><em>maledixerit</em></strong></span> <span class='ocrx_word' id='word_1_688' title='bbox 2345 3467 2505 3539; x_wconf 89' lang='lat' dir='ltr'><strong><em>patri,</em></strong></span> <span class='ocrx_word' id='word_1_689' title='bbox 2539 3468 2619 3521; x_wconf 85' lang='lat' dir='ltr'><strong><em>vel</em></strong></span> <span class='ocrx_word' id='word_1_690' title='bbox 2640 3468 2815 3535; x_wconf 90' lang='lat' dir='ltr'><strong><em>matri,</em></strong></span> <span class='ocrx_word' id='word_1_691' title='bbox 2850 3477 3012 3521; x_wconf 90' lang='lat' dir='ltr'><strong><em>morte</em></strong></span> <span class='ocrx_word' id='word_1_692' title='bbox 3042 3470 3315 3524; x_wconf 86' lang='lat' dir='ltr'><strong><em>moriatur.</em></strong></span> <span class='ocrx_word' id='word_1_693' title='bbox 3356 3470 3461 3525; x_wconf 84' lang='lat' dir='ltr'><strong><em>Vos</em></strong></span> <span class='ocrx_word' id='word_1_694' title='bbox 3486 3489 3584 3527; x_wconf 85' lang='lat' dir='ltr'><strong><em>au-</em></strong></span> 
     </span>
    </p>
   </div>
   <div class='ocr_carea' id='block_1_81' title="bbox 1987 3556 3579 3631">
    <p class='ocr_par' dir='ltr' id='par_1_81' title="bbox 1987 3556 3579 3631">
     <span class='ocr_line' id='line_1_81' title="bbox 1987 3556 3579 3631; baseline 0.003 -16"><span class='ocrx_word' id='word_1_695' title='bbox 1987 3571 2089 3615; x_wconf 86' lang='lat' dir='ltr'><strong><em>tem</em></strong></span> <span class='ocrx_word' id='word_1_696' title='bbox 2115 3559 2288 3613; x_wconf 88' lang='lat' dir='ltr'><strong><em>dicitis</em></strong></span> <span class='ocrx_word' id='word_1_697' title='bbox 2319 3572 2339 3613; x_wconf 83' lang='lat'><strong><em>.&#39;</em></strong></span> <span class='ocrx_word' id='word_1_698' title='bbox 2368 3556 2430 3611; x_wconf 91' lang='lat' dir='ltr'><strong><em>Si</em></strong></span> <span class='ocrx_word' id='word_1_699' title='bbox 2456 3557 2645 3611; x_wconf 74' lang='lat' dir='ltr'><strong><em>dixerit</em></strong></span> <span class='ocrx_word' id='word_1_700' title='bbox 2671 3559 2824 3611; x_wconf 90' lang='lat' dir='ltr'><strong><em>homo</em></strong></span> <span class='ocrx_word' id='word_1_701' title='bbox 2852 3560 3010 3628; x_wconf 85' lang='lat' dir='ltr'><strong><em>patri,</em></strong></span> <span class='ocrx_word' id='word_1_702' title='bbox 3042 3562 3124 3615; x_wconf 90' lang='lat' dir='ltr'><strong><em>vel</em></strong></span> <span class='ocrx_word' id='word_1_703' title='bbox 3146 3562 3322 3628; x_wconf 88' lang='lat' dir='ltr'><strong><em>matri,</em></strong></span> <span class='ocrx_word' id='word_1_704' title='bbox 3351 3562 3542 3619; x_wconf 89' lang='lat' dir='ltr'><strong><em>corban</em></strong></span> <span class='ocrx_word' id='word_1_705' title='bbox 3561 3603 3579 3631; x_wconf 89' lang='lat'><strong><em>,</em></strong></span> 
     </span>
    </p>
   </div>
   <div class='ocr_carea' id='block_1_82' title="bbox 1984 3656 3580 3730">
    <p class='ocr_par' dir='ltr' id='par_1_82' title="bbox 1984 3656 3580 3730">
     <span class='ocr_line' id='line_1_82' title="bbox 1984 3656 3580 3730; baseline 0.005 -24"><span class='ocrx_word' id='word_1_706' title='bbox 1984 3656 2124 3725; x_wconf 89' lang='lat' dir='ltr'><strong><em>quod</em></strong></span> <span class='ocrx_word' id='word_1_707' title='bbox 2153 3664 2251 3719; x_wconf 90' lang='lat' dir='ltr'><strong><em>est,</em></strong></span> <span class='ocrx_word' id='word_1_708' title='bbox 2297 3656 2491 3710; x_wconf 89' lang='lat' dir='ltr'><strong><em>donum</em></strong></span> <span class='ocrx_word' id='word_1_709' title='bbox 2518 3657 2872 3728; x_wconf 86' lang='lat' dir='ltr'><strong><em>quodcumque</em></strong></span> <span class='ocrx_word' id='word_1_710' title='bbox 2900 3673 2967 3712; x_wconf 85' lang='lat' dir='ltr'><strong><em>ea:</em></strong></span> <span class='ocrx_word' id='word_1_711' title='bbox 2990 3674 3069 3712; x_wconf 87' lang='lat' dir='ltr'><strong><em>nte</em></strong></span> <span class='ocrx_word' id='word_1_712' title='bbox 3101 3658 3193 3713; x_wconf 87' lang='lat' dir='ltr'><strong><em>tibi</em></strong></span> <span class='ocrx_word' id='word_1_713' title='bbox 3234 3658 3497 3730; x_wconf 85' lang='lat' dir='ltr'><strong><em>proderit,</em></strong></span> <span class='ocrx_word' id='word_1_714' title='bbox 3528 3670 3580 3716; x_wconf 93' lang='lat' dir='ltr'><strong><em>et</em></strong></span> 
     </span>
    </p>
   </div>
   <div class='ocr_carea' id='block_1_83' title="bbox 1983 3748 3581 3825">
    <p class='ocr_par' dir='ltr' id='par_1_83' title="bbox 1983 3748 3581 3825">
     <span class='ocr_line' id='line_1_83' title="bbox 1983 3748 3581 3825; baseline 0.004 -23"><span class='ocrx_word' id='word_1_715' title='bbox 1983 3748 2123 3803; x_wconf 91' lang='lat' dir='ltr'><strong><em>ultra</em></strong></span> <span class='ocrx_word' id='word_1_716' title='bbox 2151 3765 2254 3803; x_wconf 90' lang='lat' dir='ltr'><strong><em>non</em></strong></span> <span class='ocrx_word' id='word_1_717' title='bbox 2279 3750 2539 3804; x_wconf 88' lang='lat' dir='ltr'><strong><em>dimittitis</em></strong></span> <span class='ocrx_word' id='word_1_718' title='bbox 2565 3766 2679 3805; x_wconf 90' lang='lat' dir='ltr'><strong><em>eum</em></strong></span> <span class='ocrx_word' id='word_1_719' title='bbox 2703 3752 2988 3822; x_wconf 86' lang='lat' dir='ltr'><strong><em>quidquam</em></strong></span> <span class='ocrx_word' id='word_1_720' title='bbox 3015 3756 3187 3824; x_wconf 77' lang='lat' dir='ltr'><strong><em>facere</em></strong></span> <span class='ocrx_word' id='word_1_721' title='bbox 3211 3755 3351 3825; x_wconf 89' lang='lat' dir='ltr'><strong><em>patri</em></strong></span> <span class='ocrx_word' id='word_1_722' title='bbox 3376 3771 3470 3811; x_wconf 87' lang='lat' dir='ltr'><strong><em>suo</em></strong></span> <span class='ocrx_word' id='word_1_723' title='bbox 3489 3763 3581 3809; x_wconf 88' lang='lat' dir='ltr'><strong><em>aut</em></strong></span> 
     </span>
    </p>
   </div>
   <div class='ocr_carea' id='block_1_84' title="bbox 1986 3841 3579 3913">
    <p class='ocr_par' dir='ltr' id='par_1_84' title="bbox 1986 3841 3579 3913">
     <span class='ocr_line' id='line_1_84' title="bbox 1986 3841 3579 3913; baseline 0.006 -21"><span class='ocrx_word' id='word_1_724' title='bbox 1986 3842 2164 3907; x_wconf 87' lang='lat' dir='ltr'><strong><em>matri,</em></strong></span> <span class='ocrx_word' id='word_1_725' title='bbox 2193 3842 2543 3899; x_wconf 73' lang='lat' dir='ltr'><strong><em>rescindentes,</em></strong></span> <span class='ocrx_word' id='word_1_726' title='bbox 2572 3842 2777 3897; x_wconf 84' lang='lat' dir='ltr'><strong><em>verbum</em></strong></span> <span class='ocrx_word' id='word_1_727' title='bbox 2816 3841 2916 3899; x_wconf 90' lang='lat' dir='ltr'><strong><em>Dei</em></strong></span> <span class='ocrx_word' id='word_1_728' title='bbox 2956 3860 3049 3913; x_wconf 90' lang='lat' dir='ltr'><strong><em>per</em></strong></span> <span class='ocrx_word' id='word_1_729' title='bbox 3090 3845 3421 3902; x_wconf 87' lang='lat' dir='ltr'><strong><em>traditionem</em></strong></span> <span class='ocrx_word' id='word_1_730' title='bbox 3463 3860 3579 3901; x_wconf 58' lang='lat' dir='ltr'><strong><em>ves.</em></strong></span> 
     </span>
    </p>
   </div>
   <div class='ocr_carea' id='block_1_85' title="bbox 1983 3931 3581 4007">
    <p class='ocr_par' dir='ltr' id='par_1_85' title="bbox 1983 3931 3581 4007">
     <span class='ocr_line' id='line_1_85' title="bbox 1983 3931 3581 4007; baseline 0.003 -20"><span class='ocrx_word' id='word_1_731' title='bbox 1983 3942 2122 3987; x_wconf 89' lang='lat' dir='ltr'><strong><em>tram</em></strong></span> <span class='ocrx_word' id='word_1_732' title='bbox 2142 3974 2158 4000; x_wconf 94' lang='lat'><strong><em>,</em></strong></span> <span class='ocrx_word' id='word_1_733' title='bbox 2212 3950 2367 4004; x_wconf 90' lang='lat' dir='ltr'><strong><em>quam</em></strong></span> <span class='ocrx_word' id='word_1_734' title='bbox 2414 3933 2720 3989; x_wconf 88' lang='lat' dir='ltr'><strong><em>tradidistis.</em></strong></span> <span class='ocrx_word' id='word_1_735' title='bbox 2770 3931 2840 3989; x_wconf 85' lang='lat' dir='ltr'><strong><em>Et</em></strong></span> <span class='ocrx_word' id='word_1_736' title='bbox 2867 3935 3063 3989; x_wconf 90' lang='lat' dir='ltr'><strong><em>similia</em></strong></span> <span class='ocrx_word' id='word_1_737' title='bbox 3088 3935 3388 4007; x_wconf 87' lang='lat' dir='ltr'><strong><em>hujusmodi</em></strong></span> <span class='ocrx_word' id='word_1_738' title='bbox 3414 3936 3581 3992; x_wconf 89' lang='lat' dir='ltr'><strong><em>multa</em></strong></span> 
     </span>
    </p>
   </div>
   <div class='ocr_carea' id='block_1_86' title="bbox 1985 4025 3579 4097">
    <p class='ocr_par' dir='ltr' id='par_1_86' title="bbox 1985 4025 3579 4097">
     <span class='ocr_line' id='line_1_86' title="bbox 1985 4025 3579 4097; baseline 0.003 -20"><span class='ocrx_word' id='word_1_739' title='bbox 1985 4025 2178 4093; x_wconf 80' lang='lat' dir='ltr'><strong><em>facitis.</em></strong></span> <span class='ocrx_word' id='word_1_740' title='bbox 2207 4025 2275 4078; x_wconf 83' lang='lat' dir='ltr'><strong><em>Et</em></strong></span> <span class='ocrx_word' id='word_1_741' title='bbox 2303 4025 2562 4080; x_wconf 80' lang='lat' dir='ltr'><strong><em>aduocans</em></strong></span> <span class='ocrx_word' id='word_1_742' title='bbox 2582 4025 2767 4080; x_wconf 85' lang='lat' dir='ltr'><strong><em>iterum</em></strong></span> <span class='ocrx_word' id='word_1_743' title='bbox 2800 4026 3019 4097; x_wconf 84' lang='lat' dir='ltr'><strong><em>turbam,</em></strong></span> <span class='ocrx_word' id='word_1_744' title='bbox 3051 4026 3249 4081; x_wconf 89' lang='lat' dir='ltr'><strong><em>dicebat</em></strong></span> <span class='ocrx_word' id='word_1_745' title='bbox 3287 4026 3395 4080; x_wconf 89' lang='lat' dir='ltr'><strong><em>illis</em></strong></span> <span class='ocrx_word' id='word_1_746' title='bbox 3421 4043 3439 4079; x_wconf 88' lang='lat'><strong><em>:</em></strong></span> <span class='ocrx_word' id='word_1_747' title='bbox 3469 4027 3579 4082; x_wconf 85' lang='lat' dir='ltr'><strong><em>Au-</em></strong></span> 
     </span>
    </p>
   </div>
   <div class='ocr_carea' id='block_1_87' title="bbox 1985 4116 3571 4189">
    <p class='ocr_par' dir='ltr' id='par_1_87' title="bbox 1985 4116 3571 4189">
     <span class='ocr_line' id='line_1_87' title="bbox 1985 4116 3571 4189; baseline 0.003 -20"><span class='ocrx_word' id='word_1_748' title='bbox 1985 4117 2090 4171; x_wconf 91' lang='lat' dir='ltr'><strong><em>dite</em></strong></span> <span class='ocrx_word' id='word_1_749' title='bbox 2119 4132 2293 4173; x_wconf 88' lang='lat' dir='ltr'><strong><em>omnes</em></strong></span> <span class='ocrx_word' id='word_1_750' title='bbox 2320 4125 2370 4171; x_wconf 91' lang='lat' dir='ltr'><strong><em>et</em></strong></span> <span class='ocrx_word' id='word_1_751' title='bbox 2397 4116 2673 4189; x_wconf 88' lang='lat' dir='ltr'><strong><em>intelligite</em></strong></span> <span class='ocrx_word' id='word_1_752' title='bbox 2699 4133 2717 4173; x_wconf 85' lang='lat'><strong><em>.&#39;</em></strong></span> <span class='ocrx_word' id='word_1_753' title='bbox 2752 4118 2885 4174; x_wconf 81' lang='lat' dir='ltr'><strong><em>nihil</em></strong></span> <span class='ocrx_word' id='word_1_754' title='bbox 2921 4128 2996 4174; x_wconf 89' lang='lat' dir='ltr'><strong><em>est</em></strong></span> <span class='ocrx_word' id='word_1_755' title='bbox 3024 4127 3172 4175; x_wconf 75' lang='lat' dir='ltr'><strong><em>extra</em></strong></span> <span class='ocrx_word' id='word_1_756' title='bbox 3206 4118 3469 4173; x_wconf 86' lang='lat' dir='ltr'><strong><em>hominem</em></strong></span> <span class='ocrx_word' id='word_1_757' title='bbox 3495 4120 3571 4173; x_wconf 84' lang='lat' dir='ltr'><strong><em>in-</em></strong></span> 
     </span>
    </p>
   </div>
   <div class='ocr_carea' id='block_1_88' title="bbox 1984 4208 3577 4281">
    <p class='ocr_par' dir='ltr' id='par_1_88' title="bbox 1984 4208 3577 4281">
     <span class='ocr_line' id='line_1_88' title="bbox 1984 4208 3577 4281; baseline 0.003 -20"><span class='ocrx_word' id='word_1_758' title='bbox 1984 4208 2172 4262; x_wconf 87' lang='lat' dir='ltr'><strong><em>troiens</em></strong></span> <span class='ocrx_word' id='word_1_759' title='bbox 2199 4211 2252 4263; x_wconf 91' lang='lat' dir='ltr'><strong><em>in</em></strong></span> <span class='ocrx_word' id='word_1_760' title='bbox 2285 4226 2421 4276; x_wconf 88' lang='lat' dir='ltr'><strong><em>eum,</em></strong></span> <span class='ocrx_word' id='word_1_761' title='bbox 2444 4211 2584 4281; x_wconf 92' lang='lat' dir='ltr'><strong><em>quod</em></strong></span> <span class='ocrx_word' id='word_1_762' title='bbox 2610 4211 2771 4281; x_wconf 82' lang='lat' dir='ltr'><strong><em>possit</em></strong></span> <span class='ocrx_word' id='word_1_763' title='bbox 2794 4228 2909 4267; x_wconf 87' lang='lat' dir='ltr'><strong><em>eum</em></strong></span> <span class='ocrx_word' id='word_1_764' title='bbox 2939 4213 3277 4281; x_wconf 88' lang='lat' dir='ltr'><strong><em>coinquinare</em></strong></span> <span class='ocrx_word' id='word_1_765' title='bbox 3308 4226 3328 4265; x_wconf 89' lang='lat'><strong><em>:</em></strong></span> <span class='ocrx_word' id='word_1_766' title='bbox 3350 4212 3442 4265; x_wconf 90' lang='lat' dir='ltr'><strong><em>sed</em></strong></span> <span class='ocrx_word' id='word_1_767' title='bbox 3461 4228 3577 4281; x_wconf 78' lang='lat' dir='ltr'><strong><em>qua:</em></strong></span> 
     </span>
    </p>
   </div>
   <div class='ocr_carea' id='block_1_89' title="bbox 1983 4303 3577 4374">
    <p class='ocr_par' dir='ltr' id='par_1_89' title="bbox 1983 4303 3577 4374">
     <span class='ocr_line' id='line_1_89' title="bbox 1983 4303 3577 4374; baseline 0.001 -18"><span class='ocrx_word' id='word_1_768' title='bbox 1983 4304 2047 4358; x_wconf 90' lang='lat' dir='ltr'><strong><em>de</em></strong></span> <span class='ocrx_word' id='word_1_769' title='bbox 2077 4303 2282 4359; x_wconf 89' lang='lat' dir='ltr'><strong><em>homine</em></strong></span> <span class='ocrx_word' id='word_1_770' title='bbox 2313 4306 2618 4373; x_wconf 86' lang='lat' dir='ltr'><strong><em>procedunt,</em></strong></span> <span class='ocrx_word' id='word_1_771' title='bbox 2652 4303 2747 4360; x_wconf 87' lang='lat' dir='ltr'><strong><em>illa</em></strong></span> <span class='ocrx_word' id='word_1_772' title='bbox 2776 4313 2895 4359; x_wconf 89' lang='lat' dir='ltr'><strong><em>sunt</em></strong></span> <span class='ocrx_word' id='word_1_773' title='bbox 2922 4319 3038 4374; x_wconf 84' lang='lat' dir='ltr'><strong><em>qua:</em></strong></span> <span class='ocrx_word' id='word_1_774' title='bbox 3058 4304 3395 4374; x_wconf 86' lang='lat' dir='ltr'><strong><em>coinquinant</em></strong></span> <span class='ocrx_word' id='word_1_775' title='bbox 3418 4303 3577 4358; x_wconf 81' lang='lat' dir='ltr'><strong><em>homi-</em></strong></span> 
     </span>
    </p>
   </div>
   <div class='ocr_carea' id='block_1_90' title="bbox 1982 4378 3575 4464">
    <p class='ocr_par' dir='ltr' id='par_1_90' title="bbox 1982 4378 3575 4464">
     <span class='ocr_line' id='line_1_90' title="bbox 1982 4378 3575 4464; baseline -0.001 -15"><span class='ocrx_word' id='word_1_776' title='bbox 1982 4412 2116 4450; x_wconf 86' lang='lat' dir='ltr'><strong><em>nem.</em></strong></span> <span class='ocrx_word' id='word_1_777' title='bbox 2152 4396 2213 4451; x_wconf 89' lang='lat' dir='ltr'><strong><em>Si</em></strong></span> <span class='ocrx_word' id='word_1_778' title='bbox 2241 4399 2354 4464; x_wconf 87' lang='lat' dir='ltr'><strong><em>quis</em></strong></span> <span class='ocrx_word' id='word_1_779' title='bbox 2383 4396 2534 4450; x_wconf 85' lang='lat' dir='ltr'><strong><em>habet</em></strong></span> <span class='ocrx_word' id='word_1_780' title='bbox 2552 4378 2703 4452; x_wconf 82' lang='lat' dir='ltr'><strong><em>aures</em></strong></span> <span class='ocrx_word' id='word_1_781' title='bbox 2730 4397 2998 4460; x_wconf 88' lang='lat' dir='ltr'><strong><em>audiendi,</em></strong></span> <span class='ocrx_word' id='word_1_782' title='bbox 3032 4395 3234 4449; x_wconf 87' lang='lat' dir='ltr'><strong><em>audiat.</em></strong></span> <span class='ocrx_word' id='word_1_783' title='bbox 3256 4394 3328 4447; x_wconf 77' lang='lat' dir='ltr'><strong><em>Et</em></strong></span> <span class='ocrx_word' id='word_1_784' title='bbox 3357 4409 3473 4447; x_wconf 91' lang='lat' dir='ltr'><strong><em>cum</em></strong></span> <span class='ocrx_word' id='word_1_785' title='bbox 3493 4394 3575 4448; x_wconf 84' lang='lat' dir='ltr'><strong><em>in-</em></strong></span> 
     </span>
    </p>
   </div>
   <div class='ocr_carea' id='block_1_91' title="bbox 266 4483 3575 4561">
    <p class='ocr_par' dir='ltr' id='par_1_91' title="bbox 266 4483 3575 4561">
     <span class='ocr_line' id='line_1_91' title="bbox 266 4483 3575 4561; baseline 0.001 -23"><span class='ocrx_word' id='word_1_786' title='bbox 266 4484 529 4554; x_wconf 69' lang='lat' dir='ltr'><strong><em>hiabant,</em></strong></span> <span class='ocrx_word' id='word_1_787' title='bbox 560 4494 615 4541; x_wconf 89' lang='lat' dir='ltr'><strong><em>et</em></strong></span> <span class='ocrx_word' id='word_1_788' title='bbox 646 4485 896 4544; x_wconf 86' lang='lat' dir='ltr'><strong><em>ridebant</em></strong></span> <span class='ocrx_word' id='word_1_789' title='bbox 916 4487 1075 4543; x_wconf 89' lang='lat' dir='ltr'><strong><em>multi</em></strong></span> <span class='ocrx_word' id='word_1_790' title='bbox 1100 4505 1114 4541; x_wconf 90' lang='lat'><strong>:</strong></span> <span class='ocrx_word' id='word_1_791' title='bbox 1140 4503 1241 4544; x_wconf 87' lang='lat' dir='ltr'><strong><em>nec</em></strong></span> <span class='ocrx_word' id='word_1_792' title='bbox 1268 4489 1623 4545; x_wconf 84' lang='lat' dir='ltr'><strong><em>manducandi</em></strong></span> <span class='ocrx_word' id='word_1_793' title='bbox 1646 4490 1877 4561; x_wconf 86' lang='lat' dir='ltr'><strong><em>spatium</em></strong></span> <span class='ocrx_word' id='word_1_794' title='bbox 1906 4483 1955 4544; x_wconf 92' lang='lat' dir='ltr'><strong><em>D</em></strong></span> <span class='ocrx_word' id='word_1_795' title='bbox 1982 4491 2182 4544; x_wconf 83' lang='lat' dir='ltr'><strong><em>troissct</em></strong></span> <span class='ocrx_word' id='word_1_796' title='bbox 2204 4491 2258 4544; x_wconf 87' lang='lat' dir='ltr'><strong><em>in</em></strong></span> <span class='ocrx_word' id='word_1_797' title='bbox 2287 4492 2495 4544; x_wconf 87' lang='lat' dir='ltr'><strong><em>domum</em></strong></span> <span class='ocrx_word' id='word_1_798' title='bbox 2518 4508 2550 4544; x_wconf 90' lang='lat' dir='ltr'><strong><em>a</em></strong></span> <span class='ocrx_word' id='word_1_799' title='bbox 2580 4491 2752 4556; x_wconf 88' lang='lat' dir='ltr'><strong><em>turba,</em></strong></span> <span class='ocrx_word' id='word_1_800' title='bbox 2774 4488 3164 4561; x_wconf 79' lang='lat' dir='ltr'><strong><em>interregabant</em></strong></span> <span class='ocrx_word' id='word_1_801' title='bbox 3187 4502 3302 4541; x_wconf 89' lang='lat' dir='ltr'><strong><em>eum</em></strong></span> <span class='ocrx_word' id='word_1_802' title='bbox 3333 4485 3575 4557; x_wconf 87' lang='lat' dir='ltr'><strong><em>discipuli</em></strong></span> 
     </span>
    </p>
   </div>
   <div class='ocr_carea' id='block_1_92' title="bbox 264 4577 1875 4650">
    <p class='ocr_par' dir='ltr' id='par_1_92' title="bbox 264 4577 1875 4650">
     <span class='ocr_line' id='line_1_92' title="bbox 264 4577 1875 4650; baseline 0.001 -17"><span class='ocrx_word' id='word_1_803' title='bbox 264 4577 565 4634; x_wconf 85' lang='lat' dir='ltr'><strong><em>habebant</em></strong></span> <span class='ocrx_word' id='word_1_804' title='bbox 590 4578 646 4633; x_wconf 90' lang='lat' dir='ltr'><strong><em>in</em></strong></span> <span class='ocrx_word' id='word_1_805' title='bbox 673 4592 803 4634; x_wconf 85' lang='lat' dir='ltr'><strong><em>arca</em></strong></span> <span class='ocrx_word' id='word_1_806' title='bbox 823 4577 939 4635; x_wconf 87' lang='lat' dir='ltr'><strong><em>Noe</em></strong></span> <span class='ocrx_word' id='word_1_807' title='bbox 969 4596 982 4634; x_wconf 90' lang='lat'><strong>:</strong></span> <span class='ocrx_word' id='word_1_808' title='bbox 1016 4587 1070 4634; x_wconf 89' lang='lat' dir='ltr'><strong><em>et</em></strong></span> <span class='ocrx_word' id='word_1_809' title='bbox 1096 4580 1369 4645; x_wconf 81' lang='lat' dir='ltr'><strong><em>animalia,</em></strong></span> <span class='ocrx_word' id='word_1_810' title='bbox 1392 4595 1514 4650; x_wconf 79' lang='lat' dir='ltr'><strong><em>qua:</em></strong></span> <span class='ocrx_word' id='word_1_811' title='bbox 1536 4581 1679 4636; x_wconf 90' lang='lat' dir='ltr'><strong><em>intus</em></strong></span> <span class='ocrx_word' id='word_1_812' title='bbox 1698 4589 1875 4647; x_wconf 86' lang='lat' dir='ltr'><strong><em>erant,</em></strong></span> 
     </span>
    </p>
   </div>
   <div class='ocr_carea' id='block_1_93' title="bbox 262 4669 1876 4743">
    <p class='ocr_par' dir='ltr' id='par_1_93' title="bbox 262 4669 1876 4743">
     <span class='ocr_line' id='line_1_93' title="bbox 262 4669 1876 4743; baseline 0.002 -18"><span class='ocrx_word' id='word_1_813' title='bbox 262 4671 418 4725; x_wconf 77' lang='lat' dir='ltr'><strong><em>foris</em></strong></span> <span class='ocrx_word' id='word_1_814' title='bbox 447 4670 760 4726; x_wconf 87' lang='lat' dir='ltr'><strong><em>nitebantur</em></strong></span> <span class='ocrx_word' id='word_1_815' title='bbox 792 4687 807 4723; x_wconf 90' lang='lat'>:</span> <span class='ocrx_word' id='word_1_816' title='bbox 835 4679 893 4727; x_wconf 88' lang='lat' dir='ltr'><strong><em>et</em></strong></span> <span class='ocrx_word' id='word_1_817' title='bbox 917 4685 1038 4741; x_wconf 78' lang='lat' dir='ltr'><strong><em>qua:</em></strong></span> <span class='ocrx_word' id='word_1_818' title='bbox 1066 4669 1199 4726; x_wconf 80' lang='lat' dir='ltr'><strong><em>foris</em></strong></span> <span class='ocrx_word' id='word_1_819' title='bbox 1227 4681 1412 4737; x_wconf 84' lang='lat' dir='ltr'><strong><em>erant,</em></strong></span> <span class='ocrx_word' id='word_1_820' title='bbox 1447 4672 1591 4727; x_wconf 88' lang='lat' dir='ltr'><strong><em>intro</em></strong></span> <span class='ocrx_word' id='word_1_821' title='bbox 1617 4689 1876 4743; x_wconf 87' lang='lat' dir='ltr'><strong><em>erumpe-</em></strong></span> 
     </span>
    </p>
   </div>
   <div class='ocr_carea' id='block_1_94' title="bbox 262 4761 1875 4833">
    <p class='ocr_par' dir='ltr' id='par_1_94' title="bbox 262 4761 1875 4833">
     <span class='ocr_line' id='line_1_94' title="bbox 262 4761 1875 4833; baseline 0.001 -16"><span class='ocrx_word' id='word_1_822' title='bbox 262 4763 434 4817; x_wconf 82' lang='lat' dir='ltr'><strong><em>bant.</em></strong></span> <span class='ocrx_word' id='word_1_823' title='bbox 466 4761 559 4818; x_wconf 89' lang='lat' dir='ltr'><strong><em>Sic</em></strong></span> <span class='ocrx_word' id='word_1_824' title='bbox 579 4762 834 4818; x_wconf 86' lang='lat' dir='ltr'><strong><em>nimirum</em></strong></span> <span class='ocrx_word' id='word_1_825' title='bbox 858 4764 1038 4833; x_wconf 83' lang='lat' dir='ltr'><strong><em>agitur</em></strong></span> <span class='ocrx_word' id='word_1_826' title='bbox 1059 4764 1112 4817; x_wconf 91' lang='lat' dir='ltr'><strong><em>in</em></strong></span> <span class='ocrx_word' id='word_1_827' title='bbox 1136 4762 1378 4819; x_wconf 86' lang='lat' dir='ltr'><strong><em>Ecclesia</em></strong></span> <span class='ocrx_word' id='word_1_828' title='bbox 1404 4781 1417 4816; x_wconf 90' lang='lat'><strong>:</strong></span> <span class='ocrx_word' id='word_1_829' title='bbox 1441 4764 1609 4819; x_wconf 82' lang='lat' dir='ltr'><strong><em>Judas</em></strong></span> <span class='ocrx_word' id='word_1_830' title='bbox 1629 4764 1875 4832; x_wconf 82' lang='lat' dir='ltr'><strong><em>recessit,</em></strong></span> 
     </span>
    </p>
   </div>
   <div class='ocr_carea' id='block_1_95' title="bbox 261 4853 1878 4923">
    <p class='ocr_par' dir='ltr' id='par_1_95' title="bbox 261 4853 1878 4923">
     <span class='ocr_line' id='line_1_95' title="bbox 261 4853 1878 4923; baseline 0.001 -14"><span class='ocrx_word' id='word_1_831' title='bbox 261 4854 422 4910; x_wconf 79' lang='lat' dir='ltr'><strong><em>latro</em></strong></span> <span class='ocrx_word' id='word_1_832' title='bbox 442 4854 695 4911; x_wconf 86' lang='lat' dir='ltr'><strong><em>accessit.</em></strong></span> <span class='ocrx_word' id='word_1_833' title='bbox 715 4853 982 4922; x_wconf 85' lang='lat' dir='ltr'><strong><em>Quamdiu</em></strong></span> <span class='ocrx_word' id='word_1_834' title='bbox 1002 4854 1270 4910; x_wconf 87' lang='lat' dir='ltr'><strong><em>receditur</em></strong></span> <span class='ocrx_word' id='word_1_835' title='bbox 1295 4871 1324 4908; x_wconf 88' lang='lat' dir='ltr'><strong><em>a</em></strong></span> <span class='ocrx_word' id='word_1_836' title='bbox 1351 4854 1479 4923; x_wconf 84' lang='lat' dir='ltr'><strong><em>ﬁde,</em></strong></span> <span class='ocrx_word' id='word_1_837' title='bbox 1502 4869 1603 4910; x_wconf 87' lang='lat' dir='ltr'><strong><em>nec</em></strong></span> <span class='ocrx_word' id='word_1_838' title='bbox 1623 4856 1878 4912; x_wconf 73' lang='lat' dir='ltr'><strong><em>Ecclesia:</em></strong></span> 
     </span>
    </p>
   </div>
   <div class='ocr_carea' id='block_1_96' title="bbox 260 4946 1872 5016">
    <p class='ocr_par' dir='ltr' id='par_1_96' title="bbox 260 4946 1872 5016">
     <span class='ocr_line' id='line_1_96' title="bbox 260 4946 1872 5016; baseline 0.001 -15"><span class='ocrx_word' id='word_1_839' title='bbox 260 4946 504 5016; x_wconf 80' lang='lat' dir='ltr'><strong><em>requies</em></strong></span> <span class='ocrx_word' id='word_1_840' title='bbox 523 4955 630 5014; x_wconf 91' lang='lat' dir='ltr'><strong><em>est,</em></strong></span> <span class='ocrx_word' id='word_1_841' title='bbox 653 4947 773 5003; x_wconf 86' lang='lat' dir='ltr'><strong><em>sine</em></strong></span> <span class='ocrx_word' id='word_1_842' title='bbox 789 4960 1048 5003; x_wconf 75' lang='lat' dir='ltr'><strong><em>mmrore.</em></strong></span> <span class='ocrx_word' id='word_1_843' title='bbox 1076 4946 1281 5002; x_wconf 78' lang='lat' dir='ltr'><strong><em>Rachel</em></strong></span> <span class='ocrx_word' id='word_1_844' title='bbox 1311 4946 1531 5016; x_wconf 88' lang='lat' dir='ltr'><strong><em>plorans</em></strong></span> <span class='ocrx_word' id='word_1_845' title='bbox 1558 4946 1698 5001; x_wconf 81' lang='lat' dir='ltr'><strong><em>ﬁlius</em></strong></span> <span class='ocrx_word' id='word_1_846' title='bbox 1723 4962 1872 5014; x_wconf 91' lang='lat' dir='ltr'><strong><em>suos,</em></strong></span> 
     </span>
    </p>
   </div>
   <div class='ocr_carea' id='block_1_97' title="bbox 261 5038 1876 5109">
    <p class='ocr_par' dir='ltr' id='par_1_97' title="bbox 261 5038 1876 5109">
     <span class='ocr_line' id='line_1_97' title="bbox 261 5038 1876 5109; baseline 0.001 -16"><span class='ocrx_word' id='word_1_847' title='bbox 261 5039 464 5108; x_wconf 24' lang='lat' dir='ltr'><strong><em>noluit,</em></strong></span> <span class='ocrx_word' id='word_1_848' title='bbox 493 5039 788 5109; x_wconf 85' lang='lat' dir='ltr'><strong><em>consolari.</em></strong></span> <span class='ocrx_word' id='word_1_849' title='bbox 823 5039 941 5095; x_wconf 85' lang='lat' dir='ltr'><strong><em>Non</em></strong></span> <span class='ocrx_word' id='word_1_850' title='bbox 970 5048 1056 5094; x_wconf 86' lang='lat' dir='ltr'><strong><em>est</em></strong></span> <span class='ocrx_word' id='word_1_851' title='bbox 1084 5038 1174 5094; x_wconf 88' lang='lat' dir='ltr'><strong><em>hic</em></strong></span> <span class='ocrx_word' id='word_1_852' title='bbox 1210 5040 1547 5105; x_wconf 85' lang='lat' dir='ltr'><strong><em>convivium,</em></strong></span> <span class='ocrx_word' id='word_1_853' title='bbox 1581 5041 1633 5095; x_wconf 91' lang='lat' dir='ltr'><strong><em>in</em></strong></span> <span class='ocrx_word' id='word_1_854' title='bbox 1664 5055 1770 5108; x_wconf 89' lang='lat' dir='ltr'><strong><em>quo</em></strong></span> <span class='ocrx_word' id='word_1_855' title='bbox 1793 5041 1876 5097; x_wconf 86' lang='lat' dir='ltr'><strong><em>bi-</em></strong></span> 
     </span>
    </p>
   </div>
   <div class='ocr_carea' id='block_1_98' title="bbox 256 5130 1891 5200">
    <p class='ocr_par' dir='ltr' id='par_1_98' title="bbox 256 5130 1891 5200">
     <span class='ocr_line' id='line_1_98' title="bbox 256 5130 1891 5200; baseline 0 -11"><span class='ocrx_word' id='word_1_856' title='bbox 256 5133 429 5189; x_wconf 74' lang='lat' dir='ltr'><strong><em>bitur</em></strong></span> <span class='ocrx_word' id='word_1_857' title='bbox 454 5130 639 5187; x_wconf 92' lang='lat' dir='ltr'><strong><em>vinum</em></strong></span> <span class='ocrx_word' id='word_1_858' title='bbox 662 5146 882 5188; x_wconf 84' lang='lat' dir='ltr'><strong><em>novum.</em></strong></span> <span class='ocrx_word' id='word_1_859' title='bbox 907 5131 1134 5200; x_wconf 85' lang='lat' dir='ltr'><strong><em>Quando</em></strong></span> <span class='ocrx_word' id='word_1_860' title='bbox 1155 5130 1462 5189; x_wconf 80' lang='lat' dir='ltr'><strong><em>cantabitur</em></strong></span> <span class='ocrx_word' id='word_1_861' title='bbox 1480 5130 1751 5187; x_wconf 87' lang='lat' dir='ltr'><strong><em>canticum</em></strong></span> <span class='ocrx_word' id='word_1_862' title='bbox 1777 5147 1891 5189; x_wconf 43' lang='lat' dir='ltr'><strong><em>nos</em></strong></span> 
     </span>
    </p>
   </div>
   <div class='ocr_carea' id='block_1_99' title="bbox 259 5224 1874 5295">
    <p class='ocr_par' dir='ltr' id='par_1_99' title="bbox 259 5224 1874 5295">
     <span class='ocr_line' id='line_1_99' title="bbox 259 5224 1874 5295; baseline 0.003 -17"><span class='ocrx_word' id='word_1_863' title='bbox 259 5238 413 5280; x_wconf 70' lang='lat' dir='ltr'><strong><em>sum</em></strong></span> <span class='ocrx_word' id='word_1_864' title='bbox 438 5224 492 5280; x_wconf 92' lang='lat' dir='ltr'><strong><em>in</em></strong></span> <span class='ocrx_word' id='word_1_865' title='bbox 525 5225 667 5281; x_wconf 74' lang='lat' dir='ltr'><strong><em>coelo</em></strong></span> <span class='ocrx_word' id='word_1_866' title='bbox 700 5239 875 5294; x_wconf 81' lang='lat' dir='ltr'><strong><em>novo,</em></strong></span> <span class='ocrx_word' id='word_1_867' title='bbox 908 5235 965 5281; x_wconf 91' lang='lat' dir='ltr'><strong><em>et</em></strong></span> <span class='ocrx_word' id='word_1_868' title='bbox 999 5226 1052 5281; x_wconf 89' lang='lat' dir='ltr'><strong><em>in</em></strong></span> <span class='ocrx_word' id='word_1_869' title='bbox 1085 5235 1227 5280; x_wconf 85' lang='lat' dir='ltr'><strong><em>terra</em></strong></span> <span class='ocrx_word' id='word_1_870' title='bbox 1256 5240 1430 5293; x_wconf 84' lang='lat' dir='ltr'><strong><em>nova,</em></strong></span> <span class='ocrx_word' id='word_1_871' title='bbox 1462 5225 1553 5295; x_wconf 82' lang='lat' dir='ltr'><strong><em>ab_</em></strong></span> <span class='ocrx_word' id='word_1_872' title='bbox 1568 5225 1874 5283; x_wconf 87' lang='lat' dir='ltr'><strong><em>hominibus</em></strong></span> 
     </span>
    </p>
   </div>
   <div class='ocr_carea' id='block_1_100' title="bbox 258 5316 1869 5387">
    <p class='ocr_par' dir='ltr' id='par_1_100' title="bbox 258 5316 1869 5387">
     <span class='ocr_line' id='line_1_100' title="bbox 258 5316 1869 5387; baseline 0 -14"><span class='ocrx_word' id='word_1_873' title='bbox 258 5316 475 5373; x_wconf 76' lang='lat' dir='ltr'><strong><em>novis?</em></strong></span> <span class='ocrx_word' id='word_1_874' title='bbox 512 5317 648 5373; x_wconf 85' lang='lat' dir='ltr'><strong><em>Cum</em></strong></span> <span class='ocrx_word' id='word_1_875' title='bbox 692 5317 926 5373; x_wconf 87' lang='lat' dir='ltr'><strong><em>mortale</em></strong></span> <span class='ocrx_word' id='word_1_876' title='bbox 968 5318 1071 5373; x_wconf 91' lang='lat' dir='ltr'><strong><em>hoc</em></strong></span> <span class='ocrx_word' id='word_1_877' title='bbox 1108 5317 1349 5373; x_wconf 88' lang='lat' dir='ltr'><strong><em>induerit</em></strong></span> <span class='ocrx_word' id='word_1_878' title='bbox 1388 5317 1869 5387; x_wconf 87' lang='lat' dir='ltr'><strong><em>immortalitatem,</em></strong></span> 
     </span>
    </p>
   </div>
   <div class='ocr_carea' id='block_1_101' title="bbox 254 5409 1882 5483">
    <p class='ocr_par' dir='ltr' id='par_1_101' title="bbox 254 5409 1882 5483">
     <span class='ocr_line' id='line_1_101' title="bbox 254 5409 1882 5483; baseline 0 -16"><span class='ocrx_word' id='word_1_879' title='bbox 254 5424 405 5467; x_wconf 85' lang='lat' dir='ltr'><strong><em>cum</em></strong></span> <span class='ocrx_word' id='word_1_880' title='bbox 445 5410 688 5481; x_wconf 87' lang='lat' dir='ltr'><strong><em>quinque</em></strong></span> <span class='ocrx_word' id='word_1_881' title='bbox 727 5411 958 5483; x_wconf 84' lang='lat' dir='ltr'><strong><em>panibus</em></strong></span> <span class='ocrx_word' id='word_1_882' title='bbox 995 5419 1049 5467; x_wconf 90' lang='lat' dir='ltr'><strong><em>et</em></strong></span> <span class='ocrx_word' id='word_1_883' title='bbox 1077 5411 1287 5468; x_wconf 87' lang='lat' dir='ltr'><strong><em>duobus</em></strong></span> <span class='ocrx_word' id='word_1_884' title='bbox 1332 5409 1605 5481; x_wconf 86' lang='lat' dir='ltr'><strong><em>piscibus,</em></strong></span> <span class='ocrx_word' id='word_1_885' title='bbox 1646 5410 1882 5483; x_wconf 89' lang='lat' dir='ltr'><strong><em>quinque</em></strong></span> 
     </span>
    </p>
   </div>
   <div class='ocr_carea' id='block_1_102' title="bbox 256 5499 1881 5575">
    <p class='ocr_par' dir='ltr' id='par_1_102' title="bbox 256 5499 1881 5575">
     <span class='ocr_line' id='line_1_102' title="bbox 256 5499 1881 5575; baseline 0 -19"><span class='ocrx_word' id='word_1_886' title='bbox 256 5499 451 5557; x_wconf 85' lang='lat' dir='ltr'><strong><em>millia</em></strong></span> <span class='ocrx_word' id='word_1_887' title='bbox 482 5499 762 5557; x_wconf 85' lang='lat' dir='ltr'><strong><em>hominum</em></strong></span> <span class='ocrx_word' id='word_1_888' title='bbox 795 5516 1023 5573; x_wconf 86' lang='lat' dir='ltr'><strong><em>vespera</em></strong></span> <span class='ocrx_word' id='word_1_889' title='bbox 1053 5502 1177 5557; x_wconf 88' lang='lat' dir='ltr'><strong><em>vitae</em></strong></span> <span class='ocrx_word' id='word_1_890' title='bbox 1220 5512 1511 5572; x_wconf 87' lang='lat' dir='ltr'><strong><em>pascentur</em></strong></span> <span class='ocrx_word' id='word_1_891' title='bbox 1545 5519 1558 5557; x_wconf 91' lang='lat'><strong>:</strong></span> <span class='ocrx_word' id='word_1_892' title='bbox 1593 5509 1649 5559; x_wconf 91' lang='lat' dir='ltr'><strong><em>et</em></strong></span> <span class='ocrx_word' id='word_1_893' title='bbox 1677 5501 1881 5575; x_wconf 86' lang='lat' dir='ltr'><strong><em>duode-</em></strong></span> 
     </span>
    </p>
   </div>
   <div class='ocr_carea' id='block_1_103' title="bbox 259 5592 1884 5665">
    <p class='ocr_par' dir='ltr' id='par_1_103' title="bbox 259 5592 1884 5665">
     <span class='ocr_line' id='line_1_103' title="bbox 259 5592 1884 5665; baseline -0.001 -14"><span class='ocrx_word' id='word_1_894' title='bbox 259 5595 397 5651; x_wconf 88' lang='lat' dir='ltr'><strong><em>cim</em></strong></span> <span class='ocrx_word' id='word_1_895' title='bbox 424 5592 645 5661; x_wconf 89' lang='lat' dir='ltr'><strong><em>cophini</em></strong></span> <span class='ocrx_word' id='word_1_896' title='bbox 676 5602 866 5647; x_wconf 87' lang='lat' dir='ltr'><strong><em>octava</em></strong></span> <span class='ocrx_word' id='word_1_897' title='bbox 896 5594 1094 5650; x_wconf 81' lang='lat' dir='ltr'><strong><em>virtute</em></strong></span> <span class='ocrx_word' id='word_1_898' title='bbox 1118 5595 1263 5665; x_wconf 90' lang='lat' dir='ltr'><strong><em>pleni</em></strong></span> <span class='ocrx_word' id='word_1_899' title='bbox 1292 5595 1605 5665; x_wconf 80' lang='lat' dir='ltr'><strong><em>fragmentis</em></strong></span> <span class='ocrx_word' id='word_1_900' title='bbox 1629 5594 1884 5664; x_wconf 85' lang='lat' dir='ltr'><strong><em>colligun-</em></strong></span> 
     </span>
    </p>
   </div>
   <div class='ocr_carea' id='block_1_104' title="bbox 254 5686 1882 5763">
    <p class='ocr_par' dir='ltr' id='par_1_104' title="bbox 254 5686 1882 5763">
     <span class='ocr_line' id='line_1_104' title="bbox 254 5686 1882 5763; baseline 0 -12"><span class='ocrx_word' id='word_1_901' title='bbox 254 5698 397 5759; x_wconf 85' lang='lat' dir='ltr'><strong><em>tur,</em></strong></span> <span class='ocrx_word' id='word_1_902' title='bbox 422 5702 549 5752; x_wconf 84' lang='lat' dir='ltr'><strong><em>cum</em></strong></span> <span class='ocrx_word' id='word_1_903' title='bbox 574 5686 770 5754; x_wconf 80' lang='lat' dir='ltr'><strong><em>sedent</em></strong></span> <span class='ocrx_word' id='word_1_904' title='bbox 796 5702 969 5763; x_wconf 28' lang='lat' dir='ltr'><strong><em>super,</em></strong></span> <span class='ocrx_word' id='word_1_905' title='bbox 986 5691 1213 5751; x_wconf 82' lang='lat' dir='ltr'><strong><em>thronos</em></strong></span> <span class='ocrx_word' id='word_1_906' title='bbox 1238 5690 1548 5762; x_wconf 87' lang='lat' dir='ltr'><strong><em>duodecim,</em></strong></span> <span class='ocrx_word' id='word_1_907' title='bbox 1578 5689 1882 5761; x_wconf 86' lang='lat' dir='ltr'><strong><em>judicantes</em></strong></span> 
     </span>
    </p>
   </div>
   <div class='ocr_carea' id='block_1_105' title="bbox 1980 4577 3575 4655">
    <p class='ocr_par' dir='ltr' id='par_1_105' title="bbox 1980 4577 3575 4655">
     <span class='ocr_line' id='line_1_105' title="bbox 1980 4577 3575 4655; baseline -0.004 -18"><span class='ocrx_word' id='word_1_908' title='bbox 1980 4586 2094 4655; x_wconf 88' lang='lat' dir='ltr'><strong><em>ejus</em></strong></span> <span class='ocrx_word' id='word_1_909' title='bbox 2131 4582 2453 4653; x_wconf 82' lang='lat' dir='ltr'><strong><em>parabolum.</em></strong></span> <span class='ocrx_word' id='word_1_910' title='bbox 2503 4582 2572 4636; x_wconf 81' lang='lat' dir='ltr'><strong><em>Et</em></strong></span> <span class='ocrx_word' id='word_1_911' title='bbox 2613 4584 2688 4635; x_wconf 85' lang='lat' dir='ltr'><strong><em>ait</em></strong></span> <span class='ocrx_word' id='word_1_912' title='bbox 2718 4581 2823 4635; x_wconf 86' lang='lat' dir='ltr'><strong><em>illis</em></strong></span> <span class='ocrx_word' id='word_1_913' title='bbox 2850 4596 2870 4634; x_wconf 91' lang='lat'><strong><em>:</em></strong></span> <span class='ocrx_word' id='word_1_914' title='bbox 2898 4579 2990 4635; x_wconf 89' lang='lat' dir='ltr'><strong><em>Sic</em></strong></span> <span class='ocrx_word' id='word_1_915' title='bbox 3021 4588 3068 4634; x_wconf 90' lang='lat' dir='ltr'><strong><em>et</em></strong></span> <span class='ocrx_word' id='word_1_916' title='bbox 3096 4595 3186 4633; x_wconf 89' lang='lat' dir='ltr'><strong><em>vos</em></strong></span> <span class='ocrx_word' id='word_1_917' title='bbox 3226 4577 3575 4645; x_wconf 88' lang='lat' dir='ltr'><strong><em>imprudentes</em></strong></span> 
     </span>
    </p>
   </div>
   <div class='ocr_carea' id='block_1_106' title="bbox 1981 4668 3575 4744">
    <p class='ocr_par' dir='ltr' id='par_1_106' title="bbox 1981 4668 3575 4744">
     <span class='ocr_line' id='line_1_106' title="bbox 1981 4668 3575 4744; baseline -0.004 -16"><span class='ocrx_word' id='word_1_918' title='bbox 1981 4675 2123 4728; x_wconf 80' lang='lat' dir='ltr'><strong><em>estis.</em></strong></span> <span class='ocrx_word' id='word_1_919' title='bbox 2158 4674 2283 4729; x_wconf 83' lang='lat' dir='ltr'><strong><em>Non</em></strong></span> <span class='ocrx_word' id='word_1_920' title='bbox 2313 4675 2627 4744; x_wconf 86' lang='lat' dir='ltr'><strong><em>intclligitis,</em></strong></span> <span class='ocrx_word' id='word_1_921' title='bbox 2655 4674 2781 4744; x_wconf 88' lang='lat' dir='ltr'><strong><em>quia</em></strong></span> <span class='ocrx_word' id='word_1_922' title='bbox 2806 4687 2954 4725; x_wconf 90' lang='lat' dir='ltr'><strong><em>omne</em></strong></span> <span class='ocrx_word' id='word_1_923' title='bbox 2977 4670 3294 4724; x_wconf 74' lang='lat' dir='ltr'><strong><em>extrinsecus</em></strong></span> <span class='ocrx_word' id='word_1_924' title='bbox 3324 4668 3575 4723; x_wconf 89' lang='lat' dir='ltr'><strong><em>introicns</em></strong></span> 
     </span>
    </p>
   </div>
   <div class='ocr_carea' id='block_1_107' title="bbox 1982 4761 3575 4837">
    <p class='ocr_par' dir='ltr' id='par_1_107' title="bbox 1982 4761 3575 4837">
     <span class='ocr_line' id='line_1_107' title="bbox 1982 4761 3575 4837; baseline -0.004 -17"><span class='ocrx_word' id='word_1_925' title='bbox 1982 4768 2035 4821; x_wconf 89' lang='lat' dir='ltr'><strong><em>in</em></strong></span> <span class='ocrx_word' id='word_1_926' title='bbox 2058 4767 2341 4833; x_wconf 87' lang='lat' dir='ltr'><strong><em>hominem,</em></strong></span> <span class='ocrx_word' id='word_1_927' title='bbox 2373 4783 2472 4820; x_wconf 89' lang='lat' dir='ltr'><strong><em>non</em></strong></span> <span class='ocrx_word' id='word_1_928' title='bbox 2499 4773 2662 4837; x_wconf 82' lang='lat' dir='ltr'><strong><em>potest</em></strong></span> <span class='ocrx_word' id='word_1_929' title='bbox 2687 4781 2804 4820; x_wconf 89' lang='lat' dir='ltr'><strong><em>eum</em></strong></span> <span class='ocrx_word' id='word_1_930' title='bbox 2829 4764 3160 4835; x_wconf 87' lang='lat' dir='ltr'><strong><em>coinquinare</em></strong></span> <span class='ocrx_word' id='word_1_931' title='bbox 3181 4777 3201 4815; x_wconf 87' lang='lat'><strong><em>:</em></strong></span> <span class='ocrx_word' id='word_1_932' title='bbox 3228 4762 3348 4831; x_wconf 84' lang='lat' dir='ltr'><strong><em>quia</em></strong></span> <span class='ocrx_word' id='word_1_933' title='bbox 3368 4777 3470 4815; x_wconf 91' lang='lat' dir='ltr'><strong><em>non</em></strong></span> <span class='ocrx_word' id='word_1_934' title='bbox 3493 4761 3575 4815; x_wconf 84' lang='lat' dir='ltr'><strong><em>in-</em></strong></span> 
     </span>
    </p>
   </div>
   <div class='ocr_carea' id='block_1_108' title="bbox 1982 4853 3571 4927">
    <p class='ocr_par' dir='ltr' id='par_1_108' title="bbox 1982 4853 3571 4927">
     <span class='ocr_line' id='line_1_108' title="bbox 1982 4853 3571 4927; baseline -0.001 -16"><span class='ocrx_word' id='word_1_935' title='bbox 1982 4867 2081 4911; x_wconf 90' lang='lat' dir='ltr'><strong><em>trat</em></strong></span> <span class='ocrx_word' id='word_1_936' title='bbox 2112 4859 2165 4911; x_wconf 91' lang='lat' dir='ltr'><strong><em>in</em></strong></span> <span class='ocrx_word' id='word_1_937' title='bbox 2197 4873 2285 4911; x_wconf 91' lang='lat' dir='ltr'><strong><em>cor</em></strong></span> <span class='ocrx_word' id='word_1_938' title='bbox 2314 4859 2448 4927; x_wconf 87' lang='lat' dir='ltr'><strong><em>ejus,</em></strong></span> <span class='ocrx_word' id='word_1_939' title='bbox 2478 4857 2567 4911; x_wconf 86' lang='lat' dir='ltr'><strong><em>sed</em></strong></span> <span class='ocrx_word' id='word_1_940' title='bbox 2609 4858 2662 4910; x_wconf 90' lang='lat' dir='ltr'><strong><em>in</em></strong></span> <span class='ocrx_word' id='word_1_941' title='bbox 2688 4869 2932 4921; x_wconf 85' lang='lat' dir='ltr'><strong><em>ventrem,</em></strong></span> <span class='ocrx_word' id='word_1_942' title='bbox 2964 4863 3011 4909; x_wconf 90' lang='lat' dir='ltr'><strong><em>et</em></strong></span> <span class='ocrx_word' id='word_1_943' title='bbox 3048 4855 3103 4907; x_wconf 89' lang='lat' dir='ltr'><strong><em>in</em></strong></span> <span class='ocrx_word' id='word_1_944' title='bbox 3149 4868 3402 4907; x_wconf 85' lang='lat' dir='ltr'><strong><em>secessum</em></strong></span> <span class='ocrx_word' id='word_1_945' title='bbox 3426 4853 3530 4909; x_wconf 73' lang='lat' dir='ltr'><strong><em>exit</em></strong></span> <span class='ocrx_word' id='word_1_946' title='bbox 3553 4892 3571 4919; x_wconf 89' lang='lat'><strong><em>,</em></strong></span> 
     </span>
    </p>
   </div>
   <div class='ocr_carea' id='block_1_109' title="bbox 1983 4944 3577 5020">
    <p class='ocr_par' dir='ltr' id='par_1_109' title="bbox 1983 4944 3577 5020">
     <span class='ocr_line' id='line_1_109' title="bbox 1983 4944 3577 5020; baseline -0.003 -17"><span class='ocrx_word' id='word_1_947' title='bbox 1983 4963 2214 5020; x_wconf 86' lang='lat' dir='ltr'><strong><em>purgans</em></strong></span> <span class='ocrx_word' id='word_1_948' title='bbox 2243 4963 2416 5001; x_wconf 87' lang='lat' dir='ltr'><strong><em>onmes</em></strong></span> <span class='ocrx_word' id='word_1_949' title='bbox 2446 4963 2603 5002; x_wconf 88' lang='lat' dir='ltr'><strong><em>escas.</em></strong></span> <span class='ocrx_word' id='word_1_950' title='bbox 2630 4945 2841 5001; x_wconf 87' lang='lat' dir='ltr'><strong><em>Dicebat</em></strong></span> <span class='ocrx_word' id='word_1_951' title='bbox 2864 4953 3062 5014; x_wconf 90' lang='lat' dir='ltr'><strong><em>autem,</em></strong></span> <span class='ocrx_word' id='word_1_952' title='bbox 3088 4945 3353 5016; x_wconf 89' lang='lat' dir='ltr'><strong><em>quoniam,</em></strong></span> <span class='ocrx_word' id='word_1_953' title='bbox 3374 4960 3489 5015; x_wconf 73' lang='lat' dir='ltr'><strong><em>qua:</em></strong></span> <span class='ocrx_word' id='word_1_954' title='bbox 3510 4944 3577 4999; x_wconf 91' lang='lat' dir='ltr'><strong><em>dc</em></strong></span> 
     </span>
    </p>
   </div>
   <div class='ocr_carea' id='block_1_110' title="bbox 1983 5037 3575 5110">
    <p class='ocr_par' dir='ltr' id='par_1_110' title="bbox 1983 5037 3575 5110">
     <span class='ocr_line' id='line_1_110' title="bbox 1983 5037 3575 5110; baseline -0.004 -14"><span class='ocrx_word' id='word_1_955' title='bbox 1983 5042 2188 5097; x_wconf 88' lang='lat' dir='ltr'><strong><em>homine</em></strong></span> <span class='ocrx_word' id='word_1_956' title='bbox 2232 5050 2458 5103; x_wconf 73' lang='lat' dir='ltr'><strong><em>exeunt,</em></strong></span> <span class='ocrx_word' id='word_1_957' title='bbox 2504 5040 2599 5094; x_wconf 88' lang='lat' dir='ltr'><strong><em>illa</em></strong></span> <span class='ocrx_word' id='word_1_958' title='bbox 2626 5039 2964 5110; x_wconf 87' lang='lat' dir='ltr'><strong><em>coinquinant</em></strong></span> <span class='ocrx_word' id='word_1_959' title='bbox 2996 5039 3275 5095; x_wconf 90' lang='lat' dir='ltr'><strong><em>hominem.</em></strong></span> <span class='ocrx_word' id='word_1_960' title='bbox 3312 5037 3389 5092; x_wconf 83' lang='lat' dir='ltr'><strong><em>Ab</em></strong></span> <span class='ocrx_word' id='word_1_961' title='bbox 3436 5038 3575 5092; x_wconf 90' lang='lat' dir='ltr'><strong><em>intus</em></strong></span> 
     </span>
    </p>
   </div>
   <div class='ocr_carea' id='block_1_111' title="bbox 1981 5129 3581 5211">
    <p class='ocr_par' dir='ltr' id='par_1_111' title="bbox 1981 5129 3581 5211">
     <span class='ocr_line' id='line_1_111' title="bbox 1981 5129 3581 5211; baseline -0.005 -21"><span class='ocrx_word' id='word_1_962' title='bbox 1981 5136 2117 5190; x_wconf 83' lang='lat' dir='ltr'><strong><em>enim</em></strong></span> <span class='ocrx_word' id='word_1_963' title='bbox 2146 5135 2210 5188; x_wconf 89' lang='lat' dir='ltr'><strong><em>de</em></strong></span> <span class='ocrx_word' id='word_1_964' title='bbox 2240 5132 2396 5187; x_wconf 89' lang='lat' dir='ltr'><strong><em>corde</em></strong></span> <span class='ocrx_word' id='word_1_965' title='bbox 2423 5131 2694 5186; x_wconf 89' lang='lat' dir='ltr'><strong><em>hominum</em></strong></span> <span class='ocrx_word' id='word_1_966' title='bbox 2724 5129 2876 5183; x_wconf 71' lang='lat' dir='ltr'><strong><em>malta</em></strong></span> <span class='ocrx_word' id='word_1_967' title='bbox 2901 5132 3239 5201; x_wconf 88' lang='lat' dir='ltr'><strong><em>cogitationes</em></strong></span> <span class='ocrx_word' id='word_1_968' title='bbox 3265 5130 3581 5211; x_wconf 82' lang='lat' dir='ltr'><strong><em>procedunt:</em></strong></span> 
     </span>
    </p>
   </div>
   <div class='ocr_carea' id='block_1_112' title="bbox 1981 5222 3571 5296">
    <p class='ocr_par' dir='ltr' id='par_1_112' title="bbox 1981 5222 3571 5296">
     <span class='ocr_line' id='line_1_112' title="bbox 1981 5222 3571 5296; baseline -0.006 -13"><span class='ocrx_word' id='word_1_969' title='bbox 1981 5227 2264 5291; x_wconf 89' lang='lat' dir='ltr'><strong><em>adulteria,</em></strong></span> <span class='ocrx_word' id='word_1_970' title='bbox 2315 5225 2702 5296; x_wconf 81' lang='lat' dir='ltr'><strong><em>fornicationes,</em></strong></span> <span class='ocrx_word' id='word_1_971' title='bbox 2747 5222 3051 5289; x_wconf 89' lang='lat' dir='ltr'><strong><em>homicidia,</em></strong></span> <span class='ocrx_word' id='word_1_972' title='bbox 3100 5226 3264 5296; x_wconf 77' lang='lat' dir='ltr'><strong><em>furta,</em></strong></span> <span class='ocrx_word' id='word_1_973' title='bbox 3318 5222 3571 5288; x_wconf 78' lang='lat' dir='ltr'><strong><em>avaritice,</em></strong></span> 
     </span>
    </p>
   </div>
   <div class='ocr_carea' id='block_1_113' title="bbox 1985 5312 3573 5391">
    <p class='ocr_par' dir='ltr' id='par_1_113' title="bbox 1985 5312 3573 5391">
     <span class='ocr_line' id='line_1_113' title="bbox 1985 5312 3573 5391; baseline -0.005 -16"><span class='ocrx_word' id='word_1_974' title='bbox 1985 5320 2251 5391; x_wconf 71' lang='lat' dir='ltr'><strong><em>nequitiae,</em></strong></span> <span class='ocrx_word' id='word_1_975' title='bbox 2278 5317 2453 5386; x_wconf 89' lang='lat' dir='ltr'><strong><em>dolus,</em></strong></span> <span class='ocrx_word' id='word_1_976' title='bbox 2484 5316 2847 5387; x_wconf 63' lang='lat' dir='ltr'><strong><em>impudicitia,</em></strong></span> <span class='ocrx_word' id='word_1_977' title='bbox 2889 5319 3073 5371; x_wconf 88' lang='lat' dir='ltr'><strong><em>oculus</em></strong></span> <span class='ocrx_word' id='word_1_978' title='bbox 3116 5314 3306 5380; x_wconf 88' lang='lat' dir='ltr'><strong><em>malus,</em></strong></span> <span class='ocrx_word' id='word_1_979' title='bbox 3333 5312 3573 5381; x_wconf 87' lang='lat' dir='ltr'><strong><em>blasphe-</em></strong></span> 
     </span>
    </p>
   </div>
   <div class='ocr_carea' id='block_1_114' title="bbox 1984 5407 3574 5483">
    <p class='ocr_par' dir='ltr' id='par_1_114' title="bbox 1984 5407 3574 5483">
     <span class='ocr_line' id='line_1_114' title="bbox 1984 5407 3574 5483; baseline -0.003 -17"><span class='ocrx_word' id='word_1_980' title='bbox 1984 5413 2108 5479; x_wconf 81' lang='lat' dir='ltr'><strong><em>mia,</em></strong></span> <span class='ocrx_word' id='word_1_981' title='bbox 2136 5411 2399 5483; x_wconf 88' lang='lat' dir='ltr'><strong><em>superbia,</em></strong></span> <span class='ocrx_word' id='word_1_982' title='bbox 2427 5409 2667 5465; x_wconf 89' lang='lat' dir='ltr'><strong><em>stultitia.</em></strong></span> <span class='ocrx_word' id='word_1_983' title='bbox 2695 5409 2885 5483; x_wconf 79' lang='lat' dir='ltr'><strong><em>omnia</em></strong></span> <span class='ocrx_word' id='word_1_984' title='bbox 2906 5409 3015 5463; x_wconf 79' lang='lat' dir='ltr'><strong><em>[nec</em></strong></span> <span class='ocrx_word' id='word_1_985' title='bbox 3030 5409 3169 5463; x_wconf 88' lang='lat' dir='ltr'><strong><em>mala</em></strong></span> <span class='ocrx_word' id='word_1_986' title='bbox 3196 5407 3259 5461; x_wconf 90' lang='lat' dir='ltr'><strong><em>ab</em></strong></span> <span class='ocrx_word' id='word_1_987' title='bbox 3286 5408 3424 5461; x_wconf 81' lang='lat' dir='ltr'><strong><em>intus</em></strong></span> <span class='ocrx_word' id='word_1_988' title='bbox 3452 5420 3574 5478; x_wconf 85' lang='lat' dir='ltr'><strong><em>pro-</em></strong></span> 
     </span>
    </p>
   </div>
   <div class='ocr_carea' id='block_1_115' title="bbox 1983 5497 3573 5572">
    <p class='ocr_par' dir='ltr' id='par_1_115' title="bbox 1983 5497 3573 5572">
     <span class='ocr_line' id='line_1_115' title="bbox 1983 5497 3573 5572; baseline -0.003 -12"><span class='ocrx_word' id='word_1_989' title='bbox 1983 5505 2190 5571; x_wconf 87' lang='lat' dir='ltr'><strong><em>cedunt,</em></strong></span> <span class='ocrx_word' id='word_1_990' title='bbox 2250 5514 2298 5558; x_wconf 89' lang='lat' dir='ltr'><strong><em>et</em></strong></span> <span class='ocrx_word' id='word_1_991' title='bbox 2352 5502 2689 5572; x_wconf 89' lang='lat' dir='ltr'><strong><em>coinquinant</em></strong></span> <span class='ocrx_word' id='word_1_992' title='bbox 2735 5501 3011 5555; x_wconf 88' lang='lat' dir='ltr'><strong><em>hominem.</em></strong></span> <span class='ocrx_word' id='word_1_993' title='bbox 3063 5497 3132 5552; x_wconf 88' lang='lat' dir='ltr'><strong><em>Et</em></strong></span> <span class='ocrx_word' id='word_1_994' title='bbox 3169 5500 3290 5554; x_wconf 89' lang='lat' dir='ltr'><strong><em>inde</em></strong></span> <span class='ocrx_word' id='word_1_995' title='bbox 3336 5515 3573 5570; x_wconf 76' lang='lat' dir='ltr'><strong><em>surgens,</em></strong></span> 
     </span>
    </p>
   </div>
   <div class='ocr_carea' id='block_1_116' title="bbox 1984 5593 3574 5666">
    <p class='ocr_par' dir='ltr' id='par_1_116' title="bbox 1984 5593 3574 5666">
     <span class='ocr_line' id='line_1_116' title="bbox 1984 5593 3574 5666; baseline -0.002 -14"><span class='ocrx_word' id='word_1_996' title='bbox 1984 5598 2111 5652; x_wconf 84' lang='lat' dir='ltr'><strong><em>abiit</em></strong></span> <span class='ocrx_word' id='word_1_997' title='bbox 2132 5598 2186 5650; x_wconf 89' lang='lat' dir='ltr'><strong><em>in</em></strong></span> <span class='ocrx_word' id='word_1_998' title='bbox 2209 5597 2337 5666; x_wconf 79' lang='lat' dir='ltr'><strong><em>fines</em></strong></span> <span class='ocrx_word' id='word_1_999' title='bbox 2365 5595 2489 5666; x_wconf 84' lang='lat' dir='ltr'><strong><em>Tyri</em></strong></span> <span class='ocrx_word' id='word_1_1000' title='bbox 2518 5606 2565 5647; x_wconf 90' lang='lat' dir='ltr'><strong><em>et</em></strong></span> <span class='ocrx_word' id='word_1_1001' title='bbox 2598 5594 2831 5663; x_wconf 87' lang='lat' dir='ltr'><strong><em>Sidonis,</em></strong></span> <span class='ocrx_word' id='word_1_1002' title='bbox 2862 5601 2907 5646; x_wconf 82' lang='lat' dir='ltr'><strong><em>et</em></strong></span> <span class='ocrx_word' id='word_1_1003' title='bbox 2936 5593 3196 5663; x_wconf 89' lang='lat' dir='ltr'><strong><em>ingressus</em></strong></span> <span class='ocrx_word' id='word_1_1004' title='bbox 3217 5593 3449 5662; x_wconf 88' lang='lat' dir='ltr'><strong><em>domum,</em></strong></span> <span class='ocrx_word' id='word_1_1005' title='bbox 3480 5608 3574 5649; x_wconf 84' lang='lat' dir='ltr'><strong><em>ne-</em></strong></span> 
     </span>
    </p>
   </div>
   <div class='ocr_carea' id='block_1_117' title="bbox 1982 5684 3575 5772">
    <p class='ocr_par' dir='ltr' id='par_1_117' title="bbox 1982 5684 3575 5772">
     <span class='ocr_line' id='line_1_117' title="bbox 1982 5684 3575 5772; baseline -0.003 -25"><span class='ocrx_word' id='word_1_1006' title='bbox 1982 5692 2169 5747; x_wconf 86' lang='lat' dir='ltr'><strong><em>minem</em></strong></span> <span class='ocrx_word' id='word_1_1007' title='bbox 2192 5689 2353 5749; x_wconf 86' lang='lat' dir='ltr'><strong><em>voluit</em></strong></span> <span class='ocrx_word' id='word_1_1008' title='bbox 2385 5687 2532 5772; x_wconf 62' lang='lat' dir='ltr'><strong><em>scire</em></strong></span> <span class='ocrx_word' id='word_1_1009' title='bbox 2552 5729 2568 5759; x_wconf 94' lang='lat'><strong><em>,</em></strong></span> <span class='ocrx_word' id='word_1_1010' title='bbox 2607 5697 2654 5748; x_wconf 87' lang='lat' dir='ltr'><strong><em>et</em></strong></span> <span class='ocrx_word' id='word_1_1011' title='bbox 2684 5702 2786 5744; x_wconf 87' lang='lat' dir='ltr'><strong><em>non</em></strong></span> <span class='ocrx_word' id='word_1_1012' title='bbox 2812 5688 2982 5769; x_wconf 79' lang='lat' dir='ltr'><strong><em>potuit</em></strong></span> <span class='ocrx_word' id='word_1_1013' title='bbox 3012 5686 3189 5747; x_wconf 81' lang='lat' dir='ltr'><strong><em>latere.</em></strong></span> <span class='ocrx_word' id='word_1_1014' title='bbox 3219 5684 3411 5765; x_wconf 79' lang='lat' dir='ltr'><strong><em>Mulier</em></strong></span> <span class='ocrx_word' id='word_1_1015' title='bbox 3436 5686 3575 5751; x_wconf 82' lang='lat' dir='ltr'><strong><em>enim</em></strong></span> 
     </span>
    </p>
   </div>
  </div>
