4030 6202
510 197 609 255 (Η

1565 188 1625 249 s.
1666 187 2049 248 HIERONYMI
2086 184 2374 246 orsnuu
2417 181 2785 244 MANTISSA.
3736 188 3814 252 σι

483 317 681 385 statim,
718 332 778 376 ut
807 308 1006 377 audivit
1030 311 1095 367 de
1116 325 1176 366 eo
1196 352 1211 375 ,
1242 312 1393 382 cujus
1435 304 1546 376 ﬁlia
1588 305 1808 360 habebat
1850 302 2088 377 spiritum
2114 302 2169 364 Α
2194 301 2639 373 cogitationibus,
2668 310 2723 356 et
2776 298 2989 354 actibus
3040 298 3389 371 inordinatis,
3419 305 3818 365 sermonibus-

489 411 845 479 immundum,
880 404 1085 463 intravit
1129 410 1179 454 et
1205 398 1427 471 procidit
1467 392 1535 451 ad
1575 398 1728 469 pedes
1772 396 1907 469 ejus.
1961 395 2088 448 Erat

497 503 639 554 enim
666 502 859 555 mulier
896 493 1098 565 gentilis
1127 489 1531 560 Syrophoenissa
1560 503 1763 557 genere,
1794 495 1839 540 et
1872 486 2086 558 rogabat

493 592 630 657 eum,
657 602 713 642 ut
741 586 1054 641 daemonium
1077 582 1284 652 ejiceret
1312 580 1374 633 de
1395 579 1507 647 ﬁlia
1529 582 1664 649 ejus.
1692 578 1795 644 Qui
1815 579 1948 632 dixit
1974 577 2091 632 illi:

497 680 623 735 Sine
650 681 797 749 prius
821 674 1048 729 saturari
1072 674 1232 741 ﬁlios;
1262 671 1383 725 Non
1413 680 1490 725 est
1518 676 1653 724 enim
1681 672 1870 724 bonum
1892 686 2097 724 sumere

495 776 682 839 panem
710 768 962 835 ﬁliorum,
991 774 1040 818 et
1072 765 1271 817 mittere
1304 764 1536 816 canibus.
1566 763 1631 816 At
1658 763 1753 816 illa
1784 761 2051 832 respondit
2078 806 2093 830 ,

496 875 542 918 et
564 864 689 917 dicit
711 863 791 916 illi
813 878 832 915 :
858 860 1067 931 Utique,
1097 858 1337 925 Domine,
1366 874 1487 911 nam
1510 858 1685 912 catelli
1705 858 1980 912 comedunt
2004 855 2095 911 sub

493 960 674 1010 mensa
702 955 766 1008 de
807 955 953 1007 micis
991 965 1291 1020 puerorum.
1325 950 1390 1004 Et
1420 951 1491 1004 ait
1535 950 1617 1004 illi
1648 966 1667 1005 :
1699 948 1925 1019 Propter
1958 948 2097 1003 hunc

496 1062 781 1104 sermonem
819 1046 980 1111 uade,
1034 1044 1162 1100 exiit
1191 1045 1505 1100 dtemonium
1532 1060 1563 1099 a
1592 1044 1707 1115 ﬁlia
1738 1055 1845 1098 tua.
1880 1043 1949 1098 Et
1980 1059 2097 1097 cum

497 1143 703 1195 obiisset
728 1138 940 1193 domum
979 1154 1147 1204 suam,
1180 1137 1372 1191 invenit
1403 1138 1629 1209 puellam
1650 1140 1911 1208 jacentem
1938 1151 2097 1207 supra

500 1236 707 1299 lectum,
758 1244 806 1286 et
838 1233 1150 1287 da'monium
1192 1232 1400 1285 eriisse.
1448 1229 1852 1285 Pharisaeorum
1897 1243 2096 1298 super-

494 1328 664 1382 ﬂuum
689 1326 966 1394 latratum,
985 1325 1134 1379 furca
1160 1324 1391 1379 rationis
1412 1322 1689 1387 obtundit,
1716 1323 1767 1377 id
1794 1333 1898 1391 est,
1924 1320 2093 1392 Moy‘si

495 1429 550 1475 et
599 1419 752 1474 Isaia:
800 1416 1203 1488 increpatione,
1250 1425 1309 1470 ut
1338 1430 1438 1471 nos
1469 1416 1822 1471 adversantes
1854 1416 2094 1471 hmreses

496 1511 680 1567 verbis
706 1509 1006 1577 Scriptura:
1033 1508 1338 1563 vincamus.
1372 1508 1633 1563 Videntes
1658 1507 1960 1575 discipulos
1985 1522 2093 1562 non

498 1602 627 1658 lotis
677 1601 932 1657 manibus
980 1601 1330 1665 manducare,
1372 1599 1517 1669 Quod
1566 1599 1804 1655 futuram
1851 1600 2090 1669 gentium

2204 402 2307 465 quc
2346 393 2723 463 incompositis
2762 392 3013 460 ducitur,
3050 394 3145 463 Qui
3180 396 3360 451 sanari
3409 404 3677 454 meretur.
3711 401 3813 457 Di-

2199 486 2301 557 giti
2333 485 2425 555 qui
2455 486 2505 538 in
2530 499 2691 539 aures
2715 485 2837 554 ejus
2866 484 3176 551 mittuntur,
3209 488 3376 544 verba
3404 490 3632 559 spiritus
3653 498 3809 561 sunt,

2200 580 2269 634 de
2296 594 2405 649 quo
2434 578 2675 633 dicitur:
2708 578 2919 649 Digilus
2954 579 3046 635 Dei
3081 579 3171 634 hic
3197 589 3302 635 est.
3337 581 3427 649 Et,-
3459 582 3643 653 Opera
3665 586 3810 657 digi-

2203 682 2379 726 torum
2410 678 2629 725 tuorum
2668 680 2796 725 sunt
2825 671 2970 728 tali.

2272 762 2340 817 Et
2372 779 2626 835 easpuens
2653 764 2817 837 tetigit
2848 763 3085 835 linguam
3127 767 3263 837 ejus.
3293 764 3496 837 Spuma
3534 769 3607 827 de
3639 786 3807 829 carne

2201 852 2443 921 Domini,
2476 865 2564 913 est
2588 856 2770 912 divina
2817 857 3081 927 sapientia
3116 876 3128 914 :
3157 866 3278 930 aute
3308 863 3473 917 solvit
3521 863 3804 923 vinculum

2200 950 2468 1006 labiorum
2493 952 2715 1007 humani
2744 954 2967 1022 generis
2995 970 3011 1008 :
3042 963 3103 1010 ut
3124 954 3307 1011 dicat:
3332 952 3515 1013 Credo
3545 958 3600 1014 in
3632 960 3805 1016 Deum

2200 1042 2418 1099 Patrem
2450 1046 2903 1115 omnipotentem,
2940 1055 3051 1102 etc:

2276 1136 2342 1191 Et
2368 1139 2656 1209 suspiciens
2676 1138 2732 1192 in
2760 1139 2948 1193 caelum
2967 1136 3237 1211 ingemuit.
3264 1139 3319 1199 id
3345 1151 3448 1212 est,
3474 1156 3573 1200 nos
3585 1156 3807 1216 gemere

2199 1226 2403 1295 docuit,
2463 1229 2601 1284 etin
2648 1228 2848 1286 coelum
2900 1231 3219 1287 thesaurum
3268 1235 3451 1289 cordis
3481 1234 3658 1294 nustri
3689 1238 3805 1293 eri-

2198 1334 2373 1390 gere:
2424 1320 2569 1390 quod
2611 1332 2709 1391 per
2748 1323 3007 1392 gemitum
3058 1326 3495 1394 compunctionis
3548 1327 3801 1398 inlitum,

2198 1410 2389 1466 frivola
2420 1411 2608 1467 laetitia
2638 1413 2821 1469 carnis
2848 1424 3128 1486 purgatur,
3154 1426 3209 1472 ut
3230 1417 3426 1474 dicitur
3451 1436 3463 1474 :
3490 1419 3806 1491 Rugiebam

2198 1516 2229 1558 a
2258 1506 2464 1575 gemitu
2492 1505 2694 1569 cordis.
2723 1515 2832 1563 etc.

2274 1593 2343 1648 Et
2380 1597 2454 1651 ait
2498 1598 2618 1651 illi:
2647 1595 2856 1667 Epheta
2880 1643 2895 1669 ,
2926 1601 3069 1670 quod
3119 1609 3232 1668 est;
3276 1602 3567 1672 udaperire.
3616 1604 3806 1661 Corde

495 1694 938 1749 communionem
989 1692 1282 1763 signiticet.
1334 1690 1597 1746 blanditia
1647 1703 1702 1747 et
1759 1692 2086 1762 baptismum
2117 1695 2164 1757 B
2194 1688 2339 1749 enim
2368 1688 2609 1744 creditur
2636 1690 2703 1745 ad
2730 1691 2998 1761 justitiam
3029 1707 3044 1748 :
3086 1705 3183 1749 ore
3210 1701 3391 1750 autem
3430 1695 3708 1751 confessio
3740 1696 3800 1751 tit

496 1786 864 1857 pharisaicum
896 1786 1087 1840 sterile
1108 1793 1209 1838 est.
1234 1782 1668 1837 Communicatio
1697 1798 1805 1838 non
1832 1785 1938 1838 tota
1964 1798 2097 1854 apo-

501 1879 717 1945 stolica,
768 1876 1020 1933 extendit
1064 1875 1326 1944 palmites
1375 1889 1505 1930 suos
1556 1890 1727 1943 usque
1777 1874 1843 1930 ad
1895 1890 2094 1931 mare:

496 1972 641 2041 quod
669 1972 827 2039 culpa
862 1969 1037 2037 majus
1066 1978 1169 2023 cSt.
1215 1966 1461 2025 Traditio
1492 1977 1672 2025 autem
1706 1969 2008 2039 pharisaica
2040 1968 2094 2027 in

498 2064 796 2131 mensis,et
825 2060 987 2133 puris
1008 2060 1157 2116 vasis
1184 2059 1291 2116 non
1314 2066 1398 2116 est
1422 2063 1727 2128 tractanda,
1753 2061 1849 2116 sed
1872 2060 2091 2117 abscin-

497 2155 678 2211 denda
718 2164 774 2210 et
817 2153 1081 2209 radenda.
1118 2156 1278 2223 Stepe
1323 2152 1468 2211 enim
1506 2155 1889 2212 traditionibus
1920 2157 2097 2211 homi-

496 2250 652 2316 num,
684 2247 936 2301 mandata
970 2246 1066 2301 Dei
1097 2243 1318 2302 cedunt.
1346 2247 1475 2302 Post
1506 2246 1608 2301 hoc
1630 2248 1865 2316 signum,
1900 2250 2099 2304 mulier

500 2340 943 2413 Symphusuissa,
987 2340 1143 2410 cujus
1180 2342 1288 2396 lilia
1320 2342 1572 2412 spiritum
1625 2342 1967 2397 immundum
2000 2344 2099 2398 ha~

500 2434 685 2497 bebat,
739 2434 952 2488 intrans
995 2433 1227 2504 procidit
1272 2432 1341 2488 ad
1385 2434 1552 2504 pedes
1595 2435 1735 2503 ejus.
1780 2428 1908 2489 Erat
1952 2437 2097 2490 enim

503 2527 727 2597 gentilis
755 2526 997 2583 mulier:
1029 2534 1185 2597 rogat
1213 2526 1479 2597 proililia,
1529 2542 1649 2598 qua:
1679 2536 1764 2582 est
1807 2536 1979 2583 mater
2000 2541 2100 2583 no-

500 2628 638 2687 stra,
672 2618 916 2673 Romana
947 2618 1196 2674 Ecclesia
1228 2635 1243 2671 :
1275 2626 1330 2674 et
1359 2628 1481 2673 nata
1520 2618 1873 2685 daemoniaca,
1907 2619 2100 2675 barba-

498 2712 613 2766 rica
645 2719 732 2765 est
755 2710 1120 2765 Occidentalis
1152 2711 1321 2775 natio,
1349 2708 1511 2780 cujus
1536 2710 1667 2766 iides
1713 2710 1838 2766 fecit
1866 2710 1935 2767 de
1962 2726 2099 2768 cane

509 2816 669 2857 ovem
699 2817 715 2855 :
747 2802 885 2856 mica
909 2802 1213 2872 spiritualis
1241 2803 1573 2869 intellectus,
1598 2816 1705 2858 non
1734 2814 1932 2873 panem
1961 2804 2101 2859 frac-

505 2906 619 2952 tum
652 2896 852 2950 litterae
882 2910 1099 2953 sumere
1129 2897 1299 2966 cupit.
1321 2896 1548 2963 Fidelis,
1574 2896 1812 2967 prudens
1836 2906 1893 2954 et
1923 2898 2101 2954 humi-

504 2989 572 3045 lis
598 2998 869 3055 meretur,
898 2992 1042 3062 quod
1076 2991 1271 3062 poscit.

2201 1781 2268 1835 ad
2295 1784 2551 1836 salutem.

2274 1874 2343 1929 Et
2372 1876 2545 1931 statim
2571 1884 2768 1947 aperta:
2803 1887 2928 1934 sunt
2956 1888 3112 1935 aures
3155 1874 3305 1955 ejus,
3356 1890 3407 1935 et
3453 1882 3684 1936 solutum
3731 1894 3806 1937 est

2200 1968 2465 2021 tinculum
2490 1968 2685 2041 lingute
2713 1972 2847 2039 ejus,
2872 1979 2919 2025 et
2945 1963 3251 2042 loquebatur
3273 1982 3427 2027 recte.
3442 1974 3663 2042 Aperta:
3680 1984 3805 2031 sunt

2201 2054 2363 2115 aures
2393 2060 2511 2129 ejus
2536 2061 2602 2115 ad
2633 2060 2887 2133 hymnos,
2917 2064 3153 2128 cantica,
3176 2072 3231 2121 et
3260 2060 3502 2135 psalmos
3532 2084 3545 2120 :
3574 2067 3808 2123 solvitur

2205 2152 2409 2224 lingua,
2436 2163 2493 2208 ut
2523 2164 2736 2210 eructet
2764 2156 2993 2212 verbum
3023 2150 3247 2224 bonum,
3276 2159 3421 2229 quod
3445 2166 3552 2213 non
3578 2170 3807 2229 possunt

2207 2249 2372 2303 mina:
2422 2262 2526 2304 nec
2581 2250 2813 2305 verbera
2867 2250 3173 2319 cohibere,
3250 2261 3312 2306 ut
3376 2254 3451 2307 ait
3508 2254 3806 2324 Apostolus

2210 2337 2447 2395 Paulus:
2485 2341 2600 2412 Ego
2638 2340 2882 2409 vinctus,
2914 2342 3011 2397 sed
3048 2355 3153 2398 non
3184 2351 3267 2398 est
3308 2342 3583 2413 alligatum
3614 2345 3670 2399 in
3714 2360 3805 2401 me

2206 2434 2433 2489 verbum
2468 2434 2584 2489 Dei.

2281 2524 2349 2578 Et
2374 2528 2616 2597 prtecepit
2653 2524 2780 2594 illis,
2811 2541 2875 2580 ne
2901 2528 2985 2581 cui
3009 2527 3260 2583 dicerent.
3287 2527 3404 2585 Non
3432 2528 3490 2585 in
3517 2530 3807 2587 virtutibus

2207 2617 2554 2687 gloriandum
2573 2630 2696 2675 esse
2720 2617 2906 2674 docuit
2933 2635 2947 2673 :
2979 2620 3077 2676 sed
3109 2621 3164 2677 in
3188 2636 3374 2692 cruce,
3408 2633 3465 2682 et
3489 2625 3547 2680 in
3566 2622 3806 2680 humilia-

2207 2711 2376 2767 tione.

2282 2802 2493 2869 Quanto
2540 2800 2713 2858 autem
2758 2803 2830 2860 eis
2877 2807 3247 2878 praecipiebat,
3295 2804 3437 2863 tanta
3478 2810 3649 2880 magis
3686 2810 3802 2880 plus

2206 2894 2561 2965 prcedicabant
2581 2937 2596 2961 ,
2628 2905 2762 2952 eteo
2802 2900 3028 2970 amplius
3069 2899 3486 2970 admirabantur,
3528 2896 3757 2955 dicentes
3784 2917 3804 2956 :

2207 2985 2348 3042 Bene
2376 2989 2550 3042 omnia
2597 2989 2754 3059 fecit,
2803 2998 2850 3044 et
2896 2992 3082 3046 surdos
3110 2986 3232 3061 fecit
3259 2991 3446 3045 audire
3471 3034 3486 3059 ,
3545 3001 3595 3047 et
3639 2999 3803 3046 mutos

578 3080 647 3138 Et
666 3076 851 3139 iterum
878 3087 1053 3141 ἐπίσης
1084 3087 1148 3141 de
1177 3086 1368 3155 finibus
1398 3084 1545 3156 Tyri,
1574 3084 1712 3139 venit
1740 3100 1830 3155 per
1854 3084 2102 3141 Sidonem
2128 3081 2175 3145 C
2209 3081 2373 3153 loqui.
2426 3083 2633 3139 Civitas
2689 3085 2743 3140 in
2801 3094 2988 3141 monte
3039 3084 3216 3156 positu
3274 3085 3514 3156 undique
3567 3085 3802 3142 circum-

504 3178 573 3231 ad
598 3188 743 3231 mare
770 3176 1008 3233 Galilwtv
1026 3179 1161 3232 inter
1185 3176 1382 3230 medios
1412 3177 1537 3243 fines
1562 3175 1899 3245 Decapoleos.
1929 3177 1995 3233 Et
2016 3178 2104 3236 hic

506 3272 730 3339 preprie
760 3282 947 3326 narrat
975 3271 1193 3325 Marcus
1214 3267 1480 3322 decimam
1512 3267 1789 3323 virtutem.
1819 3269 1994 3341 Tyrus
2018 3272 2103 3328 in-

508 3372 848 3433 terpretatur
878 3363 1145 3435 angustia,
1175 3361 1488 3431 signiﬁcans
1518 3359 1784 3427 Judtcam,
1819 3364 1905 3417 cui
1928 3363 2108 3420 Domi-

506 3472 610 3512 nus
637 3452 772 3512 dicit
805 3474 815 3511 :
845 3458 1262 3527 coangustatum
1296 3465 1377 3509 εει
1407 3464 1634 3510 stratum
1654 3501 1667 3523 ,
1692 3454 1858 3511 breve
1879 3466 1963 3513 est
1990 3458 2105 3527 pal-

508 3547 663 3613 lium,
687 3538 982 3618 utrumque
1009 3548 1227 3617 operire
1256 3560 1362 3602 non
1390 3555 1568 3616 potest
1593 3563 1607 3599 :
1637 3554 1697 3601 ut
1725 3548 2021 3604 transferat
2047 3552 2106 3605 se

510 3639 578 3692 ad
609 3644 801 3708 gentes
846 3640 1001 3693 alias.
1048 3639 1220 3694 Sidon
1264 3652 1396 3693 vero
1440 3640 1643 3693 venatio
1683 3638 2103 3711 interpretatur,

512 3743 635 3800 qua:
665 3728 782 3783 fera
811 3728 1184 3799 indomitaque
1216 3738 1402 3784 nostra
1446 3728 1597 3784 natio
1621 3740 1727 3800 est,
1761 3741 1814 3787 et
1854 3733 2005 3789 venit
2034 3734 2105 3790 ad

513 3832 666 3878 mare
695 3822 956 3887 Galilazte,
991 3822 1130 3892 quod
1162 3819 1433 3893 fructuosa
1473 3824 1771 3883 volubilitas
1800 3839 1885 3886 est
1914 3846 1929 3885 :
1962 3829 2107 3887 inter

512 3916 722 3975 medios
760 3917 901 3973 lines
932 3916 1296 3989 Decapoleos,
1345 3920 1489 3990 quod
1523 3920 1918 3993 interpretatur
1947 3924 2107 3981 deca-

516 4011 623 4079 logi
650 4010 927 4065 mandata.
952 4006 1207 4065 Salvator
1235 4010 1300 4065 ad
1349 4012 1637 4069 salvandas
1664 4022 1856 4085 gentes
1880 4016 1951 4070 ab
1975 4032 2107 4087 apo-

512 4106 670 4161 stolis
701 4102 921 4161 ducitur
950 4122 964 4158 :
999 4106 1091 4175 qui
1121 4105 1478 4177 interroganti
1504 4123 1563 4164 se
1591 4108 1947 4178 adolescenti,
1976 4112 2105 4182 quid

510 4197 741 4261 faceret,
776 4198 1061 4268 respondit
1090 4215 1105 4253 :
1140 4197 1289 4253 Nosti
1332 4200 1607 4254 mandata.

585 4290 654 4347 Et
682 4294 940 4347 adducant
970 4294 1014 4348 ei
1039 4293 1253 4347 surdum
1274 4302 1323 4348 et
1345 4304 1564 4348 mutum.
1596 4292 1780 4349 Genus
1812 4294 2106 4351 humanum

510 4404 611 4461 per
638 4386 812 4444 multa
838 4380 1109 4455 membra,
1138 4402 1202 4443 ac
1220 4384 1269 4443 si
1300 4404 1440 4443 unus
1463 4388 1628 4442 homo
1658 4388 1803 4442 varia
1837 4398 1990 4457 peste
2011 4388 2107 4445 ab-

2209 3168 2417 3246 specta,
2449 3175 2710 3232 abscondi
2738 3190 2847 3234 non
2880 3185 3097 3248 potest:
3124 3178 3399 3234 humilitas
3427 3192 3651 3247 semper
3671 3192 3803 3250 prte-

2209 3266 2354 3322 cedit
2380 3264 2632 3338 gloriam.

2793 3338 3024 3397 CAPUT
3066 3338 3205 3397 Vill.

2282 3451 2348 3506 In
2388 3452 2566 3507 diebus
2593 3451 2721 3521 illis,
2756 3446 2944 3507 iterum
2974 3469 3091 3508 cum
3123 3452 3274 3508 turba
3318 3452 3487 3508 multa
3514 3462 3667 3520 esset,
3712 3466 3801 3508 nec

2210 3540 2479 3611 haberent,
2526 3546 2668 3616 quod
2710 3546 3090 3601 manducarent
3121 3562 3140 3602 :
3171 3549 3465 3601 conuocatis
3495 3547 3765 3619 discipulis
3785 3579 3799 3604 ς

2209 3635 2284 3689 ait
2310 3635 2419 3690 illis
2444 3651 2464 3690 :
2488 3635 2741 3692 Misereor
2763 3654 2922 3709 super
2950 3638 3174 3704 turbam,
3208 3640 3331 3708 quia
3358 3654 3474 3694 ecce
3493 3642 3611 3712 jam
3632 3639 3801 3694 triduo

2209 3734 2466 3787 sustinent
2486 3749 2587 3801 me,
2621 3744 2711 3789 nec
2738 3733 2926 3789 habent
2952 3734 3092 3805 quod
3114 3736 3435 3788 manducent
3462 3750 3481 3787 :
3507 3742 3556 3787 et
3582 3736 3630 3788 si
3654 3734 3804 3787 dimi-

2208 3838 2326 3881 sero
2346 3842 2435 3881 eos
2454 3829 2667 3899 jejunos
2698 3826 2751 3883 in
2780 3822 2990 3883 domum
3010 3834 3193 3894 suam,
3208 3828 3452 3898 deficient
3473 3828 3527 3881 in
3546 3828 3653 3881 uia.
3678 3826 3805 3895 Qui-

2210 3919 2333 3973 dam
2364 3920 2500 3974 enim
2531 3932 2596 3975 ex
2633 3921 2710 3975 eis
2751 3920 2817 3974 de
2845 3919 2998 3991 longe
3022 3924 3293 3975 uenerunt.
3330 3916 3397 3971 Et
3424 3919 3803 3990 responderunt

2210 4012 2256 4066 ei
2285 4010 2527 4083 discipuli
2568 4012 2699 4066 sui:
2736 4011 2887 4067 Unde
2916 4014 3047 4067 istos
3091 4014 3206 4082 quis
3249 4014 3439 4082 poterit
3483 4012 3568 4064 hic
3619 4012 3802 4065 satiare

2206 4105 2429 4175 panibus
2455 4104 2511 4158 in
2549 4102 2830 4159 solitudine
2848 4104 2877 4158 '7
2907 4102 2976 4158 Et
3007 4105 3345 4176 interrogavit
3375 4112 3461 4158 eos
3491 4121 3508 4155 :
3542 4098 3684 4171 Quot
3713 4119 3801 4174 pa-

2209 4213 2299 4252 nes
2331 4196 2563 4252 habetis?
2588 4198 2691 4263 Qui
2722 4198 3006 4252 dixerunt:
3033 4195 3350 4268 Septem.Et
3373 4198 3618 4267 pftecepit
3646 4196 3802 4249 turba:

2206 4290 2530 4344 discumbere
2566 4305 2722 4359 super
2749 4302 2961 4344 terram.
2996 4288 3066 4343 Et
3097 4291 3357 4359 accipiens
3388 4298 3582 4360 septem
3608 4305 3763 4361 panes
3784 4331 3799 4356 ,

2210 4384 2405 4453 gratias
2435 4398 2612 4453 agens,
2640 4383 2834 4453 fregit:
2863 4390 2911 4436 et
2933 4381 3088 4435 dabat
3110 4380 3381 4454 discipulis
3409 4382 3540 4449 suis,
3568 4390 3625 4436 ut
3646 4397 3803 4453 appo-

516 4488 763 4551 sumptus
794 4487 1184 4536 enumeratur:
1219 4481 1273 4535 in
1302 4479 1642 4551 protoplasto
1673 4490 1929 4547 caecatur,
1978 4480 2103 4537 dum
2135 4471 2188 4532 Β
2212 4483 2412 4529 uerent.
2447 4474 2515 4527 Et
2544 4482 2900 4545 opposuerunt
2929 4472 3111 4540 turbat,
3162 4476 3209 4527 et
3238 4472 3490 4527 habebant
3526 4474 3803 4545 pisciculos

517 4574 668 4628 videt
699 4589 714 4631 :
746 4573 943 4629 surdus
970 4572 1047 4639 lit,
1083 4588 1205 4629 cum
1237 4573 1389 4627 audit
1417 4590 1429 4626 :
1456 4571 1583 4627 dum
1606 4571 1883 4640 odoratur,
1913 4588 2105 4630 emun-

508 4660 659 4740 ‘gitur
685 4684 697 4721 ι
726 4666 1071 4732 obmutescit,
1118 4665 1247 4721 dum
1288 4665 1532 4736 loquitur
1561 4683 1574 4719 :
1610 4677 1835 4721 mancus
1862 4666 1942 4734 ﬁt,
1974 4668 2101 4723 dum

516 4776 731 4817 manum
766 4758 1045 4818 ostendit:
1074 4758 1408 4825 incnrvatur,
1442 4757 1568 4812 dum
1601 4757 1864 4829 erigitur:
1904 4758 2106 4829 hydro-

516 4853 667 4921 picus
707 4848 786 4919 iit,
823 4851 949 4907 dom
984 4848 1367 4917 'concupiscit:
1415 4848 1641 4905 claudus
1688 4852 1747 4903 lit
1773 4892 1786 4915 ,
1820 4849 1945 4904 dum
1978 4862 2105 4920 pro-

510 4934 802 5017 greditur:
834 4944 983 5015 lepra
1010 4932 1363 5011 sull'unditur,
1393 4942 1519 4998 dum
1551 4944 1786 4998 nudatur
1812 4961 1824 4996 :
1858 4942 2106 5000 daemone

517 5038 795 5109 impletur,
829 5039 953 5093 dum
996 5030 1398 5093 divii‘iinitatem
1429 5036 1641 5107 appetit
1670 5052 1684 5091 :
1720 5046 1894 5093 morte
1942 5038 2108 5092 mori-

518 5140 625 5197 tur,
654 5129 782 5185 dum
812 5129 1075 5185 audacter
1101 5140 1342 5197 excusat,
1378 5129 1522 5199 quod
1552 5128 1928 5186 inobedienter
1952 5136 2108 5186 eom-

514 5221 687 5277 misit.

586 5312 652 5370 Et
679 5310 1086 5385 deprecabantur
1113 5328 1249 5381 eum,
1281 5323 1337 5367 ut
1364 5314 1593 5385 imponat
1639 5312 1721 5367 illi
1750 5328 1979 5367 manum.
2010 5312 2103 5369 ln-

500 5398 790 5462 ‘carnatum
826 5404 949 5461 fore
979 5400 1305 5473 Dominum,
1337 5405 1493 5461 multi
1518 5406 1649 5475 justi
1678 5413 1733 5460 et
1772 5406 2105 5476 patriarcha:

500 5494 801 5570 cupiebant
833 5508 885 5553 et
914 5496 1194 5567 Optabam.

577 5588 980 5663 Appreltcndens
1026 5607 1140 5645 eum
1171 5594 1235 5645 de
1268 5590 1416 5646 turba
1444 5608 1692 5659 seorsum,
1722 5593 1867 5647 'misit
1912 5594 2102 5666 digitos

494 5672 699 5739 ‘suos'in
743 5683 1009 5742 auriculas
1040 5684 1176 5754 eius.
1227 5684 1489 5746 Scal-sum
1520 5696 1741 5757 semper
1776 5678 2101 5747 turbulentis

2216 4581 2430 4635 paucos,
2463 4575 2509 4619 et
2540 4567 2681 4636 ipsos
2709 4566 2993 4633 benedixit,
3037 4576 3085 4619 et
3127 4566 3287 4638 jussit
3311 4564 3527 4635 apponi.
3559 4563 3629 4617 Et
3654 4578 3799 4617 man-

2208 4661 2551 4727 ‘ducaverunt,
2582 4668 2631 4715 et
2676 4661 2898 4714 saturati
2922 4667 3063 4715 sunt.
3094 4657 3160 4712 Et
3189 4660 3512 4713 sustulerunt
3550 4657 3690 4727 quod
3709 4674 3795 4711 stt—

2212 4763 2477 4825 paraverat
2507 4754 2569 4807 de
2600 4754 2926 4825 fragmentis,
2958 4760 3150 4825 septem
3175 4758 3401 4821 sportas.
3433 4748 3602 4805 Erunt
3632 4760 3797 4805 autem

2214 4852 2302 4923 qui
2346 4849 2807 4915 manducauerant,
2852 4849 3004 4921 quasi
3045 4856 3267 4919 quatuor
3290 4842 3483 4908 inillia,
3528 4850 3575 4899 ct
3606 4844 3796 4899 dimisit

2213 4958 2318 4997 eos.
2372 4941 2437 4996 Et
2467 4942 2640 4996 statim
2670 4940 2953 4995 ascendens
3004 4940 3178 4994 navim
3218 4942 3332 4992 cum
3370 4936 3639 5008 discipulis
3666 4936 3793 5002 suis,

2209 5036 2348 5092 venit
2395 5038 2447 5091 in
2474 5046 2643 5108 partes
2676 5033 3055 5101 Dalmanutlta,
3085 5044 3133 5088 et
3163 5034 3397 5087 exierunt
3440 5028 3705 5101 pharisa'i,
3753 5040 3795 5083 et

2211 5134 2469 5201 ἀπερεῖ-ατη
2493 5128 2794 5201 conquirere
2821 5142 2939 5183 cum
2969 5142 3048 5199 eo,
3080 5135 3366 5198 quterentes
3385 5123 3453 5180 ub
3472 5124 3570 5179 illo
3596 5123 3796 5194 signum

2206 5220 2276 5276 'de
2321 5221 2468 5286 ctrlo,
2502 5230 2754 5276 tentantes
2792 5237 2931 5274 eum.
2980 5218 3049 5274 Et
3089 5219 3429 5291 ingemiscens
3468 5214 3659 5287 spiritu
3688 5215 3797 5269 uit:

2204 5312 2353 5381 ‘Quid
2374 5313 2637 5385 generatio
2666 5314 2767 5367 ista
2793 5313 3001 5384 signum
3029 5311 3212 5383 quierit
3238 5310 3262 5365 2
3288 5310 3449 5364 Amen
3478 5307 3594 5361 dico
3624 5304 3762 5362 uobit
3781 5346 3796 5374 ,

2206 5406 2253 5462 si
2283 5407 2491 5461 dabitur
2526 5406 2852 5477 generationi
2891 5406 2977 5459 isti
3006 5404 3229 5477 signum.
3262 5400 3332 5458 Et
3373 5401 3640 5454 dimittens
3674 5415 3798 5455 eos:

2206 5499 2485 5552 a'scendens
2512 5499 2697 5550 iterum
2730 5503 2923 5561 navim,
2975 5497 3102 5551 abiit
3134 5508 3278 5551 trans
3306 5492 3518 5561 fretam.
3548 5489 3621 5544 Et
3664 5491 3800 5547 obliti

2203 5588 2322 5646 sum
2379 5602 2533 5660 panes
2573 5598 2770 5644 sumere
2797 5586 2843 5641 et
2884 5589 2984 5642 nisi
3011 5604 3170 5643 unum
3195 5592 3380 5659 panem
3411 5598 3514 5635 non
3553 5580 3799 5638 habebunt

2196 5688 2374 5741 secum
2397 5683 2458 5740 in
2491 5681 2627 5742 navi.
2662 5676 2733 5740 Et
2756 5679 3090 5752 pracipitbat
3118 5679 3188 5739 ris
3213 5717 3230 5749 ,
3269 5676 3488 5733 dicens:
3525 5671 3717 5733 Videte
3752 5683 3802 5731 et
