4030 6202
220 193 320 249 615
851 196 1393 261 COMMENTARIUS
1433 201 1504 262 IN
1541 203 1795 263 EVANGI

1911 204 1998 265 ΗΜ
2036 208 2186 266 SEC;
2228 208 2543 271 MSRCUM.
2589 216 2743 274 CAP.
2787 217 2879 275 IX.
3411 222 3520 287 6η

221 314 387 373 cavete
415 323 451 362 a
477 307 731 380 fermento
772 313 1173 385 pltaristeorum,
1202 326 1248 371 et
1279 319 1533 389 fermento
1562 319 1813 385 Herodis,
1840 327 1894 385 Α
1988 323 2056 378 Et
2086 327 2132 379 si
2158 327 2211 379 in
2238 328 2406 381 vicum
2435 330 2718 394 introieris,
2749 334 2941 387 nemini
2968 333 3183 392 dixeris.
3220 334 3293 391 Et
3347 354 3522 412 egres-

220 398 287 455 Et
316 402 610 472 cogitabant
634 406 701 459 ad
722 405 1034 462 alterutrum
1060 410 1285 465 dicentes
1308 427 1328 466 :
1352 412 1474 482 quia
1504 428 1663 484 panes
1707 432 1813 470 non
1920 431 2006 469 sus
2034 426 2107 470 est
2126 415 2281 472 Jesus
2308 428 2354 473 et
2378 420 2621 492 discipuli
2650 425 2766 494 ejus
2793 423 2848 476 in
2870 426 3081 479 castella
3103 426 3357 485 Ctesaretv
3376 398 3520 489 'Plti-

220 491 483 548 habemus.
512 496 627 571 Quo
655 498 885 567 cognito,
919 500 993 552 ait
1016 498 1122 555 illis
1150 498 1305 557 Jesus
1330 518 1348 557 :
1381 504 1519 570 Quid
1546 507 1812 576 cogitatis,
1922 507 2075 577 lippi,
2108 515 2155 562 et
2178 509 2231 563 in
2251 510 2331 563 via
2358 491 2715 583 interrogabat
2736 514 3026 585 discipulos
3052 533 3195 583 suos,
3220 522 3396 577 dicens
3422 526 3517 581 eis:

219 584 337 653 quia
366 570 525 652 panes
550 600 655 649 non
686 587 929 643 habetis?
965 587 1219 645 Nondum
1250 595 1578 665 cognoscitis,
1607 570 1705 649 nec
1736 570 1816 650 in;
1924 570 2087 663 Quem
2117 617 2197 656 me
2221 602 2399 655 dicunt
2426 608 2535 659 esse
2561 570 2801 660 homines
2823 607 2848 660 .9
2872 570 2963 677 qui
3004 570 3382 676 responderunt
3412 616 3514 683 illi,

219 675 449 746 telligitis
476 677 502 730 ε’
528 678 714 732 Adhuc
742 689 989 735 ctecatum
1007 683 1207 740 habetis
1231 702 1319 740 cor
1340 699 1560 742 vestrum
1592 704 1609 742 :
1640 691 1818 745 oculos
1920 692 2149 747 dicentes
2180 708 2198 745 :
2238 692 2496 750 Joannem
2533 694 2829 768 Baptistam
2855 675 2996 753 :Valii
3026 675 3207 755 Etiam
3233 743 3249 769 ,
3288 704 3381 759 alii
3406 675 3522 763 vero

215 765 484 834 habentes,
510 786 614 825 non
643 772 829 827 videtis
858 789 877 828 :
902 784 948 830 et
976 792 1134 831 aures
1180 779 1442 848 habentes,
1466 798 1570 836 non
1596 783 1812 839 auditis.
1918 786 2073 854 quasi
2098 801 2261 841 unum
2306 788 2371 841 de
2416 765 2705 859 prophetis.
2740 790 2884 846 Tunc
2929 793 3061 848 dixit
3097 793 3206 848 illis
3239 810 3257 849 :
3290 810 3377 852 vos
3402 814 3519 856 vero

218 858 329 915 Nec
352 864 723 930 recordamini,
747 866 958 935 quando
986 870 1209 939 quinque
1237 888 1398 942 panes
1425 874 1560 945 fregi
1580 876 1635 929 in
1665 876 1817 946 quin-
1896 893 2071 946 .quem
2099 894 2177 932 me
2206 882 2315 934 esse
2337 858 2561 936 dicitis?
2588 881 2927 952 Respondeas
2960 882 3172 951 Petrus,
3206 887 3281 940 ait
3311 889 3358 941 ei
3380 904 3400 946 :
3443 889 3521 945 Tu

214 965 309 1019 que
336 952 527 1021 millia,
559 964 604 1008 et
632 966 756 1025 quot
783 960 1036 1027 caphinos
1061 960 1473 1031 fragmentorum
1502 966 1681 1034 plenos
1708 983 1816 1022 sus-
1918 983 1971 1021 es
1995 967 2253 1037 Christus.
2288 970 2354 1026 Et
2376 975 2725 1030 comminatus
2755 984 2829 1032 est
2856 977 2955 1043 eis,
3000 994 3066 1032 ne
3087 979 3173 1032 cui
3200 980 3429 1037 dicerent
3458 985 3523 1041 de

213 1041 477 1111 tulistis,?
522 1043 716 1102 Dicunt
745 1048 835 1102 ei:
874 1047 1183 1104 Duodecim.
1242 1051 1469 1117 Quando
1519 1063 1569 1108 et
1613 1063 1810 1125 septem
1914 1062 2030 1118 illo.
2063 1063 2121 1118 Id
2153 1068 2238 1119 est
2263 1106 2278 1129 ,
2308 1065 2499 1124 vicinis
2529 1068 2834 1125 orbitatem
2866 1041 3014 1126 tuam
3045 1086 3271 1143 semper
3297 1090 3517 1146 enarra,

210 1148 371 1242 papes
400 1134 454 1188 in
482 1146 705 1242 Zuatuor
732 1139 941 1205 millia,
988 1150 1113 1211 quot
1156 1152 1357 1242 8pfl‘lt18
1402 1149 1810 1214 fragmentorum
1913 1170 2024 1211 non
2058 1159 2353 1214 virtutem:
2386 1172 2445 1216 ut
2490 1162 2568 1218 ait
2610 1164 2810 1220 Paulus
2839 1183 2854 1225 :
2887 1166 2987 1235 Qui
3019 1166 3098 1225 fui
3139 1134 3517 1242 blasphemus;

210 1222 447 1282 tulistis?
474 1224 544 1280 Et
588 1229 767 1283 dicunt
793 1230 841 1284 ei
864 1246 884 1284 :
924 1231 1155 1302 Septem.
1193 1232 1257 1286 Et
1282 1234 1482 1288 dicebat
1503 1238 1575 1290 eis
1605 1254 1625 1291 :
1665 1239 1809 1303 Quo-
1913 1256 1971 1303 et
1997 1257 2315 1317 persecutus
2343 1263 2463 1306 sum
2489 1251 2787 1309 Ecclesium

206 1316 366 1368 modo
395 1318 626 1371 nondum
666 1319 958 1395 intelligitis
979 1321 1007 1375 Ρ
1056 1323 1124 1377 Et
1153 1325 1361 1379 veniunt
1410 1324 1726 1398 Bethsaida,
1757 1340 1808 1386 et
1985 1316 2057 1393 Et
2079 1342 2231 1411 carpit
2259 1341 2443 1397 docere
2466 1358 2573 1410 eos,
2599 1348 2847 1415 quoniam
2873 1357 3073 1417 oportet
3100 1352 3277 1421 ﬁlium
3296 1355 3519 1411 hominis

207 1406 476 1461 adducunt
503 1410 552 1463 ei
580 1426 793 1490 crucum.
814 1410 1107 1470 Undecima
1142 1417 1341 1473 virtute
1368 1429 1576 1489 septem
1610 1437 1803 1490 panes,

204 1507 439 1585 quatuor
460 1488 666 1581 jejunis
693 1505 938 1562 millibus
979 1506 1337 1579 franguntur,
1370 1488 1808 1584 etpaucipisci-

204 1591 311 1646 culi
347 1592 744 1649 benedicuntur
771 1612 784 1649 :
814 1609 869 1652 et
900 1598 971 1667 de
1015 1599 1334 1670 fragmentis
1365 1613 1571 1674 septem
1601 1614 1803 1675 sporta:

1912 1430 2079 1485 multa
2112 1434 2244 1500 pati,
2274 1441 2326 1487 et
2351 1435 2623 1507 reprobari
2650 1453 2684 1491 a
2710 1438 3022 1508 senioribus,
3052 1451 3103 1495 et
3126 1459 3159 1497 a
3186 1442 3401 1503 summis
3429 1462 3516 1504 sa-

1910 1522 2211 1578 cerdotibus
2238 1533 2288 1578 et
2314 1525 2515 1592 scribis,
2546 1536 2594 1581 et
2617 1529 2805 1596 occidi,
2838 1539 2889 1585 et
2930 1541 3043 1600 post
3074 1542 3177 1587 tres
3202 1535 3316 1591 dies
3338 1553 3513 1593 resur-

1910 1626 2051 1686 gere,
2066 1612 2112 1669 et
2124 1618 2298 1683 palam
2319 1618 2526 1673 verbum
2542 1620 2869 1691 loquebatur.
2888 1624 2956 1677 Et
2975 1628 3373 1697 apprehendens
3389 1648 3506 1687 eum

203 1686 382 1758 plena:
405 1687 793 1759 sustullunlut‘.
826 1689 1051 1756 Septem
1074 1709 1264 1762 panes,
1293 1696 1434 1752 dona
1460 1708 1804 1769 suntseptem
1839 1714 1884 1774 Β
1914 1703 2126 1771 Petrus,
2154 1710 2303 1781 capit
2322 1712 2595 1781 increpare
2610 1686 2758 1768 eum.
2795 1715 2897 1781 Qui
2919 1686 3222 1787 conversus;
3251 1731 3300 1776 et
3332 1723 3513 1780 videns

202 1776 447 1851 Spiritus
468 1783 663 1836 sancti.
700 1783 948 1850 Quatuor
975 1785 1172 1853 millia,
1199 1802 1374 1843 anulis
1404 1798 1487 1846 est
1529 1793 1655 1846 novi
1695 1793 1802 1850 Τε-

198 1874 467 1927 stamenti
497 1889 622 1930 cum
650 1887 885 1945 quatuor
918 1880 1273 1949 temporibus.
1321 1882 1539 1954 Septem
1566 1895 1803 1957 sporta,

198 1965 400 2034 prima:
428 1976 638 2036 septem
668 1967 951 2025 Ecclesiae.
989 1971 1313 2041 Fragmenta
1337 1991 1557 2044 panum,
1588 1980 1805 2050 mystici

1912 1794 2200 1865 discipulos
2236 1817 2379 1866 suos,
2422 1807 2760 1859 comminatus
2786 1818 2863 1860 est
2892 1806 3073 1878 Petro,
3106 1812 3323 1871 dicens:
3369 1813 3513 1870 Vade

1913 1900 2055 1945 retro
2082 1908 2180 1962 me,
2214 1892 2439 1963 Satana,
2470 1900 2718 1965 quoniam
2751 1918 2855 1954 non
2895 1906 3036 1971 sapis
3066 1923 3183 1975 qua
3221 1907 3324 1964 Dei
3365 1920 3510 1982 sunt,

1914 1984 2009 2037 sed
2036 2000 2153 2052 qua:
2171 1996 2291 2047 sunt
2314 1986 2602 2045 hominum.
2631 1988 2699 2043 Et
2719 2002 3005 2049 convocata
3032 1999 3183 2050 turba
3202 2012 3315 2053 cum
3346 2004 3510 2058 disci-

199 2056 521 2114 intellectus
554 2061 744 2129 primas
788 2065 1109 2134 septimanae
1138 2078 1285 2122 sunt.
1332 2068 1593 2127 Pisciculi
1639 2073 1808 2130 bene-
1917 2076 2058 2143 pulis
2082 2077 2211 2145 suis,
2235 2076 2371 2133 dixit
2398 2081 2472 2134 eis
2497 2096 2514 2136 :
2540 2080 2734 2152 Siquis
2761 2085 2872 2138 uult
2901 2101 2982 2140 me
3000 2089 3164 2159 sequi,
3192 2089 3403 2163 deneget
3429 2110 3514 2149 se-

198 2150 363 2217 dicti,
416 2152 542 2207 libri
588 2165 716 2219 sunt
766 2157 895 2211 novi
932 2158 1264 2217 Testamenti
1293 2180 1308 2217 :
1336 2167 1591 2233 quoniam
1640 2168 1807 2236 piscis

196 2240 308 2295 assi
343 2254 559 2311 partem
593 2244 856 2303 Dominus
889 2265 1184 2322 resurgens
1216 2255 1481 2323 postulat,
1514 2268 1570 2313 et
1594 2263 1805 2329 piscem

195 2334 607 2408 superpositum
649 2339 859 2407 prunis,
888 2341 1173 2413 discipulis
1209 2344 1264 2400 in
1311 2356 1535 2418 captura
1574 2350 1804 2418 piscium

114 2502 117 2505 Α
194 2428 454 2513 porrigit.
500 2428 624 2485 Post
658 2431 774 2503 haec
809 2436 1035 2492 veniunt
1078 2436 1405 2507 Bethsaida,
1444 2457 1566 2513 quae
1615 2442 1805 2499 domus

190 2518 345 2572 vallis
378 2517 798 2593 interpretatur,
844 2541 967 2597 qua:
1016 2540 1103 2583 eSt
1130 2531 1233 2585 alia
1265 2533 1370 2597 nisi
1406 2534 1662 2603 mundus,
1706 2537 1801 2607 qui

191 2622 289 2668 est
308 2613 474 2668 vallis
499 2615 896 2690 lacrymarum‘l
921 2621 1215 2680 Adducunt
1234 2625 1556 2683 duodecima
1573 2629 1801 2697 virtute,

188 2718 408 2773 caecum
443 2706 536 2775 qui
567 2722 674 2761 non
709 2710 877 2779 videt,
902 2725 1146 2772 necante
1171 2731 1273 2773 nec
1295 2727 1465 2786 retro,
1498 2719 1555 2775 id
1578 2729 1682 2789 est,
1707 2723 1801 2792 qui

188 2792 321 2859 fuit,
352 2796 454 2865 qui
484 2805 587 2861 est,
622 2800 709 2868 qui
741 2802 868 2857 erit.

259 2886 334 2940 Et
358 2890 617 2959 rogabant
644 2908 761 2946 eum
802 2905 856 2973 ut
887 2896 1035 2952 illum
1066 2906 1318 2971 tangeret.
1360 2902 1429 2957 Et
1474 2906 1805 2976 apprehensa

185 2994 349 3033 manu
383 2981 531 3036 caeci.
568 2984 702 3050 Quis
732 2994 818 3041 est
846 2989 938 3059 qui
986 2992 1245 3061 tangitur,
1275 2994 1377 3049 nisi
1405 2994 1498 3065 qui
1538 3010 1808 3069 compun-

1916 2170 2211 2239 metipsum,
2242 2179 2293 2224 et
2315 2172 2465 2227 tollat
2483 2189 2687 2228 crucem
2721 2192 2893 2242 suam,
2924 2188 2972 2231 et
3002 2188 3249 2250 sequatur
3280 2198 3375 2236 me.
3412 2184 3520 2251 Qui

1911 2260 2049 2313 enim
2071 2261 2291 2317 voluerit
2310 2265 2538 2317 animam
2564 2278 2711 2321 suam
2733 2266 2930 2322 saluam
2952 2272 3147 2339 facere,
3171 2274 3350 2343 perdet
3373 2292 3511 2331 eam:

1913 2351 2006 2422 qui
2048 2362 2220 2407 autem
2275 2354 2560 2422 perdiderit
2618 2358 2844 2413 animam
2883 2374 3033 2414 suam
3064 2370 3278 2432 propter
3322 2381 3400 2420 me
3462 2376 3513 2421 et

1917 2442 2281 2516 Euangelium,
2319 2448 2515 2501 salvam
2544 2449 2700 2519 faciet
2736 2468 2869 2505 eam.
2918 2453 3057 2520 Quid
3096 2456 3235 2510 enim
3284 2456 3517 2525 proderit

1913 2533 2135 2601 homini,
2166 2537 2212 2590 si
2250 2535 2476 2593 lucretur
2504 2542 2754 2595 mundum
2808 2548 3007 2612 totum,
3055 2555 3106 2598 et
3153 2547 3515 2603 detrimentum

1912 2629 2104 2681 animae
2127 2644 2237 2683 suae
2266 2629 2472 2700 faciat?
2497 2630 2601 2686 Aut
2628 2633 2757 2703 quid
2788 2633 2942 2688 Itonia
2969 2638 3391 2692 commutationis
3417 2639 3515 2693 da-

1916 2717 1989 2770 bit
2016 2734 2110 2786 pro
2134 2720 2310 2773 anima
2330 2722 2475 2775 sua?
2507 2722 2611 2789 Qui
2654 2724 2791 2778 enim
2818 2741 2901 2778 me
2950 2728 3199 2795 confusus
3230 2730 3389 2799 fuerit
3417 2771 3433 2796 ,
3464 2741 3516 2785 et

1916 2809 2067 2865 rerba
2097 2826 2210 2864 mea
2229 2811 2283 2865 in
2306 2814 2637 2882 generatione
2659 2816 2759 2870 ista
2786 2816 3027 2871 adultera
3051 2818 3101 2871 ei
3130 2819 3434 2887 peccatrice,
3460 2830 3509 2875 et

1919 2899 2063 2969 filius
2093 2901 2313 2957 hominis
2343 2905 2623 2975 confundet
2674 2924 2788 2962 eum
2810 2949 2828 2975 ,
2880 2924 2998 2963 cum
3027 2912 3221 2965 uenerit
3263 2911 3317 2966 in
3347 2913 3516 2983 gloria

1917 2990 2100 3049 Patris
2121 2996 2226 3062 sui,
2257 3012 2372 3051 cum
2402 2998 2601 3070 angelis
2630 3002 2845 3056 sanctis.
2874 3001 3028 3058 Sicut
3055 3004 3393 3073 gubernator
3420 3020 3516 3077 pe-

185 3071 375 3142 gitnr?
404 3073 477 3130 Et
507 3078 873 3148 apprehendit
912 3096 1138 3151 manum
1166 3086 1321 3152 caeci,
1356 3095 1416 3147 ut
1444 3087 1803 3145 lamentatio-
1836 3094 1886 3163 ῃ
1914 3086 2054 3142 ritus
2086 3096 2462 3157 tempestatem
2493 3091 2546 3147 in
2572 3093 2967 3164 tranquillitate
2999 3071 3341 3165 praecavens;
3373 3071 3511 3152 nau-

183 3176 313 3243 nem
342 3164 416 3220 de
448 3164 701 3223 crecitate
730 3169 914 3225 cordis
958 3174 1041 3227 sui
1089 3181 1213 3243 agat
1251 3174 1458 3233 deﬂens
1481 3216 1497 3243 ,
1548 3187 1606 3233 ut
1636 3178 1803 3238 lere-

179 3242 322 3312 mias
388 3258 744 3317 eversionem
793 3264 1030 3320 civitatis
1078 3242 1211 3321 Dei:
1254 3266 1358 3325 hoc
1410 3278 1495 3327 est
1527 3309 1543 3338 ,
1597 3272 1801 3330 anima:

176 3361 320 3415 suae.
1394 3414 1397 3417 ,

194 3498 197 3501 _
248 3438 472 3496 Eduxit
500 3426 629 3521 eum
647 3426 801 3521 castra
823 3446 1010 3521 vicum,
1024 3456 1069 3503 et
1096 3465 1347 3523 exspuens
1372 3450 1428 3507 in
1457 3452 1637 3515 oculos
1657 3458 1797 3528 ejus,

174 3532 446 3616 impositis
481 3536 724 3590 manibus
772 3538 881 3611 suis
912 3539 1241 3615 interrogauit
1270 3560 1389 3598 eum
1417 3545 1463 3600 si
1489 3546 1615 3616 quid
1645 3547 1793 3611 vide-

172 3608 271 3683 ret.
307 3627 367 3707 id
397 3610 511 3693 est,
555 3614 888 3709 vicinitatem
920 3610 1207 3707 malorum.
1237 3636 1604 3708 Corrumpunt
1644 3640 1798 3698 enim

173 3733 358 3801 mores
381 3719 574 3775 bonos
607 3720 876 3799 colloquia
903 3724 1065 3801 mala.
1098 3725 1168 3781 Et
1186 3742 1459 3799 exspuens
1496 3729 1553 3784 in
1598 3730 1800 3787 oculos

171 3796 313 3895 ejus,
332 3820 395 3867 ut
412 3790 613 3895 videat:
634 3790 1202 3893 voluntatemlDomini
1218 3790 1324 3893 per
1351 3796 1537 3878 ﬂatum
1559 3824 1801 3895 Spiritus

168 3903 346 3960 sancti
392 3922 409 3961 :
442 3904 721 3981 impositis
748 3909 1027 3983 manibus,
1054 3909 1422 3983 interrogabat
1449 3930 1577 3971 eum
1607 3916 1651 3971 si
1691 3916 1799 3971 ali-

164 3996 298 4071 quid
352 3998 602 4055 videret.
638 3999 742 4055 Per
783 4003 1218 4077 operalqnomini
1256 4005 1405 4061 videt
1451 4007 1793 4077 maiestatem

162 4090 353 4161 ejus.A
372 4107 541 4163 magn
556 4094 760 4151 itudiue
773 4074 1218 4167 ettimcreaturm,
1231 4108 1445 4154 creator
1458 4102 1791 4169 agnoscitur.

228 4183 303 4239 Et
329 4187 611 4257 aspiciens
633 4188 708 4241 ait
738 4203 765 4261 .ﬁ
805 4188 965 4261 Video
991 4189 1228 4245 homines
1258 4192 1393 4245 velut
1433 4192 1642 4261 arbores
1672 4210 1794 4247 ama

162 4277 430 4334 bulantes.
465 4277 684 4334 Deinde
714 4280 898 4334 iterum
927 4281 1176 4359 imposuit
1202 4298 1389 4337 manus
1420 4300 1578 4355 super
1608 4286 1794 4341 oculos

161 4370 300 4441 ejus,
326 4382 376 4425 et
408 4373 573 4445 coepit
604 4372 773 4427 videre
803 4391 821 4428 :
848 4383 897 4428 et
918 4375 1192 4433 restitutus
1217 4386 1318 4444 est,
1352 4378 1426 4432 ita
1453 4386 1507 4432 ut
1538 4379 1680 4461 clare
1707 4381 1795 4434 ui-

1915 3187 1998 3235 tas
2037 3190 2255 3249 paratos
2282 3182 2396 3239 vult
2434 3198 2557 3242 esse
2586 3199 2739 3246 suos.
2774 3185 2929 3244 Unde
2959 3187 3222 3243 Dominus
3258 3206 3270 3240 :
3299 3186 3508 3258 Siquis

1913 3272 2041 3328 vult
2057 3284 2180 3343 post
2205 3291 2293 3331 me
2312 3281 2493 3349 sequi,
2527 3279 2763 3350 deneget
2792 3280 3186 3350 semetipsum:
3216 3279 3267 3336 id
3297 3292 3402 3351 est,
3432 3286 3514 3340 al-

1912 3371 1999 3421 ter
2025 3380 2094 3423 ex
2117 3366 2296 3424 altero
2326 3369 2617 3426 efﬁciatur.
2651 3371 2782 3427 Post
2807 3371 3282 3435 conﬁrmationem
3303 3376 3503 3443 crucis,

1908 3457 2084 3528 gloria
2115 3458 2535 3515 resurrectionis
2574 3462 2898 3518 ostenditur.
2928 3462 3085 3520 Unde
3116 3465 3364 3535 sequitur
3394 3478 3511 3524 ter-

1908 3551 1983 3607 tia
2014 3552 2223 3608 decima
2246 3552 2471 3608 virtute.

2521 3645 2752 3704 CAPUT
2789 3647 2885 3705 lx.

1978 3734 2053 3793 Et
2079 3735 2279 3793 dicebat
2302 3736 2411 3793 illis
2436 3754 2455 3793 :
2485 3738 2651 3794 Amen
2676 3741 2794 3795 dico
2820 3740 2982 3809 vobis,
3009 3741 3132 3813 quia
3151 3753 3273 3800 sunt
3295 3746 3513 3815 quidam

1906 3828 1977 3886 de
2006 3830 2090 3884 hic
2117 3830 2373 3886 stantibus
2389 3872 2404 3897 ,
2433 3832 2525 3902 qui
2550 3848 2656 3886 non
2679 3834 2955 3905 gustabunt
2978 3844 3217 3907 mortem;
3244 3838 3410 3896 donec
3439 3842 3517 3895 vi-

1908 3925 2069 3979 deant
2089 3940 2302 3996 regnum
2329 3923 2430 3979 Dei
2457 3927 2667 3980 ueniens
2696 3928 2748 3981 in
2774 3929 2981 3983 uirtute.
3014 3928 3083 3982 Et
3106 3941 3224 3999 post
3251 3934 3364 3987 dies
3393 3952 3503 4003 sem,

1909 4018 2194 4088 assumpsit
2219 4014 2372 4071 Jesus
2404 4015 2643 4084 Petrum,
2672 4028 2719 4074 et
2756 4020 3034 4089 Iacobum,
3069 4031 3121 4077 et
3159 4020 3439 4088 Joannem,
3466 4035 3515 4079 et

1910 4109 2064 4163 duxit
2084 4109 2202 4163 illos
2223 4109 2276 4162 in
2300 4112 2522 4165 montem
2550 4111 2810 4165 excelsum
2831 4128 3062 4168 seorsum
3079 4114 3238 4179 solos,
3265 4125 3312 4167 et
3340 4121 3516 4168 trans-

1911 4196 2167 4268 ﬁguratus
2199 4203 2271 4248 est
2298 4211 2475 4249 coram
2500 4197 2647 4267 ipsis.
2674 4195 2742 4250 Et
2758 4199 3064 4253 vestimenta
3093 4201 3204 4271 ejus
3232 4198 3375 4267 facta
3396 4210 3517 4253 sunt

1912 4285 2240 4359 splendentia
2274 4296 2323 4341 et
2363 4288 2591 4342 candida
2628 4288 2780 4343 nimis
2810 4289 2949 4343 velut
2979 4291 3073 4344 nia:
3095 4330 3111 4354 ,
3152 4289 3328 4359 qualia
3381 4287 3515 4358 fullo

1911 4396 2015 4434 non
2056 4388 2227 4453 potest
2259 4397 2413 4452 super
2456 4390 2651 4435 terram
2680 4383 2911 4436 candida
2945 4383 3140 4452 facere.
3177 4380 3241 4435 Et
3268 4383 3518 4453 apparuit

160 4463 303 4525 deret
334 4466 523 4518 omnia
556 4480 577 4519 :
598 4472 644 4518 et
672 4465 997 4543 misitillum
1018 4468 1071 4520 in
1093 4468 1306 4541 domum
1344 4486 1495 4541 suam
1517 4510 1533 4538 ,
1567 4472 1743 4539 dicens
1767 4482 1793 4527 ε’
1821 4470 1891 4537 ])
1914 4474 2023 4528 illis
2054 4471 2205 4528 Elias
2237 4490 2352 4528 cum
2383 4473 2530 4529 Moss
2558 4492 2576 4529 :
2611 4472 2680 4528 Et
2725 4484 2872 4530 erant
2901 4476 3167 4545 loquentes
3213 4490 3330 4529 cum
3365 4472 3512 4529 Iesu.

166 4542 313 4612 Vade
341 4559 399 4613 in
428 4559 657 4613 domum
684 4542 847 4614 tuam.
883 4558 939 4614 ld
969 4570 1074 4627 est,
1103 4576 1293 4617 omnes
1316 4562 1570 4620 homines
1591 4566 1798 4625 existi-ﬁ

158 4663 314 4721 mans
330 4651 671 4727 superiores
688 4652 813 4719 sibi,
841 4652 1119 4725 indignum
1143 4669 1203 4709 se
1219 4655 1491 4723 judicans,
1516 4668 1571 4710 ut
1588 4657 1789 4727 David,

157 4728 351 4799 vocari
377 4726 673 4823 hominem
700 4789 715 4815 ,
765 4755 821 4801 et
873 4761 1065 4811 canem
1111 4758 1380 4804 mortuum
1407 4791 1423 4817 ,
1453 4759 1508 4807 et
1550 4752 1789 4823 pulicem

156 4820 346 4915 unum.
372 4820 599 4917 lterum
645 4841 1055 4917 manusposuit
1084 4856 1251 4911 super
1293 4843 1486 4907 oculos
1511 4844 1627 4913 ejus
1654 4885 1670 4912 ,
1722 4855 1789 4902 ut

155 4908 556 5003 videret'clare
589 4912 797 5000 omnia,
830 4908 1017 5003 idicst,
1043 4908 1326 5007 perapera
1351 4935 1610 5003 visibilis,
1640 4938 1780 4994 invi-

154 5023 396 5080 visibilia
431 5024 801 5101 intelligeret,
836 5034 894 5081 et
941 5041 1062 5100 qua:
1114 5026 1308 5095 oculus
1351 5041 1457 5081 non
1490 5027 1667 5084 vidit:
1720 5040 1788 5086 et-

150 5114 331 5183 clarte
359 5118 575 5173 animae
607 5130 718 5192 suac
762 5126 988 5183 statum,
1016 5127 1149 5191 post
1180 5117 1487 5188 rubiginem
1519 5121 1775 5188 peccati,

148 5208 337 5264 mundi
370 5209 572 5264 cordis
600 5208 761 5265 oculo
792 5217 1169 5269 contueretur.
1192 5208 1361 5279 Beati
1392 5209 1536 5279 enim
1571 5210 1783 5279 mundo

144 5280 314 5375 corde
352 5320 363 5355 :
396 5299 671 5377 quoniam
704 5302 806 5377 ipsi
842 5302 1008 5358 Deum
1038 5302 1321 5375 videbunt.
1364 5301 1430 5356 Et
1468 5301 1616 5357 misit
1645 5318 1769 5358 eum

140 5389 193 5445 in
222 5392 458 5448 domum
510 5406 703 5458 suam,
737 5401 795 5447 ut
835 5392 1044 5447 videret
1092 5394 1146 5447 in
1174 5408 1255 5453 se
1284 5434 1300 5459 ,
1332 5393 1479 5463 quod
1508 5404 1632 5449 ante
1662 5410 1779 5451 non!

139 5483 299 5539 vidit.
346 5466 477 5540 Non
523 5483 677 5539 enim
718 5494 867 5554 putat
922 5485 1085 5549 homo
1131 5485 1429 5555 desperans
1479 5485 1549 5541 de
1593 5487 1784 5545 salute

134 5564 369 5633 omnino
398 5570 603 5647 posse,
637 5578 779 5643 quod
816 5577 972 5634 facile
998 5578 1335 5634 illuminatus
1366 5594 1464 5650 per
1485 5594 1635 5651 spem
1668 5596 1778 5651 por

130 5682 239 5732 test
269 5674 587 5747 perﬁcere.
630 5671 701 5727 Et
729 5669 861 5727 dicit
887 5670 940 5729 ei
974 5689 986 5725 :

1911 4565 1982 4623 Et
2013 4568 2333 4640 respondens
2368 4566 2577 4632 Petrus,
2604 4568 2679 4645 ait
2704 4567 2833 4622 Jesu
2861 4586 2881 4622 :
2909 4567 3095 4633 Rabbi,
3119 4566 3311 4622 bonum
3329 4576 3402 4620 est
3421 4583 3515 4621 nos

1912 4662 1994 4716 hic
2016 4677 2147 4732 esse,
2176 4670 2225 4716 et
2256 4663 2508 4734 faciamus
2538 4660 2621 4715 hic
2665 4660 2766 4714 tria
2799 4660 3154 4728 tabernacula,
3188 4660 3282 4715 tibi
3307 4677 3471 4716 unum
3495 4703 3513 4730 ,

1908 4762 1958 4808 et
1985 4752 2158 4823 Moysi
2184 4768 2366 4819 unum,
2390 4760 2438 4805 et
2467 4750 2601 4805 Elite
2625 4766 2805 4805 unum.
2832 4748 2958 4805 Non
2983 4750 3123 4805 enim
3152 4750 3365 4817 sciebat,
3390 4751 3518 4820 quid

1910 4846 2125 4905 diceret.
2162 4840 2325 4895 Erant
2346 4840 2487 4895 enim
2514 4841 2698 4895 timore
2721 4842 2977 4898 exterriti.
3010 4839 3082 4895 Et
3110 4845 3253 4911 facta
3294 4850 3372 4898 est
3417 4860 3516 4898 nu-

1912 4935 1999 5003 bes
2040 4931 2353 4995 obumbrans
2380 4946 2467 4985 eos
2512 4945 2553 4995 :,
2586 4932 2796 4985 etvenit
2849 4947 2947 4986 vos:
2980 4933 3045 4987 de
3074 4933 3240 5002 nube,
3288 4934 3462 4989 dicens
3495 4949 3516 4989 :

1909 5030 2015 5084 Hic
2054 5038 2128 5084 est
2160 5028 2300 5097 ﬁlius
2339 5041 2486 5082 meus
2515 5026 2876 5095 charissimus,
2906 5028 3087 5085 audite
3112 5031 3285 5086 illum.
3316 5030 3388 5086 Et
3406 5040 3518 5087 sta-

1898 5122 2002 5174 tim
2049 5118 2542 5191 circumspicientes,
2576 5118 2832 5179 neminem
2864 5120 3103 5191 amplius
3135 5123 3375 5180 viderunt
3414 5121 3515 5176 nisi

1893 5210 1945 5281 ε]
1950 5227 2088 5267 esum
2113 5219 2318 5265 tantum
2335 5224 2527 5283 secura.
2559 5208 2627 5263 Et
2657 5209 3089 5269 descendentibus
3113 5213 3221 5270 illis
3242 5215 3304 5268 de
3321 5223 3513 5276 monte,

1893 5276 2153 5373 praecepit
2176 5297 2286 5353 illis
2312 5340 2351 5365 ,η
2379 5284 2441 5352 ne
2472 5300 2558 5353 cui
2584 5316 2701 5373 qua:
2750 5301 2995 5357 uidissent
3022 5344 3037 5370 ,
3064 5312 3338 5360 narrarent
3363 5345 3377 5369 ,
3413 5302 3516 5357 nisi

1894 5376 2026 5447 tcum
2064 5392 2207 5463 ﬁlius
2258 5390 2485 5443 hominis
2527 5410 2556 5443 a
2605 5394 2825 5447 mortuis
2854 5397 3215 5451 resurrexerit.
3240 5394 3372 5450 Post
3400 5394 3519 5449 dies

1906 5500 2008 5540 sex
2036 5485 2091 5538 in
2125 5492 2313 5538 monte
2342 5482 2563 5537 excelso
2592 5484 3012 5552 transﬁguratus
3030 5494 3114 5540 cst
3134 5500 3319 5540 coram
3348 5483 3518 5540 disci-

1898 5558 2056 5650 ‘vvpulis
2087 5580 2199 5632 suis
2233 5593 2249 5633 :
2292 5592 2361 5631 ne
2386 5576 2639 5632 timerent
2666 5578 2956 5646 opprobria
2985 5578 3185 5643 crucis,
3233 5583 3326 5650 qui
3366 5578 3520 5637 vide-

1897 5681 2037 5729 Trant
2057 5669 2229 5728 oculis
2255 5668 2371 5726 suis
2390 5668 2624 5741 gloriam
2657 5668 2849 5727 futura:
2880 5670 3318 5731 resurrectionis.
