4056 6376
518 287 624 348 615
1552 272 1617 336 S.
1655 267 2043 333 HIERONYMI
2078 263 2364 329 OPERUM
2400 258 2771 324 MANTISSA.
3122 256 3129 265 “
3764 254 3879 314 Ulli

591 404 658 461 Et
678 404 883 461 verbum
913 400 1273 459 continuerunt
1296 393 1438 467 apud
1468 408 1543 460 se,
1575 392 1960 461 conquirentes,
1984 388 2106 460 quid
2134 389 2190 450 Α
2210 402 2357 440 mans
2401 391 2549 456 pater
2586 381 2736 453 pueri
2758 393 2879 435 cum
2904 371 3150 448 lacrgmis
3173 368 3343 433 aiebat
3371 371 3628 446 :Credo,
3666 372 3878 430 Domi-

519 506 649 556 esset
679 514 797 553 cum
817 514 850 551 a
871 494 1085 550 mortuis
1104 487 1469 545 resurrexerit.
1490 483 1559 538 Et
1584 482 1973 554 interrogabant
1999 496 2112 534 eum
2217 495 2303 544 ne,
2332 478 2528 547 adjuva
2552 472 2973 530 incredulitatem
2999 486 3188 525 meam.
3245 469 3379 537 Quae
3424 477 3562 526 sunt
3619 467 3839 524 omnia
3859 508 3874 533 ,

522 595 748 649 dit-entes
774 606 792 643 :
826 587 964 655 Quid
998 600 1118 655 ergo
1165 583 1345 636 dicunt
1374 576 1621 650 pltarisazi
1674 585 1723 629 et
1751 574 1950 642 scribat,
1989 571 2115 642 quia
2216 571 2320 625 nisi
2346 584 2467 638 quae
2489 569 2542 623 in
2571 567 2793 623 nomine
2823 564 2977 631 Jesu,
3005 562 3059 618 id
3091 571 3211 629 est,
3250 560 3446 616 salutis
3477 559 3875 631 postulantur

525 686 701 741 Etiam
744 650 980 751 oporteat
1022 650 1195 732 venire
1222 675 1445 745 primunt
1475 672 1498 725 ?
1543 669 1644 737 Qui
1685 666 2006 737 respondens
2041 664 2115 717 ait
2217 677 2341 719 cum
2370 659 2669 732 lacrymis?
2694 658 2855 713 Pater
2883 656 3038 728 pueri
3060 654 3241 710 aiebat
3269 671 3282 705 :
3317 653 3519 719 Credo,
3554 650 3828 708 Domine
3854 692 3870 716 ,

523 778 631 833 illis
661 792 678 829 :
708 774 854 829 Elius
874 789 993 827 cum
1022 771 1236 835 venerit,
1263 768 1431 837 primo
1454 764 1690 818 restituet
1712 760 1906 826 omnia,
1940 767 1987 811 et
2016 772 2116 827 quo

523 867 677 923 modo
706 865 956 937 scriptum
979 872 1052 919 est
1078 863 1136 917 in
1159 861 1327 931 ﬁlium
1351 856 1601 924 hominis,
1628 864 1683 908 ut
1705 851 1870 907 multa
1889 850 2120 922 patiatur

525 969 573 1016 et
593 966 971 1015 contemnatur.
1006 955 1114 1011 Sed
1147 954 1264 1007 dico
1293 950 1457 1016 vobis,
1479 948 1601 1019 quia
1631 956 1678 1001 et
1709 943 1859 999 Elias
1887 943 2044 1008 venit,
2072 952 2120 996 et

524 1056 757 1123 fecerunt
782 1049 865 1104 illi
886 1062 1222 1119 quotcumque
1260 1043 1553 1106 voluerunt,
1590 1040 1727 1094 sicut
1774 1037 2024 1107 scriptum
2049 1043 2124 1089 est

523 1143 589 1197 de
613 1158 695 1197 eo.
727 1140 840 1196 Hoc
874 1138 1090 1210 proprie
1115 1135 1301 1204 Marci,
1334 1134 1386 1188 id
1409 1141 1515 1198 est,
1566 1145 1687 1186 cum
1720 1128 1982 1196 absorpta
2007 1124 2123 1180 fue-

522 1236 597 1291 rit
624 1247 777 1289 mors
798 1232 855 1287 in
880 1230 1132 1295 victoria,
1162 1242 1272 1282 non
1303 1233 1463 1281 erunt
1496 1224 1551 1278 in
1578 1220 1844 1278 memoria
1878 1217 2119 1288 propria,

525 1336 582 1383 et
612 1341 719 1381 non
750 1322 1050 1380 ascendent
1098 1334 1269 1390 super
1295 1332 1393 1373 cor
1422 1333 1435 1371 :
1464 1329 1586 1371 cum
1619 1308 1909 1368 abstulerit
1931 1308 2121 1366 Domi-

530 1435 633 1475 nus
654 1418 849 1474 sordes
871 1415 999 1471 ﬁlize
1020 1413 1178 1476 Sion,
1206 1408 1461 1466 auferens
1485 1420 1708 1461 omnem
1729 1403 2025 1473 lacrymam
2053 1398 2123 1453 ab

532 1511 686 1568 omni
715 1509 854 1565 facie
884 1513 1225 1563 sanctorum.

601 1604 671 1658 Et
695 1604 902 1657 veniens
923 1600 993 1653 ad
1022 1594 1307 1668 discipulos
1332 1608 1455 1648 suos
1483 1590 1611 1646 vidit
1637 1587 1844 1643 turbam
1882 1599 2127 1655 magnam

527 1698 672 1753 circa
714 1711 823 1759 eos,
866 1702 914 1749 et
939 1692 1131 1748 scribas
1182 1689 1541 1757 conquirentes
1569 1700 1685 1738 cum
1705 1682 1831 1736 illis.
1858 1678 1925 1734 Et
1953 1681 2130 1748 confe-

2221 753 2417 823 adjuva
2438 750 2880 807 incredulitatem
2910 762 3110 805 meam.
3138 744 3451 803 Credulitas
3477 753 3688 801 nostra
3730 785 3750 810 ,
3811 750 3873 798 nt

2220 852 2457 902 rostrata
2484 843 2666 913 lingua
2698 841 2911 897 inﬁrma
2937 848 3043 905 est,
3070 839 3172 893 nisi
3199 838 3382 893 innixa
3422 835 3714 892 subsistat
3772 845 3872 889 ro-

2222 939 2339 995 bori
2362 936 2617 1009 adjutorii
2649 936 2764 991 Dei.
2796 934 2961 989 Fides
2985 947 3108 988 cum
3143 931 3399 1003 lacrymis
3421 972 3437 998 ,
3468 937 3674 1002 optata
3729 934 3871 984 vota

2224 1033 2412 1103 capit:
2444 1040 2504 1086 ut
2533 1038 2617 1088 est
2647 1048 2661 1086 :
2686 1028 2807 1084 Fiat
2834 1027 2930 1083 tibi
2958 1025 3257 1083 secundum
3285 1025 3448 1082 ﬁdem
3474 1033 3655 1080 tuam.

2300 1126 2367 1181 Et
2397 1142 2513 1179 cum
2538 1124 2751 1179 vidisset
2774 1120 2933 1177 Iesus
2964 1128 3359 1176 concurrenlent
3390 1119 3599 1173 turbam
3628 1163 3642 1187 ,
3707 1130 3869 1170 com—

2228 1220 2453 1274 minatus
2477 1225 2550 1272 est
2574 1215 2779 1287 spiritui
2800 1212 3092 1279 immundo,
3122 1212 3298 1265 dicens
3319 1210 3423 1265 illi.
3450 1208 3669 1266 Dehinc
3702 1208 3867 1263 Mar-

2228 1327 2325 1370 cus
2354 1311 2575 1384 proprie
2600 1317 2808 1365 narrat.
2839 1305 2981 1363 Mina
3012 1305 3264 1372 Domini,
3299 1302 3546 1375 potentia
3571 1302 3700 1373 ejus
3738 1309 3861 1357 est.

2304 1407 2477 1463 Surde
2501 1413 2552 1460 et
2578 1412 2719 1458 mute
2745 1403 2981 1474 spiritus,
3014 1417 3108 1470 ego
3153 1400 3401 1471 prtecipio
3440 1398 3553 1454 tibi.
3601 1393 3864 1467 Spiritui

2231 1501 2461 1571 imputat
2486 1498 2658 1564 Deus,
2684 1496 2828 1568 quod
2861 1493 3069 1550 homini
3106 1491 3351 1548 diabolus
3369 1496 3592 1561 praestat
3633 1506 3650 1547 :
3704 1489 3862 1544 dum

2232 1591 2324 1649 ille
2352 1605 2642 1661 numquam
2671 1588 2885 1644 audiret
2907 1601 3008 1642 nec
3031 1585 3363 1656 loqueretur,
3391 1579 3532 1653 quod
3564 1587 3865 1652 peccator

2234 1687 2449 1759 penitus
2479 1684 2706 1751 audivit,
2740 1689 2796 1739 et
2816 1680 3082 1751 loquitur.

527 1790 651 1846 stim
696 1787 861 1842 omnis
893 1784 1118 1856 populus
1149 1781 1323 1836 videns
1352 1777 1569 1845 Jesum,
1602 1773 1925 1845 stupefactus
1948 1778 2044 1837 est,
2074 1778 2127 1822 et
2157 1765 2206 1826 B
2304 1779 2406 1835 Εωί
2433 1779 2496 1832 ab
2525 1794 2604 1845 ρο,
2635 1786 2682 1831 ει
2709 1775 2935 1847 amplius
2964 1789 3027 1828 ηε
3056 1772 3288 1827 introeas
3306 1770 3363 1824 ίη
3394 1783 3526 1823 eum,
3554 1762 3627 1821 Et
3653 1763 3856 1821 mla-

529 1888 843 1952 expaverunt
872 1887 921 1933 et
938 1884 1267 1933 occurrentes
1290 1871 1585 1928 salutabant
1615 1884 1752 1923 eum.
1773 1866 1891 1921 Non
1912 1872 1997 1920 est
2023 1862 2125 1919 ho-

528 1974 663 2030 mini
692 1972 908 2041 requies
935 1968 1038 2023 sub
1058 1968 1199 2021 sole.
1228 1965 1464 2034 Semper
1486 1960 1743 2033 parvulos
1763 1956 1967 2014 occidit
1990 1955 2127 2011 invi-

530 2066 643 2131 dia,
671 2074 896 2131 magnos
920 2060 1231 2130 percutiunt
1253 2056 1467 2126 fulgura
1488 2062 1727 2110 montes.
1750 2052 1859 2108 Alii
1883 2050 2127 2106 dicentes

530 2170 657 2213 cum
689 2153 795 2209 [ide
826 2170 839 2207 :
883 2152 975 2207 alii
1008 2151 1319 2207 invidentes
1343 2163 1468 2204 cum
1517 2146 1659 2203 fastu
1682 2187 1698 2213 ,
1729 2145 1798 2201 ad
1829 2143 2128 2200 Ecclesiam

531 2247 885 2305 conveniunt.
920 2244 991 2301 Et
1017 2244 1252 2315 populus
1274 2243 1468 2299 videns
1495 2255 1642 2307 eum,
1667 2240 1999 2310 stupefactus
2022 2244 2127 2304 est,

527 2348 587 2398 et
613 2343 976 2411 expaverunt.
1003 2335 1121 2392 Non
1168 2345 1254 2392 est
1297 2335 1461 2389 timor
1508 2333 1564 2388 in
1623 2331 1913 2387 charitate.
1946 2328 2133 2384 Timor

532 2432 682 2487 enim
711 2440 796 2487 est
833 2443 1137 2497 servorum,
1167 2436 1489 2497 stupescere
1508 2423 1824 2480 stultorum.

603 2521 675 2576 Et
697 2520 1036 2592 interrogavit
1080 2535 1166 2574 eos
1195 2534 1216 2574 :
1238 2518 1368 2590 quid
1401 2518 1537 2572 inter
1567 2532 1655 2570 vos
1690 2514 1991 2586 conquiritis
2014 2514 2041 2569 2
2066 2510 2134 2567 Et

531 2615 854 2687 respondens
878 2630 1015 2669 unus
1041 2614 1107 2669 de
1136 2612 1318 2679 turba,
1349 2610 1479 2665 dixit
1512 2626 1528 2663 :
1564 2608 1819 2682 Magister
1841 2649 1857 2675 ,
1897 2606 2050 2661 attuli
2072 2608 2138 2678 ﬁ-

529 2708 659 2763 lium
693 2722 869 2762 meum
893 2706 963 2760 ad
994 2715 1061 2771 te,
1095 2705 1367 2759 habentem
1386 2704 1629 2775 spiritum
1654 2710 1853 2756 mutum
1874 2716 1893 2754 :
1913 2701 2003 2771 qui
2022 2700 2139 2754 ubi-

533 2814 750 2865 cumque
776 2814 893 2851 eum
921 2796 1340 2867 apprehenderit,
1371 2794 1545 2848 allidit
1566 2794 1739 2859 illum,
1772 2802 1821 2846 et
1842 2800 2064 2862 spumat,
2090 2799 2137 2846 et

533 2890 716 2943 stridet
752 2889 994 2943 dentibus
1044 2898 1091 2943 et
1118 2890 1326 2943 arescit.
1382 2887 1451 2941 Et
1480 2887 1592 2942 dixi
1622 2887 1894 2958 discipulis
1926 2886 2049 2954 tuis,
2080 2896 2139 2940 ut

538 2984 785 3053 ejicerent
812 2982 961 3035 illum
979 3021 995 3049 ,
1024 2990 1075 3036 et
1104 2997 1209 3034 non
1227 2989 1525 3051 potuerunt.
1555 2979 1659 3047 Qui
1689 2979 2006 3050 respondens
2045 2978 2137 3043 eis,

2230 1889 2405 1940 maris,
2435 1879 2481 1926 et
2511 1870 2735 1925 multum
2762 1869 3059 1938 discerpens
3087 1881 3229 1933 eum,
3255 1863 3380 1919 exiit
3415 1861 3480 1917 ab
3514 1875 3597 1915 eo.
3625 1860 3846 1916 Exiens

2230 1964 2301 2022 ab
2322 1963 2565 2029 homine,
2590 1975 2883 2032 numquam
2914 1958 3230 2024 revertitur,
3279 1956 3326 2011 si
3352 1969 3449 2011 cor
3469 1967 3628 2010 suum
3658 1950 3840 2008 clavis

2234 2055 2501 2112 seraverit
2529 2052 2872 2121 humilitatis,
2898 2060 2954 2107 et
2984 2048 3267 2105 charitatis
3314 2062 3330 2101 :
3364 2053 3422 2103 et
3458 2046 3662 2102 ostium
3686 2042 3840 2101 obti-

2234 2148 2416 2206 nuerit
2448 2149 2611 2203 homo
2638 2144 2941 2202 munitatis.
2986 2142 3147 2201 Unde
3184 2140 3450 2214 pr0pbeta
3490 2140 3623 2195 dicit
3652 2157 3665 2193 :
3698 2138 3839 2195 Esto

2234 2240 2369 2299 mihi
2398 2242 2452 2297 in
2485 2242 2658 2297 Deum
2681 2247 3045 2310 protectorem
3077 2247 3131 2294 et
3160 2236 3216 2294 in
3240 2236 3422 2294 locum
3446 2234 3711 2291 munitum
3731 2274 3744 2300 ,
3772 2239 3839 2288 ut

2234 2337 2441 2392 salvum
2474 2350 2562 2391 me
2592 2334 2782 2390 facias.

2309 2427 2378 2482 Et
2401 2431 2566 2498 factus
2595 2435 2672 2482 est
2692 2428 2829 2481 sicut
2859 2431 3093 2481 mortuus
3123 2439 3142 2480 :
3171 2423 3247 2478 ita
3274 2431 3332 2476 ut
3371 2420 3519 2476 multi
3560 2420 3792 2474 dicerent
3814 2461 3832 2487 ,

2235 2525 2357 2595 quia
2376 2530 2607 2576 mortuus
2636 2529 2730 2575 est.
2756 2518 2915 2574 Iesus
2936 2526 3106 2573 autem
3132 2526 3312 2571 tenens
3332 2531 3541 2570 manum
3563 2517 3697 2586 ejus,
3721 2512 3838 2567 ele-

2235 2617 2369 2670 vavit
2392 2631 2529 2679 eum,
2559 2621 2606 2668 et
2636 2613 2884 2667 surrexit.
2916 2610 3136 2667 Sanatis
3160 2610 3367 2666 etenim
3391 2607 3610 2673 dicitur,
3633 2605 3836 2662 mortui

2237 2707 2394 2773 estis,
2426 2714 2482 2762 et
2506 2706 2616 2761 vita
2650 2714 2829 2761 vestra
2873 2702 3192 2759 abscondita
3235 2711 3320 2759 est
3366 2716 3487 2758 cum
3516 2700 3735 2757 Christo
3772 2699 3830 2755 in

2239 2801 2374 2858 Deo.
2404 2799 2559 2856 Unde
2587 2798 2872 2854 inﬁrmitas
2916 2796 3350 2854 Christianorum
3386 2810 3497 2853 non
3529 2804 3613 2852 est
3641 2807 3783 2851 mors
3810 2834 3828 2861 ,

2239 2893 2335 2949 sed
2358 2891 2550 2948 mortis
2575 2890 2894 2947 similitudo.

2316 2984 2386 3038 Et
2413 3001 2526 3039 cum
2557 2984 2855 3039 introissent
2881 2984 2937 3038 in
2967 2984 3199 3052 domum,
3229 2982 3476 3053 discipuli
3506 2985 3618 3055 ejus
3642 2990 3830 3038 secreto

535 3073 673 3127 dixit
692 3089 713 3128 .'
746 3074 791 3128 0
819 3073 1087 3146 generatio
1115 3073 1408 3141 incredula,
1438 3072 1695 3144 quamdiu
1720 3074 1860 3143 apud
1887 3087 1977 3126 vos
2002 3086 2087 3125 ero
2115 3071 2141 3124 ?
2241 3075 2627 3146 interrogabant
2655 3091 2769 3130 eum
2790 3091 2810 3129 :
2844 3074 3019 3140 Quare
3064 3091 3159 3130 nos
3198 3090 3300 3129 non
3346 3074 3611 3145 potuimus
3650 3074 3831 3143 ejicere

536 3166 789 3237 (Ιηανηάία
815 3181 901 3221 υοδ
934 3166 1107 3236 Paul"
1129 3167 1152 3219 7
1179 3165 1374 3232 ΑΙΪετιε
1418 3165 1572 3219 illum
1611 3164 1680 3217 αά
1728 3178 1829 3217 τηε·
1856 3161 1925 3217 El
1948 3163 2139 3218 αιευίε-
2165 3146 2213 3211 C
2244 3172 2401 3227 eum?
2432 3169 2499 3223 Et
2520 3169 2654 3224 dixit
2683 3169 2792 3224 illis
2816 3184 2835 3223 :
2862 3167 2981 3223 Hoc
3005 3184 3169 3240 genus
3196 3169 3250 3222 in
3279 3166 3429 3222 nullo
3458 3176 3626 3239 potest
3652 3167 3790 3222 exire
3810 3207 3827 3232 ,

538 3267 667 3314 runt
691 3274 830 3314 eum.
863 3257 1068 3313 Etcum
1098 3257 1311 3313 vidisset
1330 3273 1468 3327 eum,
1491 3256 1668 3310 statim
1688 3256 1905 3326 spiritus
1926 3264 2133 3309 contur-

538 3354 675 3408 bavit
696 3353 870 3421 illum,
902 3362 951 3407 et
978 3353 1134 3407 elisus
1159 3351 1216 3406 in
1264 3360 1480 3417 terram,
1514 3344 1843 3404 volutabatur
1862 3363 2133 3419 spumans,

536 3457 587 3502 et
608 3447 941 3519 interrogavit
966 3454 1169 3517 patrem
1211 3447 1366 3517 ejus:
1394 3443 1662 3512 Quantum
1687 3441 1936 3512 temporis
1961 3449 2036 3495 est
2075 3456 2138 3495 ea:

537 3555 641 3611 quo
662 3542 711 3594 ἐπ’
728 3539 825 3595 hoc
850 3539 1088 3594 accidit?
1113 3537 1267 3606 Quod
1287 3536 1390 3592 scit
1411 3536 1698 3602 Dominus,
1724 3542 1899 3606 rogat,
1926 3542 1982 3589 ut
2008 3546 2140 3588 con-

544 3632 711 3687 fessio
737 3633 914 3702 pariat
936 3631 1167 3687 salutem
1197 3649 1212 3686 :
1236 3638 1290 3685 ct
1312 3645 1559 3686 murmur
1586 3627 1769 3685 cordis
1793 3627 1992 3695 nostri,
2018 3639 2139 3681 ser-

546 3723 799 3778 monibus
829 3726 1073 3779 solvatur
1116 3724 1242 3793 piis,
1278 3734 1337 3779 ut
1366 3732 1452 3779 est
1490 3722 1623 3778 illud
1659 3738 1674 3777 :
1708 3721 1807 3777 Dic
1834 3731 1890 3777 tu
1938 3719 2139 3791 iniqui-

543 3822 686 3869 tates
714 3823 835 3869 tuas
873 3816 1044 3884 prius,
1087 3825 1147 3870 ut
1189 3814 1528 3885 justiﬁceris.
1571 3816 1770 3871 Postea
1818 3824 2015 3887 quarta
2045 3813 2141 3870 de-

546 3905 685 3960 cima
718 3904 918 3960 virtute
944 3920 1085 3960 unus
1113 3907 1181 3961 de
1206 3906 1361 3963 turba
1391 3906 1550 3961 aﬁ‘ert
1570 3906 1738 3963 ﬁlium
1764 3908 2014 3978 spiritum
2048 3908 2142 3963 ha-

552 3996 770 4053 bentem
803 3994 1162 4062 immundum,
1187 4006 1242 4053 et
1271 3997 1502 4067 reliqua.
1531 3998 1703 4066 Quem
1736 4014 1844 4056 non
1890 4006 2144 4070 poterant

548 4087 797 4157 discipuli
822 4102 1050 4154 curare,
1081 4088 1331 4144 Salvator
1361 4091 1592 4145 curavit.
1643 4088 1949 4146 lnﬁdelitas
1993 4097 2144 4145 utro-

548 4196 778 4251 rumque
829 4180 1118 4251 impedivit
1161 4181 1418 4239 salutem.
1449 4180 1690 4252 Spiritus
1718 4182 1978 4252 discerpit
2014 4196 2144 4250 spu-

551 4282 790 4329 mantem
818 4313 832 4339 ,
879 4283 933 4329 et
963 4273 1281 4328 stridentem
1310 4317 1325 4341 ,
1372 4282 1426 4329 et
1478 4283 1839 4329 arescentem.
1886 4273 2144 4328 Peccator

2238 3262 2338 3317 nisi
2357 3263 2412 3316 in
2434 3262 2676 3315 oratione
2704 3270 2752 3315 et
2768 3261 2997 3332 jejunio.
3024 3257 3092 3313 Et
3120 3259 3243 3315 inde
3263 3259 3486 3332 profecti
3525 3269 3831 3330 prwtergre-

2238 3357 2509 3411 diebantur
2536 3356 2816 3411 Galilteam
2846 3372 2864 3411 :
2895 3371 2988 3410 nec
3011 3355 3212 3411 volebat
3230 3371 3539 3427 quemquam
3550 3357 3700 3412 scire.
3726 3356 3833 3410 Do-

2238 3447 2383 3502 cebat
2417 3454 2591 3501 autem
2611 3446 2899 3519 discipulos
2927 3463 3071 3514 suos,
3114 3456 3163 3503 et
3192 3447 3393 3502 dicebat
3421 3447 3562 3516 illis,
3594 3447 3831 3518 quoniam

2238 3540 2379 3610 ﬁlius
2401 3539 2624 3594 hominis
2645 3540 2880 3594 tradetur
2904 3540 2958 3594 in
2978 3555 3165 3595 manus
3193 3538 3460 3594 hominum
3486 3580 3501 3605 ,
3528 3547 3579 3593 et
3604 3540 3833 3593 occident

2239 3648 2358 3687 eum
2384 3648 2402 3687 :
2426 3640 2474 3688 et
2501 3634 2723 3703 occisus,
2750 3635 2901 3688 tertia
2926 3633 3009 3688 die
3039 3643 3290 3705 resurget.
3322 3634 3388 3687 At
3412 3632 3494 3687 illi
3521 3633 3830 3703 ignorabant

2240 3724 2472 3789 verbum,
2506 3734 2551 3779 et
2574 3724 2818 3779 timebant
2846 3740 2963 3779 eum
2984 3725 3326 3797 interrogare.
3349 3724 3585 3781 Stultitia
3598 3724 3665 3780 ad
3680 3724 3833 3780 luxu-

2241 3817 2376 3874 riam
2407 3818 2588 3874 carnis
2616 3819 2890 3888 pertinet:
2921 3817 3204 3889 et’jejunio
3226 3825 3454 3874 sanatur
3480 3828 3535 3874 et
3560 3818 3829 3875 oratione.

2242 3910 2323 3967 lra
2346 3919 2419 3967 et
2438 3910 2650 3982 ignavia
2677 3912 2921 3966 oratione
2943 3902 3255 3981 depellitur.
3282 3909 3549 3967 Medicina
3574 3911 3832 3982 cujusque

2242 4005 2484 4060 vulneris
2511 4003 2817 4061 adhibenda
2845 4012 2931 4060 est
2955 4004 3026 4059 ei.
3054 4002 3173 4059 Non
3205 4012 3361 4059 sanat
3400 4003 3617 4059 oculum
3640 4050 3654 4074 ,
3692 4002 3832 4075 quod

2244 4097 2500 4154 calcaneo
2523 4096 2833 4155 adhibetur.
2867 4096 3085 4168 Jejunio
3111 4097 3393 4167 passiones
3437 4098 3683 4168 corporis
3719 4138 3733 4164 ,
3779 4104 3833 4152 et

2244 4189 2491 4245 oratione
2516 4199 2700 4261 pestes
2722 4189 2980 4246 sanandae
3011 4196 3141 4243 sunt
3166 4188 3386 4245 mentis.

2318 4281 2386 4337 Et
2415 4291 2660 4337 venerunt
2685 4282 3074 4353 Capharnaunt.
3106 4279 3487 4353 Capharnaum
3514 4321 3533 4350 ,
3562 4281 3687 4336 villa
3714 4295 3835 4336 con-

552 4376 770 4439 spumat
801 4366 1025 4433 invidia.
1056 4368 1323 4423 stultitia:
1356 4368 1553 4423 stridet
1601 4366 1914 4433 iracundia.
1946 4368 2147 4422 arescit
2245 4377 2539 4431 solutionis.
2573 4375 2832 4445 Congruit
2868 4376 3245 4446 interpretatio
3294 4375 3570 4448 praedictae
3614 4383 3833 4432 senten-

548 4460 783 4532 ignavia.
815 4459 1088 4531 Discerpit
1120 4475 1243 4515 eum
1274 4459 1495 4531 spiritus
1525 4460 2051 4531 appropinquantem
2074 4460 2143 4514 ad

2249 4468 2359 4533 tiae,
2391 4483 2496 4539 qua
2528 4468 2659 4523 dicit
2689 4467 2796 4522 :Et
2822 4468 3056 4537 occisus,
3082 4468 3243 4524 tertia
3281 4468 3370 4525 die
3400 4477 3666 4538 resurget.
3700 4466 3836 4524 Gra-

550 4557 781 4615 salutem
808 4600 821 4625 ,
853 4557 999 4629 quod
1030 4566 1114 4613 est
1166 4571 1291 4612 esca
1338 4556 1539 4612 dilecta
1565 4598 1581 4624 ,
1641 4570 1777 4626 quos
1815 4556 1869 4610 in
1897 4564 2142 4612 ventrem
2169 4530 2225 4592 D
2248 4575 2375 4616 num
2407 4560 2662 4617 frumenti
2686 4561 2939 4629 moritur,
2970 4530 3406 4632 ut'multiplicius
3432 4530 3720 4632 colligatur
3746 4578 3759 4615 :
3791 4560 3836 4616 si

549 4665 713 4707 suum
730 4651 953 4707 trahere
983 4650 1279 4717 desiderat,
1332 4664 1431 4720 per
1470 4658 1710 4706 terrores
1738 4658 1793 4705 et
1824 4648 2020 4705 damna
2046 4669 2059 4705 :
2082 4658 2147 4706 ut

547 4742 676 4799 fecit
702 4744 756 4799 in
782 4744 905 4801 Job.
936 4744 1241 4813 interrogat
1260 4742 1421 4800 Jesus
1444 4753 1678 4814 tempus.

622 4836 687 4889 At
714 4836 805 4891 ille
831 4838 904 4891 ait
936 4851 955 4890 :
986 4837 1088 4891 llic
1116 4836 1453 4907 signiﬁcatur
1484 4836 1706 4906 gentilis
1736 4835 1966 4907 populus
1987 4877 2003 4905 ,
2058 4838 2145 4893 cui

552 4940 582 4980 a
635 4927 917 4985 nativitate
967 4929 1201 4986 increvit
1248 4930 1426 4985 cultus
1484 4929 1694 4984 inutilis
1744 4929 2011 4985 idolorum
2044 4948 2058 4985 :
2090 4941 2148 4986 ut

2247 4666 2355 4707 non
2379 4652 2630 4717 moritur,
2659 4650 2835 4707 solum
2867 4661 3071 4708 manet.

2324 4744 2425 4808 Qui
2454 4760 2571 4798 cum
2596 4744 2737 4799 domi
2755 4755 2941 4812 essent,
2974 4744 3327 4819 interrogabat
3350 4762 3436 4801 eos
3464 4762 3484 4801 :
3514 4745 3655 4814 Quid
3677 4746 3732 4801 in
3759 4747 3840 4801 via

2250 4836 2590 4893 tractabatis?
2616 4837 2683 4891 At
2727 4836 2809 4892 illi
2852 4839 3107 4893 tacebant.
3140 4839 3410 4909 Siquidem
3444 4839 3501 4892 in
3523 4840 3607 4892 via
3630 4840 3763 4893 inter
3790 4854 3842 4892 se

2251 4934 2655 5004 disputaverant,
2690 4933 2805 5004 quis
2833 4949 3009 4989 eorum
3034 4938 3207 5007 major
3235 4946 3384 4989 esset.
3419 4932 3485 4987 Et
3506 4935 3737 4990 residens
3756 4949 3842 4988 vo-

554 5020 717 5074 stulte
747 5022 1056 5079 immolaret
1101 5022 1240 5079 ﬁlios
1276 5037 1405 5080 suos
1435 5022 1745 5079 daemoniis.
1782 5022 1939 5079 Unde
1967 5024 2150 5095 sequi-
2250 5026 2382 5078 cavit
2401 5024 2694 5091 duodecim,
2726 5032 2777 5078 et
2800 5026 2875 5079 ait
2901 5026 3009 5081 illis
3033 5042 3052 5081 :
3080 5026 3143 5082 Si
3170 5026 3286 5097 quis
3307 5024 3416 5079 vult
3455 5026 3657 5095 primus
3689 5042 3801 5079 esse
3824 5065 3839 5091 ,

558 5117 643 5163 tur
685 5127 697 5162 :

2251 5120 2347 5171 erit
2370 5117 2599 5171 omnium
2628 5118 2955 5186 novissimus,
2981 5128 3028 5174 et
3054 5119 3282 5173 omnium
3304 5119 3559 5174 minister.
3593 5115 3666 5172 Et
3705 5118 3843 5172 acci-

621 5201 698 5257 Ab
722 5203 967 5277 infantia,
993 5217 1040 5262 et
1061 5209 1358 5280 frequenter
1380 5225 1497 5265 eum
1522 5211 1576 5265 in
1603 5210 1774 5282 ignem
1798 5218 1847 5265 et
1867 5226 2032 5282 aquas
2051 5212 2151 5266 mi-
2249 5209 2393 5281 piens
2415 5212 2652 5280 puerum,
2683 5211 2866 5264 statuit
2888 5212 3004 5265 eum
3028 5211 3084 5265 in
3104 5210 3275 5265 medio
3298 5227 3492 5266 eorum.
3529 5208 3697 5277 Quem
3727 5226 3843 5264 cum

553 5298 640 5366 sit,
673 5306 728 5351 ut
757 5313 872 5353 eum
900 5302 1153 5370 perderet.
1206 5303 1315 5358 Sed
1366 5304 1410 5357 si
1434 5303 1559 5374 quid
1587 5311 1750 5376 potes,
1811 5305 2004 5376 adjuva
2030 5321 2147 5372 nos,

552 5392 1011 5448 misertus‘nostri.
1042 5394 1150 5450 Alii
1201 5396 1349 5452 enim
1377 5395 1447 5453 de
1481 5398 1734 5469 gentibus
1772 5397 1950 5469 ignem
1981 5412 2147 5455 vene-

556 5484 838 5553 rabantur,
862 5485 953 5541 alii
974 5501 1192 5557 aquam.

626 5575 971 5632 Je‘sus'a‘ulem
1013 5580 1087 5633 ait
1125 5578 1254 5635 illi:
1295 5580 1357 5637 Si
1379 5588 1521 5652 potes
1549 5582 1772 5639 credere.
1816 5581 2146 5640 Libertatem

560 5665 648 5723 hic
678 5668 891 5724 arbitrii
918 5669 1142 5726 indicat.

634 5758 823 5822 Omnia
846 5763 1112 5835 possibilia
1134 5774 1252 5822 sunt
1301 5765 1654 5846 credenti._Et
1683 5770 1926 5829 continuo
1978 5766 2147 5826 excla-

2251 5301 2549 5372 complexus
2573 5310 2722 5370 esset,
2752 5302 2826 5356 ait
2848 5300 2951 5357 illis
2983 5318 3004 5356 :
3029 5302 3273 5373 Quisquis
3299 5318 3457 5358 unum
3482 5316 3545 5355 ea:
3569 5300 3842 5374 hujusmo-

2251 5393 2308 5446 di
2334 5395 2510 5464 pueris
2535 5396 2782 5464 receperit
2801 5396 2857 5450 in
2883 5395 3090 5449 nomine
3117 5411 3250 5463 meo,
3275 5410 3354 5449 me
3382 5394 3562 5464 recipit
3587 5436 3604 5462 ,
3650 5403 3701 5449 et
3729 5396 3840 5465 qui-

2250 5500 2462 5556 cumque
2487 5503 2566 5542 nte
2593 5489 2891 5560 susceperit,
2920 5505 3024 5543 non
3046 5505 3125 5544 me
3146 5491 3381 5559 suscipit,
3409 5490 3499 5544 sed
3522 5506 3637 5545 eum
3658 5490 3747 5562 qui
3768 5505 3841 5545 me

2249 5580 2408 5633 misit.
2448 5580 2745 5652 Respondet
2770 5580 2853 5636 illi
2878 5581 3131 5651 Joannes,
3164 5583 3339 5636 dicens
3368 5598 3387 5637 :
3412 5581 3692 5655 Magister,
3726 5584 3841 5639 vidi~

2255 5688 2365 5727 mus
2391 5675 2663 5744 quemdam
2693 5676 2744 5730 in
2774 5676 2977 5731 nomine
3006 5686 3094 5730 tuo
3126 5676 3408 5748 ejicientem
3440 5677 3727 5745 dwtnonia,
3759 5675 3843 5750 qui

2255 5782 2357 5823 non
2380 5770 2610 5839 sequitur
2638 5786 2762 5840 nos,
2804 5779 2851 5826 et
2885 5767 3238 5841 prohibuimus
3290 5780 3426 5825 cum.
3473 5767 3635 5827 Iesus
3677 5780 3844 5829 autem
