4030 6202
200 240 302 297 617

806 246 815 311 ἒ
851 238 1395 305 COMMENTARIUS
1433 242 1500 303 IN
1538 240 1990 307 EVANGELIUM
2028 240 2181 306 SEC.
2222 242 2536 309 MARCUM.
2575 248 2728 308 CAP.
2768 250 2840 308 Χ.

3384 255 3495 314 618

195 361 267 415 ait
299 374 318 415 :
347 356 527 416 Nolite
549 360 819 432 prohibere
848 379 985 421 eum.
1016 365 1187 422 Nemo
1237 376 1311 423 est
1362 370 1496 424 enim
1533 372 1622 441 qui
1666 372 1787 442 facit
1891 372 2095 429 Christi
2118 388 2357 431 amorem
2384 374 2617 431 dilectos
2636 384 2690 432 et
2710 375 2986 445 proximos
3010 374 3166 432 nobis
3182 373 3477 449 abnegare.

192 451 432 508 virtutem
450 454 505 507 in
537 458 740 511 nomine
763 473 875 513 meo
902 499 918 526 ,
967 468 1013 513 et
1042 463 1205 532 possit
1256 464 1355 518 cito
1391 464 1524 518 male
1553 465 1693 535 loqui
1723 466 1787 521 de

192 562 297 602 me.
330 547 433 613 Qui
454 550 590 603 enim
618 567 721 605 non
750 562 825 605 est
870 552 1143 609 adversum
1190 571 1277 610 vos
1300 597 1316 623 ,
1369 573 1465 627 pro
1512 558 1654 612 vobis
1692 568 1784 614 est.

200 637 448 709 Quisquis
477 641 610 695 enim
632 652 809 713 potum
831 644 1029 701 dederit
1049 647 1187 701 vobis
1216 648 1426 703 calicem
1451 666 1603 721 aqua:
1624 652 1677 705 in
1696 668 1788 707 no-

196 732 336 783 mine
360 746 494 800 meo,
527 733 649 803 quia
677 732 878 789 Christi
902 738 1027 792 estis
1048 755 1068 793 :
1096 755 1247 795 amen
1279 739 1397 796 dico
1441 742 1583 798 vobis
1614 784 1630 811 ,
1684 760 1785 798 non

192 824 371 893 perdet
399 828 683 883 mercedem
726 847 897 887 suam.
955 832 1025 888 Et
1079 836 1308 905 quisquis
1358 837 1786 891 scandalizaverit

192 932 351 972 unum
372 935 435 974 ex
463 920 543 976 his
571 922 782 993 pusillis
808 926 1132 983 credentibus
1158 931 1210 983 in
1240 946 1320 984 me
1342 970 1359 997 ,
1393 931 1585 984 bonum
1624 942 1697 986 est
1740 933 1787 986 ei

190 1013 357 1082 magis
377 1014 423 1067 si
445 1015 859 1073 circumdaretur
888 1021 1025 1075 mola
1051 1023 1281 1077 asinaria
1302 1023 1444 1078 collo
1471 1027 1604 1095 ejus,
1649 1032 1697 1078 et
1728 1026 1783 1078 in

187 1118 333 1159 mare
360 1105 671 1163 mitteretur.
708 1108 777 1163 Et
798 1112 845 1165 si
877 1113 1307 1168 scandalizaverit
1351 1123 1399 1169 te
1433 1130 1617 1169 manus
1646 1123 1735 1167 tua
1759 1158 1775 1183 ,

186 1196 437 1253 abscinde
465 1200 636 1258 illam.
668 1202 726 1258 In
754 1206 841 1259 via
861 1206 1006 1261 enim
1034 1208 1339 1262 tractabant
1356 1207 1423 1263 de
1439 1208 1774 1278 principatu:

190 1288 392 1347 similis
419 1294 668 1350 tractatio
700 1295 841 1353 loco.
874 1296 1217 1367 Principatus
1244 1315 1479 1371 namque
1502 1311 1561 1356 ut
1595 1302 1777 1373 ingrc-

186 1377 367 1448 ditur,
396 1381 473 1436 sic
502 1383 771 1441 deseritur
796 1403 809 1439 :
841 1395 895 1442 et
923 1389 1181 1458 quamdiu
1207 1398 1443 1461 tenetur,
1459 1392 1692 1449 labitur:
1723 1406 1779 1451 et

182 1472 447 1530 incertum
474 1484 558 1531 est
592 1477 645 1532 in
668 1493 770 1549 qua
795 1481 1112 1545 mansione,
1146 1483 1198 1539 id
1229 1494 1343 1553 est,
1374 1485 1429 1540 in
1462 1501 1568 1557 qua
1594 1486 1683 1543 die
1708 1487 1776 1543 ti-

184 1568 386 1625 niatur.
419 1568 575 1628 Unde
595 1570 727 1629 dicit
754 1590 770 1629 :
794 1573 899 1642 Qui
925 1576 1041 1632 vult
1058 1592 1181 1634 esse
1204 1578 1433 1649 primus,
1459 1588 1515 1637 ut
1543 1595 1680 1653 puer
1706 1582 1777 1638 sit

180 1661 451 1719 minister.
624 1664 633 1677 '

1887 464 2077 521 Omnis
2126 466 2271 521 enim
2300 466 2527 522 victima
2574 468 2817 522 satietur.
2861 466 3087 523 Victima
3132 469 3345 524 Domini
3394 478 3479 527 est

1886 572 2057 630 genus
2084 559 2401 627 humanum,
2425 560 2571 630 quod
2590 560 2679 615 hic
2700 560 2913 615 ratione
2940 561 3217 630 sapientiae
3240 563 3430 619 salitur
3455 579 3471 619 :

1889 647 2018 704 dum
2044 652 2324 721 corruptio
2351 651 2633 720 sanguinis
2661 652 2905 707 custodia
2932 650 3254 721 putredinis,
3287 654 3341 707 id
3368 664 3473 723 est,

1886 750 2064 797 mater
2083 743 2349 799 vermium
2393 744 2748 810 consumitur,
2780 753 2834 800 et
2864 744 2976 799 illic
3016 746 3329 815 purgatorio
3352 746 3474 817 igne

1886 836 2249 891 examinatur.

1958 926 2164 981 Bonum
2201 936 2277 981 est
2298 930 2399 982 sal.
2436 928 2589 996 Quod
2614 930 2657 984 si
2684 932 2763 985 sal
2790 931 3048 986 insulsum
3073 933 3252 1004 fuerit,
3286 935 3340 988 in
3375 952 3473 1006 quo

1884 1020 2021 1073 illud
2039 1021 2330 1075 condietis?
2356 1020 2447 1077 Sal
2469 1024 2762 1093 insulsum,
2792 1026 2884 1095 qui
2916 1035 3060 1081 amat
3085 1027 3466 1097 principatum,

1882 1114 1971 1183 qui
2004 1114 2287 1182 increpare
2312 1129 2418 1170 non
2450 1117 2616 1172 audet
2642 1126 2696 1172 et
2720 1118 2995 1183 conﬁteri,
3020 1133 3087 1174 ne
3112 1119 3181 1175 de
3205 1134 3478 1192 synagoga

1881 1201 2174 1270 ejiciatur:
2200 1203 2430 1275 diligens
2464 1206 2701 1276 gloriam
2744 1209 3028 1265 hominum
3077 1210 3283 1280 magis,
3316 1226 3476 1283 quam

1880 1293 1998 1349 Dei.

1953 1388 2153 1444 Habete
2176 1390 2229 1445 in
2260 1391 2399 1446 vobis
2427 1393 2532 1459 sal,
2565 1402 2613 1448 et
2642 1409 2820 1465 pacem
2848 1396 3036 1452 habete
3064 1399 3203 1454 inter
3224 1417 3330 1457 vos.
3355 1401 3479 1457 Sal-

1880 1479 2172 1537 situdinem
2214 1485 2604 1553 correctionis,
2637 1502 2793 1542 amor
2822 1489 3057 1557 proximi
3092 1500 3395 1561 temperet,
3429 1502 3487 1550 et

1880 1572 2227 1631 dilectionem
2257 1577 2491 1646 proximi
2512 1578 2590 1631 sal
2618 1578 2846 1646 justitize
2876 1580 3116 1636 condiat.
3142 1582 3208 1638 Et
3240 1584 3293 1637 in
3318 1583 3481 1641 domo

1879 1666 2075 1722 iterum
2112 1666 2365 1737 discipuli
2394 1668 2514 1739 ejus
2559 1669 2971 1742 interrogabant
3007 1688 3131 1729 eum
3163 1672 3233 1729 de
3262 1676 3480 1732 eodem.

251 1755 455 1813 Bonum
494 1767 570 1814 est
596 1761 689 1815 tibi
723 1762 943 1818 debilem
964 1765 1184 1821 introire
1211 1768 1267 1820 in
1310 1766 1493 1837 vitam,
1543 1768 1603 1824 Id
1663 1778 1767 1839 cst,

1895 1757 1954 1813 Et
1981 1759 2085 1814 hoc
2114 1760 2335 1830 proprie
2365 1778 2377 1815 :
2408 1762 2462 1815 in
2494 1761 2693 1817 iterata
2723 1762 2953 1819 scientia
2979 1766 3132 1821 verbi
3166 1781 3275 1822 non
3320 1767 3477 1823 fasti-

179 1847 303 1906 sine
318 1851 502 1921 cupito
522 1853 847 1924 principatu.

262 1940 434 2008 Quam
482 1944 617 1999 duas
662 1964 851 2003 manus
898 1950 1169 2005 habentem
1196 1952 1271 2006 ire
1313 1953 1365 2007 in
1394 1954 1703 2025 gehennam,
1732 1957 1787 2011 in

172 2031 358 2102 ignem
384 2036 877 2110 inexstinguibilem.
904 2039 1033 2097 Duae
1056 2058 1271 2112 manus,
1305 2045 1636 2117 principatus
1662 2056 1788 2103 sunt

174 2131 240 2178 et
288 2126 562 2196 superbia.
615 2128 890 2190 Abscinde
934 2136 1267 2205 superbiam,
1310 2146 1498 2196 tenens
1530 2141 1784 2198 humilem

172 2220 570 2292 principatum.

262 2313 361 2370 Ubi
387 2320 573 2374 vermis
601 2335 779 2376 eorum
808 2340 911 2379 non
940 2326 1186 2395 moritur,
1218 2336 1264 2383 et
1293 2327 1427 2399 ignis
1466 2345 1571 2383 non
1593 2331 1787 2385 exstin-

174 2407 381 2479 guitur.
413 2408 483 2462 Et
508 2411 554 2465 si
595 2429 686 2483 pes
721 2423 841 2469 tuus
872 2424 921 2470 te
949 2418 1305 2486 scandalizat,
1353 2430 1573 2490 amputa
1612 2421 1781 2476 illum.

173 2499 391 2557 Bonum
418 2512 491 2559 est
522 2504 613 2559 tibi
652 2508 904 2569 claudum
946 2510 1167 2565 introire
1213 2512 1268 2565 in
1312 2513 1472 2566 vitam
1516 2520 1811 2581 aeternam,

171 2608 345 2664 quam
383 2596 515 2652 duos
552 2598 706 2666 pedes
734 2599 1041 2671 habentem,
1074 2604 1209 2657 mitti
1248 2605 1302 2657 in
1332 2604 1619 2675 gehennam
1648 2606 1785 2677 ignis

168 2684 621 2757 inexstinguibilis
661 2705 679 2742 :
719 2691 807 2745 ubi
853 2694 1037 2747 vermis
1081 2711 1264 2750 eorum
1307 2711 1411 2751 non
1440 2697 1686 2765 moritur,
1735 2706 1787 2755 et

169 2778 327 2849 ignis
359 2796 461 2835 non
500 2781 1047 2855 exstinguitur.'Quod
1078 2789 1122 2843 si
1154 2791 1335 2845 oculus
1364 2800 1484 2845 tuus
1514 2791 1786 2846 scandali-

169 2880 274 2925 zat
302 2880 380 2939 te,
417 2875 549 2945 ejice
580 2893 713 2930 eum.
757 2877 962 2933 Bonum
994 2888 1069 2934 est
1097 2882 1187 2936 tibi
1232 2884 1433 2937 luscum
1484 2884 1698 2938 introire
1732 2884 1787 2938 in

170 2978 400 3033 regnum
424 2962 555 3033 Dei,
588 2983 744 3037 quam
784 2970 918 3025 duos
946 2973 1125 3027 oculos
1145 2972 1420 3029 habentem
1450 2976 1583 3029 mitti
1606 2976 1659 3030 in
1697 2991 1788 3048 ge-

173 3055 411 3111 hennam
439 3060 615 3131 ignis:
652 3063 739 3117 ubi
766 3065 951 3119 vermis
976 3082 1159 3120 eorum
1185 3083 1288 3121 non
1316 3068 1554 3136 moritur,
1581 3077 1629 3123 et
1652 3070 1787 3140 ignis

1888 1848 2057 1915 dium,
2087 1850 2185 1904 sed
2214 1850 2450 1906 esuriem
2476 1860 2533 1905 et
2557 1853 2701 1906 sitim
2733 1864 2959 1922 prtestat
2986 1872 3002 1911 :
3029 1865 3089 1910 ut
3117 1866 3200 1912 est
3222 1858 3354 1914 illud
3384 1859 3484 1916 Sa-

1888 1939 2107 2011 pientiae
2138 1958 2151 1992 :
2183 1939 2287 2008 Qui
2319 1956 2407 1996 me
2452 1943 2770 2008 comedunt,
2798 1944 2977 2001 adhuc
3003 1950 3279 2019 esurient,
3310 1960 3363 2006 et
3391 1954 3484 2022 qui

1889 2049 1980 2090 me
2010 2034 2228 2103 bibunt,
2255 2034 2433 2090 adhuc
2454 2036 2660 2091 sitient.
2682 2036 2935 2092 Melliﬂua
2960 2040 3242 2109 sapientia:
3268 2045 3488 2113 eloquia

1888 2135 2104 2198 gustata
2131 2126 2479 2198 diligentius.
2519 2129 2903 2184 multimodum
2937 2146 3189 2200 saporem
3233 2136 3485 2192 reddunt.

1838 2238 1843 2243 ο
1889 2218 2118 2286 Quando
2141 2219 2280 2290 pluit
2305 2220 2569 2276 Dominus
2594 2234 2790 2276 manna
2824 2221 2890 2277 ad
2915 2223 3354 2281 manducandum
3386 2229 3488 2285 sub

1888 2314 2007 2369 sole
2054 2314 2368 2383 liquescens
2398 2322 2457 2368 ut
2485 2328 2611 2369 cera
2632 2356 2646 2380 ,
2692 2314 2927 2371 reddens
2965 2316 3174 2372 mollita
3208 2320 3350 2375 dicta
3372 2364 3385 2387 ,
3430 2331 3492 2378 ut

1888 2413 1976 2461 est
2005 2405 2137 2460 illud
2170 2423 2182 2457 :
2222 2405 2538 2475 Fulgebunt
2558 2406 2690 2476 justi
2733 2408 2875 2464 sicut
2903 2409 2987 2464 sol
3016 2409 3072 2465 in
3109 2426 3281 2482 regno
3310 2412 3490 2471 Patris

1888 2513 2100 2555 eorum.
2133 2498 2215 2554 Ad
2244 2499 2428 2569 ignem
2469 2499 2696 2555 duratur
2728 2520 2741 2554 :
2775 2510 2859 2571 ut,
2892 2502 3084 2571 Panis,
3125 2519 3221 2561 cor
3250 2506 3489 2565 hominis

1888 2590 2241 2645 conﬁrmans.
2264 2589 2347 2645 Ad
2372 2604 2589 2659 aspera,
2618 2601 2682 2645 ut
2717 2600 2802 2647 est
2830 2608 2846 2644 :
2881 2593 2937 2648 Si
2962 2594 3085 2664 quis
3112 2596 3226 2651 vult
3254 2607 3380 2668 post
3403 2616 3494 2658 me

1889 2682 2101 2747 venire,
2130 2682 2365 2753 abneget
2394 2682 2635 2753 seipsum
2660 2683 2785 2753 sibi,
2812 2678 2865 2741 et
2888 2685 3048 2743 tollat
3069 2702 3284 2747 crucem
3309 2707 3464 2750 suam

1890 2781 1947 2830 et
1969 2781 2227 2845 sequatur
2248 2788 2357 2829 me.

2517 2846 2745 2904 CAPUT
2784 2848 2855 2905 Χ.

1968 2962 2035 3015 Et
2060 2963 2180 3017 inde
2201 2978 2486 3035 exsurgens
2506 2966 2643 3019 venit
2666 2966 2720 3020 in
2747 2966 2876 3035 ﬁnes
2896 2966 3098 3026 Juda’tv
3118 2972 3258 3029 ultra
3283 2973 3482 3033 Iorda-

1894 3067 2009 3108 nem
2041 3069 2057 3105 .'
2088 3062 2137 3107 et
2180 3056 2485 3110 conveniunt
2522 3058 2707 3111 iterum
2754 3060 2915 3114 turba:
2950 3062 3020 3115 ad
3056 3080 3171 3117 eum
3210 3084 3229 3120 :
3266 3076 3313 3121 et
3356 3071 3491 3124 sicut

169 3163 293 3201 non
314 3152 682 3221 exstinguitur.
712 3153 953 3223 Vermis,
978 3166 1063 3212 est
1086 3158 1423 3214 conscientia
1446 3174 1590 3217 sera.
1614 3161 1783 3230 Ignis,

1895 3154 2237 3211 consueverat,
2273 3147 2457 3201 iterum
2486 3148 2698 3204 docebat
2716 3150 2852 3205 illos.
2887 3150 2957 3207 Et
2986 3156 3283 3210 accedentes
3310 3159 3490 3226 phari-

172 3253 349 3310 poena
377 3242 837 3301 inconsummata.
868 3247 1027 3305 Unde
1057 3265 1154 3321 per
1182 3252 1507 3323 prophetam
1535 3255 1736 3311 dicitur
1768 3276 1779 3309 :

169 3330 476 3390 Ambulate
498 3336 553 3390 in
584 3336 796 3395 lumine
821 3338 965 3410 ignis
992 3344 1186 3412 veStri,
1212 3354 1267 3400 et
1296 3345 1351 3401 in
1374 3345 1627 3416 ﬂammis,
1649 3363 1785 3419 quas

169 3425 547 3483 succendistis
576 3429 754 3487 vobis.

265 3518 449 3573 Omnis
480 3522 614 3575 enim
654 3524 771 3597 igne
807 3526 1042 3584 satietur.
1072 3530 1206 3587 Mire
1241 3532 1443 3589 dictum
1470 3542 1552 3590 est
1584 3552 1597 3588 :
1628 3536 1782 3603 Quod

170 3611 332 3668 enim
361 3612 477 3669 sale
506 3615 780 3684 conditur,
810 3622 1009 3677 vermis
1048 3624 1383 3694 putredinem
1425 3637 1593 3685 arcet.
1629 3630 1784 3696 Quod

172 3719 341 3772 vero,
374 3705 423 3760 id
453 3715 555 3775 est,
581 3724 804 3781 asperso
824 3715 939 3771 sale
968 3731 1185 3775 carnem
1217 3736 1446 3792 quaeque
1475 3724 1781 3783 consumit:

174 3794 293 3850 hoc
319 3798 612 3856 secundum
654 3802 826 3873 legem
859 3806 911 3860 in
940 3808 1127 3866 hostiis
1158 3810 1346 3880 ﬁebat,
1386 3829 1506 3883 qua:
1548 3815 1601 3868 in
1626 3816 1786 3870 altari

176 3890 586 3947 cremabantur.
619 3892 775 3951 Unde
802 3896 858 3953 in
886 3900 1031 3956 omni
1060 3902 1277 3959 victima
1306 3914 1362 3960 et
1388 3906 1676 3974 sacriﬁcio,
1706 3907 1787 3962 sal

177 3978 372 4035 σπειτί
403 3994 729 4055 praeceptum
778 3998 882 4045 est.
932 3991 1056 4059 Sal,
1104 3994 1335 4051 dulcedo
1384 3997 1791 4066 sapientiaazet

178 4068 327 4140 ignis
351 4069 581 4141 Spiritus
605 4077 779 4133 sancti
800 4080 998 4149 gratia.
1018 4081 1207 4139 Omnis
1230 4084 1368 4155 ignis
1394 4086 1641 4156 salietur,
1665 4088 1789 4159 quia

178 4163 370 4219 omnis
408 4165 606 4223 electus
643 4171 906 4240 sapientia
952 4173 1227 4243 conditur,
1275 4186 1333 4232 ut
1382 4177 1545 4249 digna
1572 4179 1790 4236 victima

180 4253 284 4309 Dei
311 4254 573 4315 altaribus
597 4259 880 4319 efﬁciatur.
914 4263 1068 4321 Unde
1106 4266 1245 4323 bene
1272 4268 1420 4324 addit
1448 4287 1462 4324 :

260 4343 331 4400 Et
368 4349 534 4403 omnis
575 4351 780 4406 victima
809 4354 920 4408 sale
957 4357 1197 4413 salietur.
1245 4360 1337 4416 Ille
1367 4363 1509 4418 enim
1538 4378 1665 4421 vere
1710 4364 1789 4421 vi-

182 4435 350 4492 ctima
401 4438 617 4497 Domini
660 4453 776 4513 est,
826 4446 920 4515 qui
958 4463 1161 4519 corpus
1205 4460 1261 4507 et
1302 4452 1539 4511 animam
1583 4472 1612 4511 a
1644 4458 1790 4516 vitiis

180 4530 534 4588 emundanda
564 4532 676 4591 Deo
700 4550 798 4607 per
827 4552 1073 4597 antorem
1102 4542 1336 4613 Spiritus
1374 4548 1548 4604 sancti
1592 4564 1787 4608 conse-

180 4634 334 4691 crat;
390 4641 493 4683 nec
533 4628 647 4685 sale
695 4634 1034 4705 aspergitur,
1091 4637 1188 4694 sed
1231 4639 1355 4710 igne
1400 4646 1782 4702 consumitur:

180 4716 402 4785 quando
432 4733 541 4774 non
573 4723 783 4790 peccati
805 4734 1007 4782 tantum
1039 4731 1292 4802 contagio
1322 4733 1565 4804 pellitur,
1610 4737 1707 4793 sed
1734 4747 1787 4794 et

181 4811 475 4878 praesentis
506 4813 629 4870 vitae
658 4814 949 4875 delectatio
978 4822 1208 4893 tollitur,
1243 4836 1297 4880 et
1329 4826 1522 4883 futura:
1551 4844 1786 4887 conver-

181 4905 386 4961 sationi
416 4914 528 4964 tota
555 4918 738 4967 mente
765 4914 1091 4984 suspiratur.
1136 4915 1310 4985 Unde,
1347 4930 1528 4975 nostra
1559 4937 1789 4979 conver-

182 4996 327 5053 satio
352 4999 410 5053 in
431 5000 588 5057 caelis
606 5010 710 5058 est.
736 5003 825 5073 Et,
848 5005 1076 5063 obsecro
1098 5022 1197 5078 per
1215 5009 1641 5068 misericordiam
1669 5013 1786 5083 Dei,

184 5095 255 5141 ut
280 5091 585 5149 exhibeatis
606 5108 837 5168 corpora
859 5106 1059 5167 vestra,
1090 5106 1198 5155 etc.
1229 5100 1411 5156 Altare
1440 5101 1559 5168 Dei,
1585 5113 1669 5159 est
1693 5120 1791 5161 cor

176 5176 459 5237 honorum
491 5200 505 5237 :
538 5182 732 5241 hostiae
760 5196 815 5243 et
835 5187 1125 5256 sacriﬁcia,
1157 5188 1300 5245 bona
1325 5204 1493 5261 Opera
1524 5191 1787 5250 lidelium.

174 5270 252 5327 In
282 5276 534 5332 omnibus
571 5280 855 5339 sacriﬁciis
880 5281 993 5350 sal,
1021 5284 1163 5354 'quia
1193 5283 1399 5340 nullum
1428 5300 1566 5357 opus
1589 5286 1789 5343 bonum

173 5364 311 5421 sine
338 5368 633 5438 sapientia.
675 5370 817 5444 Ignis
860 5373 1124 5430 sacriﬁcia
1157 5376 1212 5431 in
1254 5375 1428 5434 altare
1472 5378 1787 5434 consumit:

167 5455 263 5513 de
302 5473 410 5528 quo
442 5461 561 5532 ipse
590 5478 692 5519 nos
736 5465 1037 5535 baptizavit
1079 5467 1282 5538 Spiritu
1326 5479 1516 5528 sancto
1546 5480 1601 5526 et
1642 5470 1788 5540 igne.

169 5546 337 5619 Ignis
368 5551 750 5611 tribulationes
785 5557 1008 5627 respicit
1057 5576 1070 5614 :
1115 5557 1217 5616 hoc
1244 5560 1312 5616 ad
1352 5565 1669 5632 superiora,
1697 5562 1794 5617 ubi

167 5643 623 5701 scandalizantia
664 5650 909 5707 membra
950 5652 1108 5707 evelli
1136 5663 1407 5726 praecepta
1452 5665 1578 5711 sunt
1616 5672 1632 5712 :
1668 5656 1794 5725 quia

172 5743 255 5799 et
304 5737 409 5796 hoc
454 5750 539 5796 est
581 5740 705 5812 igne
741 5743 927 5811 saliri,
974 5748 1359 5806 tentationibus
1403 5747 1680 5819 exerceri,
1726 5749 1797 5808 oh

374 5832 631 5893 PAl‘R’)L
710 5833 896 5896 ΧὯΧ.

1887 3237 1978 3292 sati
2005 3238 2387 3309 interrogabant
2417 3256 2535 3295 eum
2570 3243 2656 3296 :si
2682 3241 2801 3297 licet
2824 3242 2931 3297 viro
2966 3261 3177 3300 uxorem
3207 3248 3484 3320 dimittere,

1887 3339 2137 3387 tentantes
2167 3351 2305 3388 eum.
2340 3335 2411 3389 At
2434 3336 2525 3390 ille
2550 3340 2867 3405 respondens
2890 3339 3024 3391 dixit
3046 3340 3117 3391 eis
3140 3356 3158 3391 :
3184 3339 3324 3404 Quid
3345 3342 3487 3399 vobis

1884 3427 2126 3496 prwcepit
2168 3427 2378 3482 Moses?
2413 3430 2516 3495 Qui
2546 3430 2787 3483 dixerunt
2822 3446 2839 3480 :
2872 3429 3041 3484 Moses
3086 3434 3313 3500 permisit
3346 3437 3497 3491 libel-

1887 3520 1995 3574 lum
2021 3522 2225 3593 repudii
2256 3522 2506 3587 scribere,
2534 3532 2580 3574 et
2621 3523 2899 3575 dimittere.
2948 3524 3142 3587 Quibus
3178 3530 3491 3597 respondens

1886 3613 2059 3683 Iesus,
2084 3615 2157 3666 ait
2180 3629 2197 3667 :
2225 3613 2304 3665 Ad
2333 3613 2577 3665 duritiam
2600 3613 2772 3667 tardis
2797 3616 3165 3688 vestriscripsit
3188 3619 3327 3673 vobis
3358 3637 3489 3692 pra:-

1890 3713 2091 3774 ceptum
2132 3703 2270 3756 istud
2295 3719 2312 3755 :
2337 3703 2413 3756 Ab
2456 3704 2604 3758 initio
2642 3714 2812 3758 autem
2843 3717 3092 3763 creatura:
3118 3712 3403 3766 masculum
3444 3724 3493 3768 et

1890 3798 2138 3868 feminam
2180 3796 2297 3865 fecit
2326 3813 2410 3852 eos
2450 3797 2613 3853 Deus-
2662 3797 2886 3870 Propter
2918 3801 3015 3855 hoc
3044 3801 3297 3874 relinquet
3336 3807 3490 3861 homo

1890 3898 2086 3960 patrem
2115 3904 2265 3942 suum
2286 3896 2333 3943 et
2360 3901 2595 3957 matrem,
2616 3899 2664 3944 et
2688 3890 2967 3947 adhaerebit
2982 3896 3050 3947 ad
3074 3912 3288 3952 uxorem
3309 3916 3489 3955 suam:

1892 3992 1941 4035 et
1966 3990 2116 4037 erunt
2143 3982 2247 4035 duo
2276 3982 2332 4036 in
2360 3999 2514 4036 carne
2540 3999 2666 4037 una.
2717 3982 2903 4055 Itaque
2922 3987 3038 4057 jam
3065 4004 3167 4041 non
3212 3999 3331 4042 sunt
3361 3992 3489 4059 duo,

1891 4077 1983 4130 sed
2017 4092 2120 4129 una
2146 4092 2291 4129 caro.
2339 4076 2491 4143 Quod
2533 4093 2655 4147 ergo
2693 4075 2834 4133 Deus
2862 4081 3164 4150 conjunxit,
3196 4080 3350 4133 homo
3389 4098 3494 4136 non

1893 4178 2115 4238 separet.
2166 4168 2427 4224 Phariszni
2458 4169 2872 4241 interrogabant
2922 4188 3047 4228 eum
3081 4192 3094 4228 :
3129 4172 3174 4228 si
3220 4173 3348 4227 licet
3373 4172 3493 4229 viro

1893 4261 2173 4318 dimittere
2203 4277 2434 4319 uxorem
2475 4276 2628 4319 suam
2654 4304 2669 4330 ,
2706 4271 2981 4322 tentantes
3022 4280 3170 4321 eum.
3204 4262 3339 4321 Item
3372 4274 3497 4334 post

1893 4353 2171 4424 aliquanta
2198 4373 2211 4408 :

1968 4446 2036 4501 Et
2064 4448 2117 4501 in
2140 4447 2295 4503 domo
2321 4450 2510 4504 iterum
2538 4449 2783 4521 discipuli
2807 4455 2921 4524 ejus
2963 4452 3027 4505 de
3052 4452 3227 4504 eodem
3269 4451 3491 4505 interro-

1896 4550 2143 4612 gaverunt
2183 4557 2320 4596 eum.
2354 4540 2424 4595 Et
2448 4543 2521 4596 ait
2548 4541 2657 4597 illis
2682 4558 2701 4596 :
2733 4542 3055 4611 Quicumque
3079 4542 3331 4594 dimiserit
3360 4558 3493 4595 uxo-

1893 4649 2001 4688 rem
2021 4650 2172 4689 suam
2193 4643 2243 4689 et
2262 4634 2419 4689 aliam
2448 4635 2674 4700 duxerit,
2699 4633 3012 4687 adulterium
3034 4632 3307 4685 committit
3336 4648 3492 4703 super

1896 4740 2028 4780 eam.
2056 4725 2122 4781 Et
2153 4728 2198 4781 si
2229 4742 2361 4780 uxor
2390 4726 2641 4779 dimiserit
2661 4724 2828 4776 virum
2855 4740 3007 4776 suum
3046 4731 3095 4776 et
3118 4722 3212 4776 alii
3235 4726 3489 4793 nupserit,

1895 4818 2203 4873 mceehotur.
2236 4816 2305 4869 Et
2336 4815 2615 4881 offerebant
2646 4814 2725 4867 illi
2751 4815 2991 4883 parvulos
3034 4824 3088 4867 ut
3130 4823 3358 4886 tangeret
3384 4833 3491 4873 eos.

1896 4904 2156 4974 Discipuli
2178 4912 2347 4956 autem
2364 4902 2809 4956 comminabantur
2832 4902 3175 4970 offerentibus.
3213 4905 3355 4972 Quos
3373 4924 3493 4962 cum

1900 4998 2112 5063 videret,
2135 4995 2309 5062 Jesus,
2333 4995 2549 5064 indigne
2570 4996 2708 5062 tulit,
2724 5002 2774 5047 et
2797 4996 2870 5047 ait
2898 4995 3039 5049 illis:
3062 4995 3231 5052 Sinite
3249 5002 3494 5069 parvulos

1897 5090 2067 5145 venire
2086 5088 2154 5141 ad
2182 5102 2282 5152 me,
2308 5094 2356 5138 et
2386 5101 2448 5138 ne
2473 5083 2842 5155 prohibueritis
2887 5101 2971 5139 eos
3001 5101 3019 5139 :
3043 5087 3227 5142 talium
3255 5100 3327 5145 est
3355 5093 3495 5146 enim

1899 5198 2115 5255 regnum
2142 5180 2408 5235 caelorum.
2434 5178 2596 5233 Amen
2624 5178 2739 5231 dico
2768 5177 2930 5245 vobis,
2960 5180 3186 5251 quisquis
3216 5199 3318 5237 non
3354 5199 3495 5237 rece-

1902 5277 2033 5349 perit
2058 5291 2271 5349 regnum
2301 5272 2398 5327 Dei
2423 5272 2559 5327 velut
2583 5272 2859 5342 parvulus,
2885 5288 2988 5327 non
3016 5274 3226 5329 intrabit
3254 5277 3309 5329 in
3335 5276 3489 5330 illud.

1902 5371 1973 5425 Et
1994 5369 2322 5441 complexans
2350 5382 2461 5434 eos,
2489 5375 2535 5421 et
2560 5367 2825 5437 imponens
2852 5382 3038 5422 manus
3059 5385 3213 5439 super
3234 5368 3375 5434 illos,
3409 5368 3495 5421 be-

1900 5462 2163 5519 nedicebat
2193 5475 2275 5514 eos
2307 5475 2324 5513 :
2352 5456 2420 5512 Et
2448 5474 2563 5511 cum
2587 5474 2820 5529 egressus
2852 5468 2981 5512 esset
3013 5459 3066 5511 in
3096 5459 3250 5523 viam,
3277 5473 3495 5527 procur-

1898 5575 2018 5613 rens
2041 5556 2251 5627 quidam
2274 5554 2548 5623 genu/lexo
2569 5561 2688 5607 ante
2709 5569 2844 5617 eum,
2874 5551 3088 5623 rogabat
3120 5567 3253 5617 eum,
3279 5552 3453 5605 dicens
3476 5570 3495 5605 :

1903 5650 2152 5721 Magister
2174 5648 2303 5701 bone
2328 5691 2341 5715 ,
2371 5647 2497 5717 quid
2538 5647 2750 5716 faciam,
2786 5656 2841 5699 ut
2866 5647 3025 5700 vitam
3055 5654 3297 5702 aeternam
3324 5648 3497 5717 perci-

1906 5742 2090 5820 piant?
2114 5740 2268 5800 Jesus
2299 5751 2468 5799 autem
2506 5741 2635 5797 dixit
2662 5742 2708 5798 ei
2741 5756 2757 5794 :
2791 5738 2931 5807 Quid
2974 5757 3053 5797 me
3098 5740 3225 5797 dicis
3269 5740 3499 5799 bonum?

2849 5832 2929 5895 20
