4056 6330
553 229 659 288 619

1585 219 1646 274 s.
1689 214 2076 276 lllERONYMI
2113 214 2395 278 OPERUM
2437 211 2803 284 MANTISSA.

3749 217 3866 278 620

543 347 716 406 Nemo
763 346 923 402 bonus
973 340 1074 398 nisi
1117 351 1252 394 unus
1303 332 1463 388 Deus.
1509 332 1781 408 Prwcepta
1822 333 2003 386 nostis.
2058 333 2141 388 Ne
2168 337 2217 398 Α
2245 347 2474 402 cumque
2499 332 3012 410 dimiserituxorem
3042 334 3669 408 suam,etreliqua.Sed
3704 340 3859 407 quod

545 440 876 506 adulter-eris,
911 450 971 490 ne
1001 430 1230 493 occidas,
1261 445 1320 482 ne
1341 421 1550 498 fureris,
1595 441 1658 478 ne
1689 415 1880 496 falsum
1913 426 2143 478 testimo-

550 537 695 590 nium
721 531 932 596 dixeris,
959 541 1020 578 ne
1046 521 1285 594 fraudem
1309 520 1514 600 feceris,
1543 516 1743 592 honora
1771 529 1970 590 patrem
1997 527 2143 590 luunt

551 636 598 680 et
629 633 858 676 matrem.
887 616 950 670 At
987 615 1077 670 ille
1103 614 1438 686 respondens,
1467 612 1539 666 ait
1565 609 1644 665 illi
1672 626 1689 665 :
1722 609 1993 681 Magister,
2035 610 2145 663 haec

548 715 722 782 omnia
753 709 1008 778 observari
1036 725 1066 760 a
1081 711 1356 780 juventute
1384 721 1518 760 mea.
1543 701 1698 758 Jesus
1736 712 1907 757 autem
1933 703 2144 758 intuitus

545 822 684 871 etim,
719 803 901 858 dilexit
928 816 1066 867 eum,
1099 808 1146 853 et
1171 800 1304 854 dixit
1331 798 1417 852 ei:
1456 795 1627 851 Unum
1658 794 1750 849 tibi
1781 796 1917 850 deest
1947 810 1963 874 ς
1991 795 2142 866 vade,

543 913 878 974 quacumque
915 895 1070 952 habes
1108 892 1288 958 vende,
1314 899 1361 946 et
1390 891 1458 948 da
1485 889 1796 968 pauperibus
1815 933 1830 956 ,
1863 897 1911 944 et
1942 888 2147 943 habebis

546 990 845 1045 thesaurum
870 987 922 1040 in
949 985 1072 1039 coelo
1106 1001 1124 1038 :
1146 994 1190 1039 et
1216 982 1352 1050 veni,
1376 997 1584 1060 sequere
1603 997 1702 1040 me.
1737 980 1844 1047 Qui
1873 981 2149 1036 contrista-

545 1095 624 1137 tus
644 1083 698 1135 in
730 1081 912 1148 verbo,
944 1075 1069 1130 abiit
1113 1091 1346 1144 ptmrens.
1381 1065 1512 1152 Erat
1549 1074 1684 1130 enim
1729 1073 1919 1150 habens
1956 1073 2146 1127 multas

544 1170 912 1245 possessiones.
962 1165 1032 1222 Et
1073 1167 1490 1238 circumspiciens
1527 1163 1714 1232 Iesus,
1759 1165 1833 1222 ait
1877 1163 2148 1233 discipulis

546 1269 691 1321 suis:
723 1259 891 1329 Quam
927 1261 1143 1332 difficile
1186 1260 1272 1330 qui
1303 1259 1548 1331 pecunias
1589 1255 1809 1323 habent,
1841 1257 1897 1311 in
1935 1273 2150 1329 regnum

548 1359 646 1413 Dei
666 1355 950 1412 introibant
969 1354 988 1407 !
1004 1352 1262 1425 Discipuli
1282 1361 1451 1406 autem
1469 1349 1890 1422 obstupescebant
1909 1349 1964 1403 in
1985 1347 2149 1406 verbis

548 1457 678 1526 ejus.
726 1450 790 1504 At
825 1446 979 1504 Iesus
1022 1462 1205 1502 rursus
1245 1445 1596 1516 respondens,
1646 1445 1717 1498 ait
1757 1443 1862 1497 illis
1894 1459 1911 1498 :
1940 1441 2148 1510 Filioli,

548 1562 700 1616 quam
729 1543 936 1613 difficile
957 1551 1030 1602 est
1052 1538 1370 1609 confidentes
1401 1539 1456 1592 in
1487 1537 1720 1614 pecuniis
1740 1536 1794 1592 in
1817 1551 2033 1612 regnum
2056 1532 2151 1590 Dei

549 1623 798 1692 introire!
818 1633 1053 1690 Facilius
1079 1641 1154 1689 est
1183 1630 1435 1686 camelum
1462 1647 1550 1702 per
1573 1633 1805 1702 foramen
1829 1645 1954 1683 acus
1983 1636 2153 1684 trans-

2243 425 2373 480 dicit
2415 425 2626 480 Marcus
2654 443 2664 476 :
2691 424 2888 500 lterum
2933 425 3185 496 discipuli
3215 426 3334 497 ejus
3369 427 3859 498 interrogaverunt

2242 531 2363 573 eum
2396 535 2408 569 :
2440 531 2543 578 non
2575 516 2824 584 discipuli
2856 517 3332 588 interrogaverunt
3369 520 3547 591 prius,
3581 521 3678 578 sed
3716 524 3856 594 pha-

2242 606 2407 662 riszei.
2443 606 2548 663 Sed
2581 607 2817 663 secunda
2849 609 3206 681 interrogatio
3243 611 3311 670 ab
3358 611 3502 680 aliis,
3538 613 3592 669 id
3634 625 3752 680 est,
3784 615 3860 669 ab

2245 697 2523 770 apostolis,
2556 699 2747 763 iterum
2778 699 2917 756 dicta
2945 709 3028 756 est
3055 700 3122 757 de
3151 701 3344 758 eadem
3376 717 3455 771 re,
3487 703 3555 760 de
3582 720 3686 776 qua
3717 706 3856 776 pha-

2246 791 2389 848 risaci
2414 807 2538 856 eum
2563 792 3053 862 interrogaverunt.

2320 879 2387 936 Et
2425 884 2638 939 veniunt
2665 881 2901 940 Iericho.
2947 885 3201 954 Jericho,
3233 888 3381 956 luna,
3425 889 3544 946 sive
3576 889 3858 948 anathema

2247 971 2635 1044 interpretatur
2685 990 2703 1030 :
2754 975 2894 1046 quod
2945 977 3194 1050 congruit
3250 978 3497 1050 passioni
3552 982 3855 1053 appropin—

2248 1066 2457 1136 quanti.
2501 1057 2755 1121 Defectus
2801 1083 3033 1140 namque
3079 1069 3260 1132 carnis
3289 1069 3532 1140 Christi,
3566 1076 3853 1132 neomenia

2249 1157 2333 1215 est
2371 1158 2611 1216 caelestis
2661 1149 2992 1240 Jerusalem.
3037 1143 3193 1220 Unde
3237 1163 3463 1221 Jcricho
3513 1167 3852 1239 deserentes,

2249 1250 2603 1324 Jerosolyma:
2625 1296 2639 1322 ,
2674 1252 2725 1308 id
2755 1264 2838 1309 est
2861 1297 2874 1324 ,
2902 1255 3087 1310 visioni
3115 1257 3258 1326 pacis
3281 1260 3745 1338 appropinquant.

2324 1344 2391 1399 Et
2425 1346 2783 1417 proficiscente
2810 1364 2871 1401 eo
2904 1348 2966 1404 de
2986 1343 3200 1404 Iericho
3228 1361 3274 1404 et
3316 1351 3594 1424 discipulis
3623 1357 3739 1426 ejus
3760 1393 3777 1421 ,
3799 1362 3847 1408 et

2253 1437 2485 1511 plurima
2515 1441 2850 1496 multitudine
2879 1457 2897 1496 :
2919 1441 3065 1510 ﬁlius
3106 1442 3289 1498 Timtci
3336 1444 3644 1503 Bartimazus
3686 1463 3854 1504 arcus

2255 1531 2466 1586 sedebat
2483 1534 2645 1602 juxta
2674 1535 2810 1587 viam
2837 1535 3157 1590 mendicans.
3191 1536 3385 1606 Quinta
3412 1537 3619 1594 decima
3641 1540 3855 1611 virtute

2263 1623 2605 1679 illuminatur
2649 1639 2848 1681 caecus.
2887 1623 3115 1682 Ctecitas
3158 1642 3226 1683 ex
3270 1639 3419 1698 parte
3456 1627 3599 1684 facta
3641 1613 3856 1690 iudzeis

547 1731 651 1798 ire,
684 1744 839 1802 quam
887 1727 1098 1780 divitem
1126 1725 1322 1780 intrare
1356 1724 1409 1778 in
1438 1739 1652 1796 regnum
1683 1723 1801 1778 Dei.
1843 1722 1944 1790 Qui
1982 1721 2146 1792 magis
2176 1714 2224 1776 B
2250 1715 2610 1774 illustrabitur
2657 1717 2708 1772 in
2747 1717 2884 1786 line,
2917 1719 3135 1789 quando
3175 1719 3254 1776 eis
3297 1719 3477 1777 mittet
3506 1720 3685 1800 ﬁliam
3717 1738 3852 1794 pro-

549 1813 965 1886 admirabantur,
990 1820 1213 1874 dicentes
1242 1817 1310 1873 ad
1342 1816 1642 1886 semetipsos
1677 1831 1695 1869 :
1725 1813 1795 1868 Et
1838 1814 1953 1886 quis
1984 1823 2147 1886 potest

547 1916 722 1972 salvus
751 1915 901 1984 ﬁeri?
931 1911 996 1968 Et
1018 1913 1220 1966 intuens
1243 1910 1361 1966 illos
1384 1905 1562 1976 Jesus,
1580 1908 1654 1963 ait
1683 1922 1701 1962 :
1731 1905 1885 1980 Apud
1914 1906 2147 1960 homines

545 2009 865 2087 impossibile
894 2017 990 2076 est,
1016 2006 1108 2062 sed
1139 2022 1241 2060 non
1265 2005 1406 2076 apud
1433 2001 1640 2070 Deum;
1667 2001 1840 2056 omnia
1868 1999 2005 2055 enim
2031 2015 2149 2070 pos-

547 2104 721 2160 sibilia
759 2111 880 2158 sunt
911 2099 1052 2174 apud
1091 2098 1280 2152 Deum.
1325 2095 1395 2164 Et
1431 2097 1579 2167 coepit
1625 2095 1670 2150 ei
1702 2093 1890 2150 Petrus
1932 2093 2102 2166 dicere
2129 2109 2148 2148 :

548 2195 686 2251 Ecce
725 2211 817 2249 nos
861 2192 1153 2248 dimisimus
1193 2189 1403 2256 omnia,
1450 2195 1496 2240 et
1521 2186 1682 2242 secuti
1711 2201 1888 2240 sumus
1925 2193 1994 2240 te.
2040 2183 2148 2239 Re-
2184 2235 2192 2244 ,

549 2287 811 2361 spondens
839 2283 993 2340 Iesus
1037 2284 1158 2336 ait:
1191 2281 1349 2336 Amen
1391 2280 1510 2333 dico
1553 2277 1725 2347 vobis,
1759 2292 1904 2331 nemo
1943 2285 2018 2329 est
2061 2273 2148 2343 qui

554 2380 818 2451 reliquerit
849 2378 1078 2446 domum,
1107 2383 1195 2428 aut
1219 2375 1427 2444 fratres,
1447 2380 1538 2426 aut
1560 2386 1781 2435 sorores,
1810 2378 1900 2423 aut
1923 2378 2148 2440 patrem,

553 2481 644 2527 aut
686 2480 922 2536 matrem,
953 2478 1042 2522 aut
1068 2467 1207 2538 ﬁlios
1228 2506 1242 2533 ,
1275 2474 1366 2520 aut
1393 2480 1544 2537 agros
1572 2471 1782 2535 propter
1809 2479 1906 2529 me,
1943 2471 1990 2514 et
2022 2476 2148 2532 pro-

554 2576 669 2634 pter
702 2561 1064 2632 Evangelium,
1096 2559 1182 2629 qui
1217 2575 1320 2613 non
1343 2556 1556 2628 accipiet
1588 2556 1775 2610 centies
1797 2563 1991 2609 tantum
2013 2568 2149 2606 nunc

553 2662 604 2714 in
637 2657 995 2730 temporehoc,
1015 2653 1280 2724 domos,et
1310 2654 1519 2724 fratres,
1553 2658 1599 2704 et
1623 2665 1848 2716 sorores,
1869 2658 1916 2704 et
1937 2654 2147 2714 matres,

555 2767 602 2808 et
633 2754 789 2818 filios,
823 2760 870 2805 et
893 2767 1046 2823 agros
1069 2764 1183 2802 cum
1204 2745 1662 2814 persecutionibus,
1692 2753 1738 2797 et
1767 2743 1820 2797 in
1849 2741 2038 2798 saeculo
2065 2739 2151 2810 fu-

553 2857 670 2898 turo
693 2845 846 2896 vitam
869 2851 1139 2894 aeternam.
1157 2836 1316 2890 Multi
1331 2844 1499 2889 autem
1517 2843 1667 2888 erunt
1690 2833 1844 2902 primi
1863 2832 2148 2895 novissimi,

555 2949 598 2990 et
626 2934 890 2990 novissimi
916 2931 1094 3001 primi.
1129 2926 1294 2984 Erant
1323 2936 1491 2981 autem
1518 2927 1570 2980 in
1596 2927 1676 2980 via
1701 2924 2032 2979 ascendentes
2059 2920 2151 2978 Ie—

553 3028 900 3097 rosolymam,
932 3034 977 3079 et
1007 3020 1327 3096 prwcedebat
1365 3020 1483 3073 illos
1521 3017 1718 3073 Iesus:
1750 3026 1796 3072 et
1841 3016 2147 3088 stupebant,

2251 1807 2496 1881 phetam.
2553 1805 2716 1864 Juxta
2761 1808 2904 1864 viam
2962 1810 3299 1866 mendicans.
3356 1810 3457 1882 Qui
3511 1809 3851 1884 Scriptorum

2249 1909 2681 1968 conservat,nec
2704 1902 2964 1972 complet,
2980 1902 3134 1978 juxta
3150 1903 3289 1958 viam
3313 1903 3635 1972 mendicans
3656 1905 3850 1962 esurit.

2324 1995 2428 2063 Qui
2451 2014 2565 2051 cum
2595 1997 2848 2064 audisset,
2871 1998 2993 2070 quia
3023 1997 3178 2053 Jesus
3209 1999 3529 2056 Nazarenus
3563 2010 3723 2068 esset,
3755 2018 3851 2056 co:-

2291 2091 2325 2144 it
2349 2089 2577 2144 clamare
2612 2098 2660 2146 et
2690 2090 2902 2145 dicere:
2935 2087 3046 2144 Fili
3079 2089 3247 2145 David
3273 2089 3430 2162 Iesu,
3462 2093 3708 2150 miserere
3732 2094 3846 2156 mei.

2291 2107 2325 2144 tt
2349 2107 2577 2144 clamare
2612 2107 2659 2146 et
2690 2107 2902 2145 arcere:
2935 2107 3044 2144 I'tlt
3079 2107 3246 2145 uavta
3273 2107 3430 2162 .tesu,
3462 2107 3708 2150 miserere
3732 2110 3846 2156 mes.

2249 2107 2354 2237 ζει·
2388 2181 2578 2236 merita
2612 2181 3065 2250 patriarcharum,
3091 2181 3351 2238 Iudaicus
3386 2184 3729 2250 illuminatur
3756 2201 3851 2256 po-

2251 2275 2430 2346 pulus.
2458 2274 2558 2330 Cui
2584 2275 2900 2331 misericors
2935 2285 2990 2332 et
3025 2276 3318 2334 miserator
3347 2277 3610 2342 Dominus
3648 2281 3801 2338 adest
3834 2300 3846 2335 :

2249 2365 2560 2422 ἱΙΙυιι-ιίιιτηις
2588 2382 2788 2437 caecos,
2817 2370 3036 2440 erigens
3063 2369 3260 2439 elisos,
3289 2370 3522 2446 diligens
3554 2387 3848 2454 pauperes,

2249 2458 2564 2514 custodiens
2605 2459 2866 2514 advenas.

2322 2547 2390 2604 Et
2449 2551 2898 2620 comminabantur
2944 2552 3029 2607 illi
3078 2553 3232 2608 multi
3281 2564 3335 2608 ut
3383 2564 3593 2612 taceret.
3645 2557 3710 2634 _At
3761 2558 3852 2612 ille

2247 2641 2410 2697 ‘multo
2433 2643 2600 2715 magis
2622 2643 2879 2697 clamabat
2903 2661 2920 2698 :
2945 2641 3054 2700 Fili
3083 2644 3272 2724 David,
3298 2647 3539 2704 miserere
3567 2649 3687 2702 mei.
3717 2647 3852 2712 Pec-

2249 2745 2366 2791 cata
2413 2744 2466 2790 et
2513 2733 2782 2790 dmmonia
2833 2747 3190 2806 compescunt
3232 2737 3527 2794 clamorem
3573 2741 3849 2811 pauperis,

2249 2841 2409 2898 quem
2450 2826 2724 2882 exaudivit
2765 2827 3050 2885 Dominus.
3096 2833 3166 2885 At
3203 2830 3295 2887 ille
3339 2833 3511 2903 magis
3557 2832 3849 2889 clamabat.

2248 2915 2670 2990 ingravescente
2716 2920 2897 2988 bello,
2941 2938 3137 2979 manus
3182 2922 3250 2978 ad
3282 2923 3518 2995 lapidem
3568 2924 3850 2998 adjutorii,

2249 3009 2355 3068 hoc
2399 3020 2510 3077 est,
2541 3011 2725 3068 Iesum
2770 3009 3108 3071 Nazarenam
3131 3057 3144 3082 ,
3175 3029 3298 3070 cum
3339 3015 3582 3072 clamore
3608 3017 3854 3073 levanda:

556 3134 601 3177 et
643 3129 907 3192 sequentes
941 3114 1205 3171 timebant.
1243 3110 1309 3165 Et
1337 3127 1604 3166 assumens
1634 3112 1823 3164 iterum
1852 3107 2145 3174 duodecim,
2177 3108 2223 3174 (Γ,
2254 3115 2401 3160 sunt.

557 3213 706 3286 cmpit
757 3211 864 3264 illis
908 3207 1079 3260 dicere
1124 3220 1239 3276 qua:
1285 3211 1451 3258 essent
1499 3202 1545 3256 ei
1589 3211 1819 3256 ventura.
1865 3200 2001 3270 Quia
2037 3216 2150 3256 ecce

557 3307 882 3364 ascendimus
925 3300 1340 3371 Ierosolymam,
1373 3304 1418 3351 et
1465 3297 1605 3365 filius
1652 3295 1872 3350 hominis
1920 3295 2152 3350 tradetur

561 3397 881 3472 principibus
907 3393 1255 3462 sacerdotum,
1290 3400 1339 3444 et
1383 3389 1598 3458 scribis,
1641 3397 1687 3442 et
1714 3387 2001 3442 senioribus
2046 3404 2063 3439 :
2106 3397 2154 3442 et

561 3491 880 3545 damnabunt
917 3503 1035 3542 eum
1058 3492 1222 3540 morte
1250 3499 1268 3539 :
1298 3491 1342 3537 et
1365 3483 1570 3536 tradent
1595 3497 1710 3536 eum
1739 3478 1992 3558 gentibus,
2017 3490 2062 3532 et
2091 3478 2155 3533 il-

561 3584 738 3637 ludent
763 3583 832 3648 ei,
857 3589 902 3633 et
929 3587 1211 3648 conspuent
1239 3593 1374 3642 eum,
1397 3585 1445 3632 et
1475 3575 1811 3646 ﬂagellabant
1843 3583 2041 3640 eum,et
2070 3574 2154 3627 in-

564 3673 817 3739 terﬁcient
841 3687 958 3724 eum
999 3687 1018 3724 :
1056 3680 1103 3724 et
1130 3670 1277 3722 tertia
1317 3668 1403 3721 die
1430 3678 1681 3739 resurget.
1715 3666 1781 3721 Et
1811 3668 2062 3722 accedunt
2089 3667 2158 3721 ad

569 3777 683 3817 eum
696 3759 922 3813 Iacobus
940 3771 983 3812 et
1001 3759 1230 3813 Joannes
1245 3758 1340 3829 filii
1356 3755 1838 3826 Zebedari,dicentes
1851 3776 1870 3815 :
1885 3759 2154 3832 Magister,

567 3853 825 3917 volumus,
858 3858 909 3902 ut
947 3851 1304 3921 quodcumque
1344 3850 1664 3920 petierimus,
1695 3851 1863 3921 facias
1896 3853 2059 3908 nobis.
2094 3852 2159 3908 At

571 3946 662 4000 ille
692 3945 824 3998 dixit
865 3944 936 3997 eis
971 3958 988 3996 :
1023 3941 1158 4010 Quid
1198 3939 1350 3996 vultis
1389 3950 1443 3994 ut
1473 3943 1663 4014 furiam
1701 3943 1888 3999 vobis?
1922 3945 1987 3999 Et
2017 3946 2161 4002 dixe-

571 4046 693 4092 rttnt
715 4053 734 4090 :
762 4033 844 4089 Da
873 4034 1018 4089 nobis
1047 4042 1100 4087 ut
1123 4049 1254 4088 unus
1278 4033 1347 4085 ad
1377 4033 1643 4105 dexteram
1674 4042 1840 4104 tuam,
1862 4045 1908 4090 et
1928 4036 2064 4092 alius
2093 4036 2160 4090 ad

573 4130 836 4185 sinistram
860 4136 999 4181 tuam
1026 4124 1293 4180 sedeamus
1317 4126 1369 4178 in
1395 4126 1562 4199 gloria
1585 4137 1694 4181 tua.
1724 4125 1876 4181 Jesus
1898 4139 2069 4182 autem
2089 4130 2161 4183 ait

567 4224 642 4278 cis
665 4238 683 4277 :
715 4220 943 4276 Nescitis
968 4218 1094 4291 quid
1117 4219 1332 4294 petatis:
1361 4219 1566 4286 potestis
1587 4218 1754 4272 bibere
1777 4220 1986 4272 calicem
2013 4236 2161 4290 quem

568 4334 660 4388 ego
690 4314 815 4369 bibo'
834 4331 852 4368 :
883 4323 972 4366 aut
999 4312 1252 4383 baptismo
1275 4351 1290 4377 ,
1323 4326 1425 4381 quo
1455 4327 1549 4383 ego
1592 4311 1846 4382 baptizor,
1875 4311 2163 4383 baptizari?

571 4416 635 4469 At
665 4413 746 4468 illi
785 4412 1025 4466 dixerunt
1067 4409 1114 4464 ei
1141 4425 1158 4461 :
1196 4406 1503 4462 Possumus.
1536 4405 1690 4460 Jesus
1722 4416 1889 4462 autem
1925 4407 1997 4461 ait
2035 4408 2108 4463 eis
2141 4424 2161 4464 :

2325 3197 2394 3252 Et
2435 3208 2576 3254 stans
2612 3196 2765 3254 Iesus
2813 3201 3060 3271 prarcepit
3098 3201 3247 3256 illum
3292 3203 3511 3272 vocari:
3556 3199 3624 3258 Et
3673 3213 3855 3260 vocant

2255 3307 2446 3347 ctecum
2469 3338 2482 3362 ,
2516 3293 2745 3349 dicentes
2777 3295 2824 3348 ei
2859 3311 2876 3348 :
2904 3295 3264 3367 Animazquior
3297 3306 3406 3352 esto
3433 3315 3450 3353 :
3477 3315 3660 3372 surge,
3710 3308 3856 3362 vocat

2254 3391 2301 3434 te
2331 3398 2348 3434 :
2377 3381 2549 3446 Quam
2593 3385 2930 3440 conveniens
2970 3393 3055 3440 est
3100 3387 3236 3442 ordo
3275 3388 3470 3444 salutis
3502 3407 3514 3443 :
3548 3390 3857 3446 audivimus

2256 3473 2452 3542 primo,
2487 3475 2684 3531 deinde
2706 3477 3029 3549 clamamus,
3057 3489 3248 3552 postea
3274 3496 3553 3550 vocamur,
3579 3494 3856 3554 postremo

2257 3567 2550 3636 surgimus.
2601 3568 2866 3624 Audimus
2912 3585 3010 3642 per
3041 3572 3370 3645 prophetas,
3415 3575 3718 3632 clamamus
3761 3571 3857 3648 per

2257 3656 2445 3726 ﬁdem,
2476 3674 2738 3715 vocamur
2764 3676 2862 3732 per
2889 3663 3194 3733 apostolos,
3227 3667 3504 3737 surgimus
3549 3683 3648 3737 per
3677 3670 3854 3738 paeni-

2263 3753 2509 3818 tentiam,
2545 3755 2795 3808 cxuimur
2824 3769 2920 3825 per
2953 3756 3301 3828 baptismum,
3337 3759 3738 3832 interrogantur
3762 3775 3855 3834 per

2259 3843 2615 3901 voluntalem.
2659 3845 2811 3902 Unde
2842 3849 3088 3918 sequitur
3122 3867 3136 3904 :

2335 3937 2436 4004 Qui
2458 3939 2684 4010 profecto
2715 3941 3015 3996 vestimento
3045 3958 3160 4009 suo,
3180 3943 3424 3998 exsiliens
3453 3944 3589 3998 venit
3611 3943 3679 3997 ad
3711 3960 3844 4000 eum.

2269 4032 2335 4087 Et
2369 4036 2684 4106 respondens
2712 4034 2897 4104 Iesus,
2933 4037 3063 4091 dixit
3091 4037 3191 4091 illi.
3226 4038 3458 4094 Exsilire
3483 4037 3666 4094 nudus
3687 4038 3852 4095 veleri

2261 4128 2482 4183 homine
2527 4128 2726 4184 dicitur
2759 4147 2772 4183 :
2805 4141 2862 4185 ut
2905 4129 3165 4186 hinnulus
3212 4131 3415 4196 saliens
3455 4147 3620 4202 super
3659 4133 3845 4200 colles,

2265 4222 2520 4277 exsiliens
2567 4239 2728 4294 super
2759 4233 2970 4280 montes
3015 4241 3027 4280 :
3069 4225 3358 4294 segnitiam
3401 4224 3717 4298 deponens,
3759 4240 3855 4296 pa-

2263 4315 2558 4384 triarchas,
2599 4316 2888 4389 prOphetas
2909 4359 2924 4386 ,
2953 4327 3008 4374 et
3049 4321 3326 4389 apostolos
3368 4319 3420 4376 in
3452 4303 3576 4376 altis
3604 4319 3860 4376 conside-

2263 4421 2423 4473 rans,
2458 4410 2522 4463 ad
2557 4425 2789 4480 superna
2822 4425 2880 4466 se
2916 4411 3180 4466 extendit.

569 4508 794 4564 Culicem
821 4505 1048 4578 quidem,
1083 4517 1231 4580 quem
1259 4517 1351 4572 ego
1393 4500 1527 4569 bibo,
1558 4498 1776 4554 bibetis:
1809 4513 1856 4556 et
1880 4501 2151 4575 baptismo,
2183 4489 2236 4549 Β
2335 4500 2472 4568 Quid
2497 4502 2588 4556 tibi
2610 4504 2684 4557 vis
2712 4503 2946 4574 faciam?
2969 4504 3335 4561 Considerans
3362 4504 3519 4562 Jesus
3547 4514 3862 4582 promptam

566 4616 668 4668 quo
697 4613 788 4668 ego
813 4596 1068 4666 baptizor,
1101 4591 1484 4664 baptizubimini
1507 4606 1525 4644 :
1547 4591 1720 4646 sedere
1742 4602 1910 4646 autem
1937 4594 2005 4646 ad
2033 4595 2158 4650 dex-

572 4704 735 4746 teram
761 4706 944 4756 meam,
977 4688 1055 4742 vel
1076 4688 1144 4740 ad
1175 4686 1460 4742 sinistram.
1495 4703 1598 4741 non
1624 4695 1696 4740 est
1724 4703 1894 4740 meum
1923 4688 2048 4743 dare
2073 4705 2155 4744 vo-

567 4785 661 4849 bis,
695 4782 783 4836 sed
807 4780 989 4848 quibus
1016 4786 1252 4850 paratum
1276 4787 1368 4832 est.
1399 4774 1466 4831 Et
1496 4778 1759 4832 audientes
1779 4778 1972 4850 decem,
1997 4797 2158 4856 (tepe-

565 4885 686 4946 rnnt
710 4873 971 4943 indignari
993 4871 1056 4924 de
1075 4868 1272 4924 Iacobo
1291 4878 1339 4924 et
1359 4867 1582 4924 Joanne.
1606 4869 1762 4924 Iesus
1782 4880 1951 4926 autem
1972 4887 2156 4927 vocans

565 4983 672 5035 eos,
706 4967 778 5018 ait
813 4965 919 5018 illis
957 4981 975 5018 .'
1017 4962 1195 5034 Scitis,
1237 4965 1357 5033 quia
1399 4963 1452 5015 hi
1491 4963 1577 5033 qui
1607 4961 1843 5016 videntur
1870 4963 2155 5038 principari

563 5059 816 5130 gentibus,
852 5059 1181 5130 dominantur
1205 5055 1307 5122 eis,
1340 5063 1387 5109 et
1421 5055 1676 5126 principes
1712 5043 1889 5110 eorum
1927 5063 2155 5128 potesta-

561 5163 663 5214 tein
693 5149 879 5204 habent
909 5151 1160 5222 ipsorum.
1197 5145 1317 5226 Non
1357 5147 1432 5201 ita
1459 5157 1531 5202 est
1565 5156 1738 5202 autem
1773 5147 1825 5202 in
1854 5147 1992 5202 vobis
2015 5163 2033 5200 :
2064 5150 2153 5203 sed

555 5246 862 5318 quicumque
887 5240 1103 5294 voluerit
1127 5240 1242 5312 fieri
1272 5240 1461 5312 major,
1499 5241 1594 5294 erit
1625 5249 1787 5294 vester
1817 5240 2068 5309 minister,
2104 5250 2151 5296 et

555 5339 863 5409 quicumque
891 5331 1109 5387 voluerit
1152 5335 1204 5387 in
1227 5331 1366 5386 vobis
1406 5333 1604 5403 primus
1639 5349 1746 5387 esse
1767 5373 1782 5400 ,
1805 5334 1900 5388 erit
1921 5335 2149 5389 omnium

552 5445 750 5482 servus.
781 5425 923 5481 Nam
949 5434 996 5479 et
1027 5424 1168 5494 ﬁlius
1197 5423 1417 5477 hominis
1444 5441 1546 5478 non
1570 5425 1724 5492 venit,
1753 5433 1806 5477 ut
1829 5425 2151 5481 ministrare-

551 5528 638 5573 tur
662 5520 738 5585 ei,
774 5517 862 5572 sed
897 5526 951 5571 ut
994 5517 1340 5580 ministraret,
1371 5523 1417 5569 et
1459 5519 1603 5571 daret
1641 5516 1867 5570 animam
1896 5534 2044 5573 suam
2070 5537 2150 5574 re-

554 5611 898 5680 demptionem
928 5626 1022 5678 pro
1065 5608 1261 5662 multis.
1303 5606 1360 5662 Id
1402 5616 1522 5676 est,
1567 5609 1636 5665 de
1675 5610 1912 5682 conjugii
1958 5621 2142 5666 statu:

545 5699 688 5758 sicut
726 5714 957 5773 sequens
986 5700 1283 5772 capitulum
1312 5698 1533 5758 indicat.
1567 5699 1635 5759 Et
1662 5700 1794 5758 dicit
1821 5701 1936 5760 illis
1970 5720 1982 5760 :
2015 5701 2146 5774 Qui-

2261 4593 2614 4662 voluntatem,
2647 4595 3010 4665 complctione
3038 4595 3293 4652 desiderii
3334 4605 3666 4654 remunerat.
3703 4596 3866 4654 Unde

2259 4694 2316 4742 et
2338 4685 2472 4742 alias
2499 4685 2631 4740 dicit
2661 4703 2676 4741 :
2719 4687 2891 4742 Omne
2928 4687 3305 4760 quodcumque
3344 4690 3617 4761 petieritis
3658 4690 3714 4748 in
3743 4704 3868 4744 ora-

2253 4779 2428 4841 tione.
2459 4779 2774 4846 credentes,
2803 4781 3105 4851 accipietis.

2332 4870 2511 4926 thcus
2541 4872 2878 4928 autem'dixit
2900 4875 2946 4928 ei
2973 4891 2990 4928 :
3025 4873 3291 4943 Rabboni,
3328 4884 3384 4930 ut
3423 4875 3647 4933 videam.
3680 4875 3865 4936 Unum

2263 4967 2453 5036 petita
2487 4963 2716 5021 Domino
2747 4983 2759 5020 :
2801 4968 2901 5021 lioc
2940 4967 3167 5038 requirit
3205 4976 3263 5022 ut
3304 4966 3485 5023 videat
3521 4968 3861 5040 voluntatem

2261 5055 2473 5125 Domini
2505 5074 2517 5110 :
2548 5066 2603 5112 et
2631 5056 2756 5114 inde
2786 5057 2974 5114 videns
3013 5059 3199 5114 visitet
3230 5061 3490 5131 templum
3531 5057 3668 5128 ejus.
3701 5057 3863 5114 Unde

2260 5149 2505 5220 sequitur
2537 5165 2551 5202 :

2328 5239 2479 5295 Iesus
2516 5249 2688 5295 autem
2714 5241 2785 5297 ait
2821 5239 2900 5295 illi
2931 5256 2947 5294 :
2986 5237 3164 5308 Vade,
3190 5242 3319 5312 ﬁdes
3351 5251 3441 5296 tua
3471 5249 3518 5296 te
3541 5239 3748 5316 salvum
3780 5242 3864 5316 fe-

2257 5335 2345 5389 cit.
2379 5329 2446 5386 Et
2492 5334 2762 5404 confestim
2805 5333 2959 5403 vidit,
2996 5344 3044 5389 et
3085 5334 3388 5405 sequebatur
3428 5350 3541 5389 eum
3573 5333 3627 5387 in
3657 5335 3764 5388 via.
3801 5317 3868 5390 ln

2249 5430 2336 5483 'via
2372 5443 2549 5484 cmens
2571 5427 2934 5498 mendicabat,
2968 5443 3086 5498 qua:
3119 5425 3250 5482 dicit
3287 5446 3301 5482 :
3335 5429 3447 5500 Ego
3474 5443 3596 5484 sum
3623 5428 3730 5510 via,
3766 5441 3866 5484 ve-

2253 5524 2385 5578 ritas
2415 5531 2470 5577 et
2498 5521 2628 5575 vita.
2659 5521 2787 5575 llaec
2815 5529 2900 5576 cst
2929 5523 3010 5576 via
3055 5529 3306 5590 angusta,
3340 5536 3462 5591 qum
3492 5519 3645 5575 ducit
3673 5519 3740 5575 ad
3772 5534 3866 5576 ar-

2252 5603 2355 5669 dua
2386 5612 2764 5682 Jorosolymze,
2797 5623 2851 5667 et
2875 5612 3173 5677 Betltaniae,
3201 5611 3267 5664 ad
3289 5621 3527 5668 montem
3554 5611 3860 5682 Olivarum,

2254 5703 2346 5780 qui
2374 5710 2458 5761 est
2486 5718 2640 5760 mons
2671 5701 2911 5772 luminis,
2945 5712 2998 5762 et
3023 5699 3435 5760 consolationis.
