4030 6202
198 255 298 312 62!

808 380 1039 437 CAPUT
1082 382 1172 438 XI.

268 464 336 518 Et
359 482 475 519 cum
496 470 975 542 appropinquarent
998 474 1343 548 Jerosolymae
1367 488 1417 535 et
1440 479 1705 538 Bethania:
1725 485 1793 539 ad

193 571 417 616 montem
461 564 745 620 Oliuarum.
791 568 920 636 Quae
959 582 1045 626 est
1074 574 1200 627 visio
1230 575 1373 645 pacis
1401 592 1421 630 :
1453 578 1506 633 in
1537 593 1641 649 qua
1673 595 1791 636 ma-

810 263 1356 328 COMMENTARIUS
1396 270 1462 328 ιΝ
1503 273 1953 337 EVANGELIUM
1991 279 2139 338 SE6.
2182 283 2497 345 MARCUM.
2539 290 2692 350 CAP.
2731 295 2825 352 XI.

3379 309 3489 367 622

1815 394 1870 456 Α
1968 391 2037 447 Et
2066 396 2294 451 introivit
2325 397 2706 474 Jerosolymam
2752 408 2807 462 in
2848 412 3126 481 templum,
3172 426 3219 471 et
3260 419 3486 475 circum-

1897 487 2085 554 spectis
2112 489 2381 557 omnibus,
2410 509 2527 548 cum
2548 496 2665 565 jam
2683 512 2891 570 vespera
2916 512 3042 557 esset
3072 507 3222 574 hora,
3268 512 3395 564 exiit
3433 513 3489 568 in

1896 576 2205 635 Bethaniam
2235 600 2350 639 cum
2397 586 2671 645 duodecim
2699 609 2717 647 :
2748 602 2795 646 et
2829 593 2935 649 alia
2962 597 3044 651 die
3072 615 3189 653 cum
3229 606 3426 661 exirent
3452 625 3485 662 a

192 666 283 707 net
315 656 415 711 lixa
444 660 845 733 immobilisquc
874 664 1107 722 felicitas
1133 687 1146 721 :
1187 684 1307 739 qua:
1332 671 1630 728 secundum
1662 690 1795 745 apo-
1893 669 2173 743 Bethania,
2198 679 2394 732 esuriit.
2420 680 2648 755 Cumque
2670 686 2875 742 vidisset
2900 688 3099 765 alonge
3114 694 3267 762 ﬁcum
3288 697 3483 754 haben-

191 749 417 816 stolnm,
438 762 612 807 mater
632 762 717 810 est
735 754 978 812 omnium
1000 759 1361 829 credentium,
1376 773 1435 820 et
1454 763 1595 822 bene
1615 766 1795 824 viven-

193 841 328 897 tium
362 845 413 899 in
443 846 687 906 Christo.

264 932 429 990 Mittit
451 937 582 996 duos
613 958 677 997 ea;
699 943 971 1015 discipulis
1002 948 1129 1013 suis,
1156 957 1203 1003 et
1239 950 1311 1003 ait
1340 950 1447 1006 illis
1474 967 1494 1006 :
1519 949 1602 1007 Ite
1629 953 1681 1006 in
1704 969 1790 1007 ca-

189 1025 394 1082 stellum
416 1034 555 1101 quod
578 1045 759 1090 contra
782 1054 868 1093 ros
896 1048 1002 1094 est:
1024 1050 1073 1095 et
1102 1043 1274 1095 statim
1295 1044 1614 1099 introeuntes
1636 1044 1781 1113 illuc,

190 1120 459 1177 invenietis
495 1125 698 1195 pullum
735 1132 986 1202 ligatum,
1038 1150 1191 1205 super
1232 1150 1381 1203 quem
1417 1152 1563 1191 nemo
1616 1137 1786 1190 adhuc

186 1212 455 1270 hominum
479 1221 609 1274 sedit
634 1238 653 1276 :
692 1226 871 1278 solvite
912 1226 1093 1290 illum,
1123 1236 1171 1280 et
1204 1227 1471 1281 adducite.
1506 1228 1573 1283 Et
1602 1230 1783 1300 siquis

187 1306 327 1360 vobis
359 1310 564 1377 dixerit,
598 1314 726 1381 quid
747 1317 921 1384 facitis
944 1318 970 1368 Ρ
996 1316 1177 1383 dicite,
1209 1319 1332 1387 quia
1354 1318 1578 1373 Domino
1608 1336 1782 1376 neces-

182 1398 355 1451 sarius
385 1410 491 1466 est,
523 1411 575 1453 et
603 1404 843 1457 continuo
883 1405 1037 1459 illum
1076 1407 1298 1461 dimittet
1330 1409 1451 1463 huc.
1494 1409 1560 1464 Et
1588 1410 1781 1465 abeun-

184 1500 291 1557 tes,
323 1493 623 1549 invenerunt
662 1498 865 1569 pullum
910 1500 1127 1573 ligatum
1167 1510 1286 1557 ante
1316 1506 1541 1574 januam
1569 1507 1701 1575 foris
1726 1506 1780 1562 in

185 1584 339 1655 bivio,
367 1596 417 1641 et
444 1590 647 1644 solvunt
688 1607 827 1647 eum.
861 1590 979 1647 Bini
1006 1603 1296 1660 vocantur,
1321 1604 1377 1651 et
1407 1596 1518 1653 bini
1542 1597 1773 1654 mittun-

184 1686 271 1732 tur
299 1678 547 1750 discipuli
570 1680 773 1739 Christi
802 1701 817 1739 :
849 1686 1105 1755 quoniam
1136 1688 1375 1743 Charitas
1397 1703 1505 1747 non
1525 1692 1779 1753 consistit

1895 775 1995 819 tem
2026 767 2177 838 folia,
2222 772 2355 824 venit
2396 774 2440 827 si
2468 776 2594 844 quid
2624 781 2761 844 forte
2788 781 3035 837 inveniret
3075 785 3129 839 in
3160 802 3235 841 ea.
3274 788 3337 841 Et
3368 807 3483 847 cum

1892 859 2109 915 venisset
2138 862 2209 915 ad
2255 880 2399 931 eam,
2452 867 2586 921 nihil
2629 870 2820 925 invenit
2853 874 2952 929 nisi
2984 876 3131 947 folia.
3183 874 3487 935 Non'enim

1889 957 2001 1002 erat
2030 959 2227 1024 tempus
2245 956 2485 1023 ﬁcorum.
2517 958 2581 1012 Et
2604 962 2938 1033 respondens,
2970 966 3103 1020 dixit
3127 968 3175 1021 ei
3201 985 3219 1025 :
3242 967 3365 1024 lam
3383 988 3487 1027 non

1889 1044 2114 1114 amplius
2160 1048 2213 1100 in
2254 1059 2499 1105 internum
2526 1070 2589 1107 ea;
2618 1063 2665 1109 te
2705 1060 2933 1125 fructum
2960 1059 3233 1132 quisquam
3266 1065 3487 1117 mandu-

1884 1144 1984 1193 cet.
2017 1136 2083 1191 Et
2114 1138 2398 1196 audiebant
2437 1144 2684 1216 discipuli
2710 1152 2823 1220 ejus
2853 1166 2873 1205 :
2910 1159 2956 1203 et
2976 1153 3181 1207 veniunt
3211 1153 3483 1226 Jerbsoly-

1884 1245 2042 1283 mam.
2073 1229 2143 1283 Et
2171 1248 2285 1285 cum
2313 1234 2573 1290 introisset
2596 1239 2647 1291 in
2674 1243 2945 1311 templum,
2979 1246 3130 1316 cmpit
3158 1247 3343 1315 ejicere
3366 1265 3486 1303 ven-

1882 1319 2063 1376 dentes
2093 1331 2141 1378 et
2175 1336 2398 1379 ementes
2429 1327 2482 1380 in
2519 1330 2740 1399 templo,
2782 1342 2829 1385 et
2860 1350 3065 1389 mensas
3104 1339 3487 1393 nummularim

1884 1422 2025 1472 rum,
2059 1417 2107 1462 et
2125 1410 2398 1465 cathedras
2422 1414 2751 1469 vendentium
2773 1416 3039 1473 columbas
3069 1423 3265 1476 evertit.
3292 1422 3360 1476 Et
3383 1442 3485 1478 non

1880 1498 2099 1567 sinebat,
2134 1511 2190 1556 ut
2212 1503 2483 1572 quisquam
2518 1510 2830 1576 transferret
2868 1527 2954 1562 vas
2981 1528 3073 1580 per
3111 1514 3391 1583 templum,
3432 1528 3483 1568 et

1876 1588 2119 1657 docebat,
2151 1592 2327 1647 dicens
2356 1595 2430 1649 eis
2452 1610 2491 1649 ξε
2503 1594 2696 1651 Nonne
2724 1600 2975 1671 scriptum
3006 1611 3082 1655 est
3104 1618 3122 1655 :
3151 1607 3274 1674 quia
3300 1607 3483 1659 domus

1881 1684 2131 1740 orationis
2160 1686 2425 1742 vocabitur
2464 1689 2702 1745 omnibus
2738 1693 3020 1763 gentibus?
3067 1692 3165 1749 Vos
3195 1704 3365 1750 autem
3409 1699 3485 1767 {e-

176 1782 299 1824 cum
328 1786 455 1839 uno,
489 1775 631 1831 unde
650 1776 879 1835 dicitur:
905 1778 1001 1833 Vae
1027 1779 1157 1845 soli,
1182 1781 1486 1851 ett-aliqua.
1516 1782 1635 1839 Duo
1654 1784 1782 1841 edu—
1809 1785 1859 1852 Β
1884 1774 2025 1828 cistis
2057 1770 2171 1830 eam
2212 1779 2513 1849 speluncam
2544 1783 2829 1836 latronum.
2878 1784 2992 1851 Quo
3033 1787 3246 1857 audito,
3282 1790 3479 1858 princi-

174 1872 305 1921 cnnt
336 1863 595 1925 Hebraeos
617 1867 685 1924 de
716 1868 979 1941 Egypto.
1006 1870 1123 1925 Duo
1155 1870 1447 1941 deportant
1473 1875 1689 1931 botrum
1712 1876 1781 1932 de

174 1964 327 2011 terra
353 1968 540 2013 sancta
574 1978 587 2013 :
627 1968 685 2014 ut
712 1976 929 2030 semper
963 1963 1238 2031 prtepositi
1274 1964 1605 2035 conjungant
1642 1982 1780 2037 opus

173 2056 230 2101 et
261 2049 549 2106 scientiam
579 2071 591 2104 :
625 2060 680 2107 et
703 2052 811 2107 duo
834 2053 1084 2109 mandata
1108 2054 1177 2109 de
1202 2055 1408 2112 duabus
1431 2058 1632 2117 tabulis
1653 2075 1779 2130 pro-

168 2140 373 2205 ferant,
409 2151 466 2197 et
496 2143 708 2199 duobus
738 2144 979 2201 fontibus
1010 2146 1321 2215 abluantur,
1354 2158 1408 2203 et
1446 2151 1692 2217 abluant,
1723 2161 1777 2207 et

171 2232 387 2289 duobus
427 2236 672 2291 vectibus
716 2252 898 2293 arcam
940 2238 1155 2294 Domini
1204 2248 1423 2309 portent
1472 2257 1485 2293 :
1533 2252 1589 2297 et
1634 2244 1775 2297 inter

172 2327 313 2382 duos
338 2328 620 2383 cherubim
651 2331 819 2385 Deum
852 2342 1218 2402 cognoscant,
1263 2334 1459 2402 spiritu
1497 2344 1551 2390 et
1590 2344 1774 2395 mente

172 2418 492 2487 psallentes.
535 2422 743 2476 Pullum
788 2422 1013 2492 ligatum
1053 2424 1264 2480 ducunt
1308 2434 1363 2481 et
1406 2426 1769 2482 indomitum:

170 2530 337 2584 quem
367 2516 585 2571 solvunt
606 2526 659 2572 et
683 2516 929 2585 domant,
955 2519 1046 2588 qui
1066 2528 1150 2573 est
1176 2519 1406 2588 populus
1431 2518 1671 2589 gentilis,
1703 2520 1770 2573 li-

160 2617 329 2676 gatus
369 2617 497 2663 ante
523 2609 746 2677 ianuam
799 2609 961 2676 ﬁdei,
987 2625 1110 2665 cum
1154 2610 1383 2665 vinculis
1423 2620 1767 2679 peccatorum

166 2714 403 2754 suorum
440 2718 452 2751 :
487 2701 539 2753 in
572 2700 717 2755 bivio
748 2708 1005 2767 stantem,
1052 2702 1105 2757 in
1137 2701 1391 2758 libertate
1420 2702 1637 2757 arbitrii
1664 2703 1766 2758 du-

160 2789 435 2847 bitantem
463 2793 607 2846 inter
634 2792 797 2846 vitam
826 2801 881 2847 et
911 2800 1163 2848 mortem.

241 2885 312 2939 Et
336 2886 548 2951 quidam
574 2888 638 2940 de
664 2887 769 2940 illic
790 2888 1042 2942 stantibus
1071 2888 1308 2943 dicebant
1335 2888 1440 2943 illis
1463 2904 1483 2943 :
1516 2887 1659 2954 Quid
1684 2894 1768 2959 [a-

159 2976 286 3035 citis
326 2977 579 3032 solventes
617 2977 860 3047 pullum?
886 2978 987 3045 Qui
1029 2980 1273 3034 dixerunt
1304 2980 1377 3034 eis
1407 2982 1541 3034 sicut
1570 2996 1762 3049 prcecec

158 3078 319 3139 perat
340 3069 410 3123 eis
437 3068 613 3138 Iesus,
644 3081 691 3124 et
718 3071 1028 3126 dimiserunt
1060 3072 1154 3126 eis.
1184 3071 1253 3124 Et
1283 3073 1538 3126 duxerunt
1565 3072 1767 3141 pullum

1884 1881 1973 1937 pes
2023 1868 2346 1922 sacerdotum
2390 1879 2437 1923 et
2478 1873 2660 1926 scriba:
2699 1877 3025 1947 quaerebant,
3068 1881 3323 1947 quomodo
3369 1899 3486 1937 eum

1885 1956 2180 2027 perderent.
2234 1958 2506 2015 Timebant
2547 1965 2681 2017 enim
2732 1982 2848 2019 eum
2893 1982 2913 2020 :
2956 1972 3199 2038 quoniam
3242 1974 3483 2031 universa

1878 2048 2035 2115 turba
2071 2050 2426 2106 admirabatur
2472 2070 2624 2126 super
2668 2056 2907 2111 doctrina
2947 2061 3082 2129 ejus.
3117 2060 3276 2117 Jesus
3318 2066 3484 2121 intrat

1880 2143 1935 2198 in
1970 2147 2230 2215 templum
2264 2165 2277 2201 :
2310 2164 2535 2218 vespera
2575 2152 2705 2207 exiit
2750 2154 2801 2207 in
2831 2153 3173 2225 Bethaniam,
3199 2173 3321 2213 cum
3349 2160 3485 2216 duo-

1880 2234 2080 2305 decim,
2116 2254 2273 2295 mane
2294 2241 2361 2301 ad
2392 2240 2634 2297 Judteam
2661 2246 2831 2311 venit,
2856 2256 3018 2317 atque
3043 2264 3142 2304 nos
3170 2250 3223 2305 in
3254 2266 3483 2322 veSpera

1876 2327 2067 2395 mundi
2093 2328 2295 2385 visitat.
2324 2333 2585 2387 Esuriens
2614 2334 2876 2393 Dominus
2906 2339 3137 2395 salutem
3169 2341 3472 2412 hominum,

1876 2419 2009 2472 vidit
2040 2435 2069 2474 a
2109 2420 2269 2491 longe
2314 2422 2498 2489 ticum,
2550 2424 2716 2489 foliis,
2758 2442 2867 2482 non
2911 2428 3176 2488 fructibus
3202 2443 3473 2500 ornatam,

1876 2509 1927 2564 id
1959 2522 2062 2579 est,
2114 2528 2442 2585 synagogam
2489 2518 2741 2575 vestitam
2772 2521 3041 2578 mandatis
3083 2522 3387 2592 hominum,
3418 2538 3476 2582 et

1873 2605 2351 2671 superstitionibus
2382 2616 2659 2678 scopatam
2694 2629 2705 2663 :
2755 2614 2842 2667 cui
2883 2614 3113 2685 denegat
3144 2616 3381 2673 fructum
3420 2621 3476 2676 in

1872 2710 2065 2750 mrum.
2112 2696 2239 2753 Inde
2272 2700 2530 2768 templum
2566 2703 2865 2771 ingressus,
2906 2706 3068 2773 ejecit
3093 2709 3391 2765 vendentes
3418 2721 3475 2768 et

1871 2798 2133 2859 ementes,
2166 2802 2220 2847 et
2248 2807 2463 2848 mensas
2489 2802 2542 2848 et
2567 2794 2852 2851 cathedras
2891 2799 3122 2856 evertit:
3153 2801 3205 2855 id
3236 2811 3347 2867 est,
3383 2807 3475 2875 qui

1869 2882 2112 2937 vendunt
2160 2883 2422 2939 honorem
2468 2894 2521 2941 et
2563 2887 2766 2957 gradus
2810 2898 3021 2945 emunt.
3078 2891 3348 2962 Seriptum
3392 2905 3477 2950 cst

1871 2974 2015 3029 enim
2040 2995 2052 3029 :
2084 2973 2285 3031 Domus
2301 2991 2443 3043 mea,
2469 2976 2663 3033 domus
2693 2982 2955 3037 orationis
2985 2984 3295 3051 vocabitur,
3322 2986 3475 3055 juxta

1869 3066 2080 3122 Isaiam.
2100 3068 2208 3123 Vos
2236 3079 2415 3126 autem
2442 3070 2650 3129 fecistis
2674 3088 2790 3139 eam
2820 3076 3133 3145 Speluncam
3158 3078 3430 3134 latronum
3462 3100 3474 3134 :

156 3161 233 3213 ad
260 3158 460 3215 Jesum.
495 3165 574 3217 Ac
600 3161 645 3218 si
675 3162 941 3229 dicerent,
981 3163 1108 3231 quis
1131 3171 1314 3232 potest
1335 3163 1611 3218 dimittere
1634 3178 1762 3233 pec-
1793 3162 1838 3224 C
1866 3158 2025 3230 juxta
2052 3159 2361 3229 Jeremiam.

154 3250 330 3306 cata?

232 3344 310 3399 Et
342 3347 617 3417 imponunt
643 3346 724 3403 illi
752 3348 1049 3403 vestimenta
1069 3364 1186 3415 sua,
1216 3348 1267 3402 id
1290 3357 1403 3415 est,
1428 3348 1619 3403 stolam
1648 3348 1761 3419 pri-

144 3457 307 3497 mam
323 3442 751 3499 immortalitatis
775 3459 869 3513 per
885 3444 1139 3515 baptismi
1154 3453 1492 3500 sacramenta
1507 3443 1759 3499 alierum.

230 3534 307 3589 Et
328 3535 467 3588 sedit
492 3552 649 3606 super
676 3553 813 3606 eum,
840 3538 892 3593 id
917 3548 1020 3605 est,
1053 3539 1103 3592 in
1134 3553 1200 3594 eo
1228 3552 1455 3606 regnare
1477 3538 1674 3608 coepit;
1703 3546 1762 3593 ut

146 3643 278 3683 non
307 3636 501 3696 regnet
524 3637 812 3696 peccatum
843 3630 896 3684 in
927 3630 1125 3685 lasciva
1161 3646 1327 3687 carne
1349 3677 1362 3700 ,
1404 3631 1499 3687 sed
1520 3631 1757 3701 iustitia,

150 3729 214 3775 et
240 3735 380 3788 pax,
410 3728 464 3774 et
489 3721 744 3789 gaudium
778 3722 833 3777 in
866 3722 1070 3791 Spiritu
1098 3734 1311 3780 sancto.

233 3812 398 3867 Multi
436 3824 610 3869 autem
638 3818 937 3871 vestimenta
965 3835 1061 3873 sua
1100 3826 1392 3874 straverunt
1431 3820 1487 3873 in
1525 3819 1629 3873 uia.
1659 3819 1762 3887 Qui

148 3919 294 3964 sunt
317 3909 509 3980 pedes,
530 3911 631 3965 nisi
661 3914 752 3981 qui
786 3921 1020 3981 portant,
1048 3922 1103 3968 et
1127 3914 1354 3969 extremi
1377 3928 1516 3984 quos
1537 3912 1604 3967 ad
1622 3911 1767 3981 judi-

145 4001 405 4057 candum
432 4002 713 4057 constituit
742 4004 1060 4073 apostolus?
1087 4004 1190 4071 Qui
1232 4013 1285 4060 et
1323 4004 1455 4073 ipsi,
1486 4010 1543 4058 et
1577 4004 1623 4058 si
1654 4018 1762 4058 non

146 4104 295 4149 sunt
323 4093 597 4160 deorsum,
628 4097 682 4150 in
723 4111 831 4164 quo
875 4096 1020 4151 sedit
1066 4094 1327 4151 Dominus
1369 4103 1595 4155 :tamen
1640 4109 1763 4152 cum

142 4187 434 4244 militibus
454 4202 482 4241 a
504 4186 710 4245 Joanne
732 4188 1095 4244 instruuntur.

230 4283 341 4337 Alii
371 4291 543 4335 autem
568 4281 775 4352 frondes
800 4281 1063 4336 caedebant
1092 4281 1156 4335 de
1186 4280 1478 4349 arboribus,
1505 4288 1550 4334 et
1573 4288 1766 4335 sterne—

171 4378 302 4430 bant
328 4375 383 4426 in
405 4375 486 4427 via
508 4390 527 4428 :
550 4384 598 4427 et
622 4374 711 4444 qui
738 4373 989 4442 prceibant
1013 4384 1057 4429 et
1080 4374 1168 4443 qui
1193 4373 1547 4441 sequebantur,
1573 4371 1766 4425 clama-

161 4465 295 4517 bant
324 4464 553 4517 dicentes
585 4479 605 4518 :
640 4462 881 4525 Osanna,
912 4464 1201 4520 benedictus
1231 4465 1319 4534 qui
1348 4464 1484 4518 venit
1511 4464 1563 4518 in
1594 4462 1763 4518 nomi-

1942 3250 2009 3305 Et
2038 3268 2156 3306 cum
2191 3270 2399 3324 vespera
2429 3258 2572 3325 facta
2599 3264 2752 3320 esset,
2782 3257 3140 3328 egrediebatur
3162 3259 3224 3313 de
3246 3260 3473 3314 civitate.

1866 3340 2069 3398 Etcum
2100 3360 2252 3399 mane
2284 3348 2584 3415 transirent,
2610 3348 2850 3402 viderunt
2874 3351 3033 3419 ﬁcum
3051 3351 3253 3404 aridam
3274 3356 3470 3423 [actam

1864 3451 1899 3488 a
1928 3436 2211 3493 radicibus.
2238 3438 2307 3492 Et
2335 3437 2438 3493 hoc
2470 3442 2706 3509 proprie.
2737 3440 2867 3495 Post
2894 3456 2954 3496 se
2985 3443 3299 3514 relinquens
3323 3452 3473 3501 tene-

1866 3527 2014 3595 bras,
2048 3539 2105 3585 ut
2135 3530 2217 3584 sol
2246 3530 2299 3584 in
2338 3529 2651 3584 Iudaeorum
2685 3531 2943 3603 cordibus
2984 3533 3369 3603 egrediebatur
3404 3537 3473 3592 de

1865 3621 2085 3676 civitate
2115 3621 2181 3675 ad
2232 3620 2416 3683 aliam,
2471 3635 2594 3690 qute
2635 3630 2718 3676 est
2766 3622 3031 3678 benevola
3083 3634 3141 3680 et
3187 3626 3467 3681 obediens.

1866 3710 2021 3767 Mane
2051 3720 2389 3767 revertentes
2416 3713 2669 3768 viderunt
2694 3715 2853 3769 ﬁcum
2885 3716 3112 3773 aridam.
3134 3717 3345 3776 Occidit
3367 3722 3471 3788 sol,

1868 3806 2046 3859 oritur
2068 3804 2149 3860 sol
2184 3822 2195 3857 :
2230 3804 2320 3859 lux
2348 3804 2527 3867 ablata
2557 3820 2587 3860 a
2615 3806 2831 3877 scribis,
2882 3806 3030 3865 lucet
3079 3809 3131 3865 in
3183 3813 3467 3882 apostolis.

1866 3896 2028 3953 Ficus
2057 3897 2206 3954 arida
2240 3912 2270 3952 a
2302 3899 2597 3965 radicibus,
2642 3916 2913 3971 synagoga
2964 3913 3049 3958 est
3094 3920 3121 3958 a
3150 3903 3304 3975 Cain,
3356 3915 3410 3962 et
3437 3925 3472 3967 a

1868 3990 2106 4059 caeteris,
2138 4006 2166 4045 a
2196 3991 2393 4058 quibus
2422 3991 2599 4047 omnis
2634 3992 2852 4064 sanguis
2902 3995 2972 4051 ab
3015 3994 3152 4051 Abel
3182 4012 3355 4067 usque
3399 4001 3468 4054 ad

1870 4083 2187 4140 Zachariam
2211 4086 2530 4155 requiritur.

1941 4174 2007 4229 Et
2038 4178 2335 4231 recordatus
2367 4176 2555 4233 Petrus
2581 4180 2710 4234 dixit
2727 4180 2774 4235 ei
2810 4197 2827 4235 ε
2866 4179 3053 4250 Rabbi,
3088 4197 3200 4236 ecce
3231 4182 3357 4249 ﬁcus
3383 4187 3473 4238 cui

1869 4268 2215 4336 maledixisti,
2247 4270 2407 4324 aruit.
2434 4269 2501 4323 Et
2528 4275 2838 4343 respondens
2863 4272 2894 4327 ,Ι
2905 4290 3041 4339 esus,
3066 4275 3140 4327 ait
3174 4274 3279 4327 illis
3309 4289 3327 4327 :
3354 4274 3467 4327 lla-

1870 4360 1977 4416 bete
2006 4362 2161 4431 ﬁdem
2182 4361 2280 4418 Dei
2314 4381 2331 4419 :
2362 4364 2552 4420 Petrus
2575 4368 2821 4437 agnoscit
2850 4366 3053 4421 aridam
3084 4376 3138 4422 et
3167 4368 3463 4424 abscissam

1870 4456 2105 4512 radicem
2137 4457 2258 4512 :cui
2281 4459 2525 4514 succedit
2555 4459 2695 4514 oliva
2728 4459 2951 4528 pulchra
2987 4503 3002 4529 ,
3037 4459 3338 4529 fructifera,
3374 4475 3469 4516 vo-

150 4572 222 4611 rte
252 4553 466 4609 Domini
497 4571 516 4608 :
558 4556 881 4613 benedictum
906 4558 1045 4627 quod
1066 4557 1201 4611 venit
1232 4573 1448 4629 regnum
1474 4557 1636 4629 patris
1663 4572 1758 4610 no-
1786 4554 1841 4616 D
1864 4559 1984 4607 cata
2010 4568 2037 4606 a
2068 4552 2319 4610 Domino.
2356 4552 2510 4609 Unde
2532 4555 2799 4623 sequitur.

142 4648 253 4701 stri
269 4645 464 4712 David,
494 4647 707 4701 Osanna
728 4648 783 4702 in
807 4649 1047 4704 excelsis.
1079 4649 1247 4720 Magis
1271 4650 1373 4706 hoc
1399 4651 1462 4704 ad
1492 4650 1758 4706 orandum

148 4752 209 4794 et
264 4748 668 4795 sacramentum
714 4740 982 4810 pertinet,
1030 4757 1191 4811 quam
1236 4741 1304 4798 ad
1352 4744 1753 4799 necessitatem.

144 4834 181 4889 J
192 4832 303 4886 usti
333 4840 393 4885 ut
438 4832 615 4902 palma
644 4832 919 4889 ﬂorebunt
967 4851 980 4889 :
1015 4834 1230 4903 angusti
1263 4834 1317 4889 in
1342 4834 1635 4903 radicibus,
1662 4834 1756 4888 lati

145 4924 209 4979 in
235 4923 467 4979 ﬂoribus
489 4933 546 4980 et
574 4925 838 4981 fructibus
862 4943 875 4979 :
905 4926 1161 4995 quoniam
1192 4926 1362 4981 bonus
1394 4926 1531 4979 odor
1555 4924 1755 4980 Christi

141 5026 282 5071 sunt
316 5034 329 5071 :
359 5025 417 5072 et
443 5026 695 5074 sternunt
724 5020 863 5072 viam
888 5017 1263 5074 mandatorum
1295 5017 1393 5073 Dei
1422 5018 1559 5072 bona
1588 5016 1751 5071 fama.

140 5109 258 5177 Qui
300 5110 598 5179 praeibam,
632 5110 913 5180 propheta:
944 5120 1109 5177 sunt,
1152 5121 1207 5166 et
1254 5109 1346 5180 qui
1387 5109 1757 5180 sequebantur

134 5203 392 5271 apostoli
423 5219 437 5255 :
465 5212 526 5256 ut
553 5201 786 5272 abyssus
814 5203 1074 5275 abyssum
1106 5204 1343 5271 invocat,
1373 5202 1424 5256 id
1447 5210 1550 5268 est,
1576 5201 1659 5256 lex
1686 5200 1762 5257 le—

128 5308 271 5362 gem
304 5293 557 5348 alteram.
590 5293 808 5348 Osanna
831 5334 845 5359 ,
879 5293 933 5349 id
960 5300 1076 5358 est,
1108 5292 1341 5361 salvi/ica
1379 5308 1398 5345 .·
1425 5290 1671 5346 dicentes
1707 5290 1760 5345 in

128 5382 390 5440 excelsis
417 5394 474 5439 et
505 5384 625 5439 imis
661 5401 674 5437 :
708 5395 764 5439 ut
788 5385 921 5455 justi
958 5382 1295 5439 aediﬁcentur
1325 5385 1376 5440 in
1418 5385 1629 5439 ruinam
1660 5397 1756 5436 an-

122 5474 425 5546 gelorum,
462 5486 519 5530 et
554 5477 757 5532 terreni
808 5485 865 5532 et
894 5476 1236 5533 subterranei
1281 5477 1562 5531 salvantur
1590 5476 1657 5529 ab
1691 5490 1756 5530 eo

124 5568 445 5624 Lcnedicto
472 5569 727 5624 vincente
754 5577 812 5625 et
835 5570 1087 5624 veniente
1118 5570 1169 5623 in
1198 5570 1416 5624 nomine
1450 5567 1681 5633 Domini,
1702 5566 1777 5621 id,

124 5672 254 5728 est,
286 5662 468 5731 patris
500 5662 611 5727 sui,
636 5663 894 5729 quoniam
928 5661 1071 5718 ﬁlius
1100 5662 1167 5719 de
1197 5670 1351 5734 patre
1377 5662 1618 5735 suscepit
1655 5674 1757 5718 no-

116 5767 298 5823 mea,
330 5766 385 5813 et
421 5764 583 5824 pater
612 5754 680 5809 de
710 5751 845 5809 ﬁlio.

1937 4645 2096 4701 Amen
2116 4647 2231 4702 dico
2250 4647 2415 4714 vobis,
2443 4649 2567 4717 quia
2589 4650 2899 4719 quicumque
2922 4647 3111 4701 dixerit
3133 4646 3255 4699 huic
3280 4650 3461 4705 monti.

1867 4736 1924 4793 Id
1947 4746 2056 4804 est,
2087 4737 2325 4807 Christo,
2370 4738 2461 4808 qui
2486 4747 2573 4793 est
2596 4753 2752 4793 mons
2783 4751 3039 4794 crescens
3067 4738 3133 4793 de
3160 4738 3337 4809 lapide
3364 4740 3462 4794 ab-

1859 4831 2033 4887 scisso
2059 4831 2182 4887 sine
2209 4832 2484 4886 manibus.

1935 4920 2137 4975 Tollere
2186 4930 2232 4976 et
2274 4922 2474 4974 mittere
2517 4923 2570 4974 in
2620 4937 2785 4988 mare,
2828 4931 2876 4976 et
2920 4937 3023 4976 non
3069 4922 3380 4979 htesitaverit
3408 4926 3462 4983 in

1860 5013 2018 5068 corde
2060 5028 2182 5079 suo,
2222 5011 2313 5065 sed
2354 5010 2651 5080 crediderit,
2684 5012 2807 5081 quia
2847 5011 3208 5084 quodcumque
3248 5016 3463 5085 dixerit,

1862 5108 1977 5177 ﬁat,
2011 5107 2098 5177 ﬁet
2127 5107 2193 5159 ei.
2232 5103 2519 5177 PrOpterea
2550 5106 2664 5159 dico
2702 5104 2844 5159 vobis
2872 5122 2891 5159 :
2925 5107 3098 5161 omnia
3136 5125 3469 5183 quaecumque

1878 5208 2083 5254 orantes
2113 5197 2299 5267 petitis,
2334 5196 2527 5251 credite
2547 5197 2683 5268 fquia
2721 5197 3016 5269 accipietis,
3055 5209 3102 5254 et
3130 5204 3357 5256 evenient
3383 5221 3474 5257 vo-

1867 5292 1962 5346 bis.
1990 5290 2105 5346 Hoc
2138 5288 2339 5345 factum
2376 5296 2492 5355 est,
2526 5290 2745 5360 quando
2773 5289 3033 5344 dixerunt
3064 5293 3291 5361 apostoli
3322 5310 3338 5348 :
3372 5293 3464 5347 Di-

1856 5372 1969 5455 gne
1997 5382 2381 5439 transierimur
2405 5381 2472 5437 ad
2503 5390 2728 5451 gentes,
2775 5384 2907 5453 quia
2932 5396 3031 5439 vos
3057 5383 3305 5454 indignos
3328 5383 3475 5454 judi-

1864 5476 2029 5531 castis
2058 5473 2312 5530 audiendi
2345 5474 2574 5529 verbum
2608 5474 2723 5528 Dei.
2758 5473 3016 5543 Sequitur
3047 5492 3059 5529 :

1937 5566 2004 5621 Et
2036 5584 2149 5621 cum
2178 5567 2380 5621 stabilis
2413 5566 2480 5620 ad
2515 5566 2776 5621 orandum
2799 5609 2814 5635 ,
2844 5568 3089 5623 dimittite
3108 5569 3152 5623 si
3179 5567 3301 5639 quid
3322 5567 3480 5622 habe-

1868 5660 1935 5717 tis
1971 5662 2220 5714 adversus
2258 5658 2533 5729 aliquem:
2561 5668 2617 5713 ut
2658 5668 2704 5714 et
2743 5669 2890 5732 pater
2914 5672 3099 5725 vester,
3141 5662 3225 5731 qui
3263 5661 3313 5713 in
3340 5662 3481 5715 castis

1872 5762 1973 5826 est,
2000 5754 2227 5809 dimittat
2266 5752 2407 5810 vobis
2435 5762 2649 5827 peccata
2679 5762 2869 5810 vestra.
2905 5752 3058 5822 Quod
3084 5754 3127 5809 si
3154 5769 3241 5809 vos
3270 5769 3371 5808 non
3395 5752 3487 5808 di-
