4030 6202
578 257 693 319 625

1643 244 1701 299 S.
1747 238 2129 299 HIERONYMI
2167 228 2456 294 OPERUM
2494 226 2860 288 MANTISSA.

3803 226 3902 291 εει

586 375 874 445 miserim,
897 389 988 430 ηεε
1008 374 1153 441 pum
1179 367 1366 427 mter,
1389 357 1551 429 quiin
1576 353 1719 410 caelis
1746 362 1844 423 est,
1878 354 2097 407 dimittet
2115 367 2195 407 νος
2222 351 2276 412 Α
2299 348 2507 445 dente,_
2532 356 2587 401 et
2626 345 2861 445 austro,
2909 350 2977 445 et.
2999 342 3079 445 ab
3101 336 3397 445 _Aquilo_ne
3432 342 3807 445 venientibus,
3850 356 3903 403 et

593 469 670 522 bis
702 478 924 538 peccata
950 470 1133 518 vestra.
1164 457 1386 526 Septem
1434 464 1623 507 versus
1650 447 1915 503 orationis
1954 445 2198 538 Domini-

594 574 673 615 eae
702 560 919 613 Marcus
946 567 1045 611 suo
1072 563 1226 606 more
1256 549 1311 602 in
1340 560 1444 601 una
1482 542 1731 599 oratione
1755 537 2197 610 comprehendit.

590 653 649 708 ls
675 666 915 721 namque
930 647 1016 705 cui
1037 643 1263 701 dimissa
1290 648 1417 697 sunt
1442 636 1624 694 omnia
1653 656 1664 688 :
1695 634 1825 705 quid
1853 633 2089 703 amplius
2116 645 2201 687 ro-

598 742 772 812 gabit,
804 740 912 795 nisi
938 735 1082 809 quod
1112 738 1429 805 perseveret
1459 731 1513 785 in
1537 742 1630 795 eo,
1662 726 1811 797 quod
1839 722 2119 781 obtinuit?

664 832 735 887 Et
782 834 993 886 veniunt
1032 842 1215 881 rursus
1253 822 1664 892 Jerosalymam.
1709 816 1779 871 Et
1809 833 1927 869 cum
1956 814 2196 869 ambula-

596 938 716 987 rent
742 930 798 983 in
828 926 1040 996 templo,
1065 922 1314 977 accedunt
1341 920 1409 975 ad
1435 933 1551 973 eum
1583 914 1769 970 summi
1808 909 2123 977 sacerdotes,
2150 915 2198 960 et

597 1021 803 1088 scriba,
830 1027 877 1074 et
902 1016 1151 1083 seniores,
1177 1023 1225 1070 et
1245 1014 1424 1068 dicunt
1450 1012 1495 1066 ei
1518 1028 1536 1065 :
1570 1008 1637 1063 In
1666 1024 1769 1078 qua
1799 1011 2048 1075 potestate
2090 1002 2199 1054 lucc

596 1116 730 1189 facis
755 1121 841 1168 :et
854 1112 969 1183 quis
990 1109 1134 1164 dedit
1164 1110 1253 1163 tibi
1276 1108 1407 1161 hanc
1426 1111 1751 1177 potestatem,
1782 1110 1840 1154 ut
1863 1099 1965 1153 ista
1994 1096 2199 1167 facias?

598 1210 754 1267 Iesus
793 1219 969 1266 autem
1006 1202 1347 1277 respondens,
1370 1202 1444 1255 ait
1480 1198 1589 1253 illis
1616 1212 1633 1249 :
1658 1191 2001 1263 Interrogabo
2037 1204 2123 1242 vos
2151 1195 2199 1241 et

592 1322 688 1377 ego
713 1320 875 1358 unum
899 1301 1139 1368 verbum,
1173 1308 1221 1352 et
1261 1291 1567 1365 respondete
1593 1288 1741 1351 mihi,
1788 1293 1833 1339 et
1857 1283 2027 1377 dicam
2060 1279 2199 1377 vobis

591 1369 649 1452 in
677 1411 780 1466 qua
802 1399 1054 1465 potestate
1078 1392 1187 1443 hate
1209 1386 1417 1457 faciam.
1446 1378 1721 1447 Baptisma
1741 1371 2049 1466 cannisde
2071 1369 2197 1466 coelo

594 1459 733 1552 erat,
764 1459 831 1539 an
861 1499 926 1538 ex
955 1479 1288 1535 hominibus?
1317 1473 1643 1543 Respondete
1670 1465 1817 1521 mihi.
1848 1465 1915 1518 At
1942 1462 2021 1516 illi
2053 1459 2197 1529 cogi-

598 1578 779 1633 tabant
805 1589 1001 1640 secum,
1032 1572 1260 1624 dicentes
1286 1584 1303 1620 :
1337 1566 1399 1622 Si
1426 1563 1711 1619 dixerimus
1738 1559 1799 1612 de
1827 1555 1953 1611 caelo
1973 1596 1988 1622 ,
2020 1553 2195 1605 dicet:

596 1686 759 1740 quare
779 1684 899 1737 ergo
920 1680 1025 1719 non
1051 1659 1345 1717 credidistis
1372 1658 1419 1711 ei
1442 1657 1465 1709 ?
1492 1654 1554 1711 Si
1585 1650 1891 1716 dixerimus,
1921 1663 1985 1701 ea:
2026 1643 2193 1740 Itamio

2302 437 2749 495 recumbentibus
2780 451 2907 492 cum
2951 435 3225 492 Abraham
3252 481 3266 505 ,
3318 437 3469 493 Isaac
3523 448 3582 494 et
3627 437 3795 495 Iacob
3848 439 3897 495 in

2301 546 2471 604 regno
2499 532 2614 587 Dei.
2649 531 2748 588 Hic
2776 541 2861 588 est
2886 530 3025 602 lapis
3048 532 3349 603 reprobus,
3389 548 3553 605 quem
3582 543 3760 606 gestat
3800 549 3895 591 an-

2300 625 2484 696 gulus,
2527 624 2863 696 coujuogens
2896 624 2949 679 in
2980 638 3135 680 omna
3169 639 3302 695 pura
3335 639 3535 697 agnum
3567 642 3692 681 cum
3722 641 3891 697 pane:

2301 716 2497 773 [iniens
2528 726 2704 785 vetus,
2755 731 2958 772 novum
3006 714 3273 772 inchoans
3320 716 3753 774 Testamentum.
3803 719 3894 774 llic

2301 819 2528 881 praestat
2556 810 2693 865 mira
2733 810 2789 864 in
2818 808 2995 864 oculis
3039 808 3243 864 nostris
3276 824 3291 862 :
3323 817 3384 863 ut
3429 811 3707 880 topazion.
3752 809 3896 865 Tunc

2301 901 2646 971 interrogant
2691 915 2815 956 eum
2866 899 3093 955 mellitis
3136 898 3322 955 verbis
3359 909 3455 957 :et
3496 902 3896 959 circumdabant

2301 1008 2423 1050 eum
2452 992 2593 1049 sicut
2618 1007 2771 1063 apes,
2819 992 2925 1048 mel
2955 1001 3242 1062 portantes
3272 991 3327 1048 in
3367 1007 3502 1063 ore,
3552 994 3802 1051 aculeum
3842 994 3891 1051 in

2302 1096 2474 1158 tergo,
2504 1086 2747 1144 dicentes
2776 1104 2789 1139 :

2374 1180 2644 1252 Magister,
2677 1182 2865 1235 scimus
2892 1180 3015 1249 quia
3040 1194 3199 1235 verax
3218 1197 3294 1249 es,
3326 1189 3375 1235 et
3409 1198 3513 1237 non
3540 1197 3696 1243 curas
3722 1199 3893 1254 quem-

2300 1290 2458 1344 quam
2487 1290 2506 1327 :
2536 1290 2627 1328 nec
2652 1276 2787 1328 enim
2814 1273 2958 1327 vides
2990 1273 3043 1326 in
3068 1273 3255 1342 faciem
3282 1272 3550 1329 hominum
3576 1291 3595 1330 :
3619 1277 3712 1331 sed
3734 1277 3786 1330 in
3810 1292 3892 1331 ve-

2300 1367 2455 1421 ritate
2484 1367 2614 1421 viam
2646 1365 2740 1421 Dei
2764 1366 2913 1419 doces
2950 1380 2968 1419 :
2999 1365 3119 1419 licet
3147 1365 3275 1419 dare
3304 1365 3547 1420 tributum
3576 1364 3799 1436 Ctesari,
3827 1384 3894 1421 an

2301 1476 2403 1514 non
2431 1460 2711 1514 dabimus?
2740 1459 2845 1525 Qui
2874 1458 3051 1513 sciens
3071 1459 3342 1512 versutiam
3360 1459 3592 1526 illorum,
3626 1460 3706 1513 ait
3737 1460 3848 1515 illis
3879 1474 3897 1515 :

2304 1550 2447 1618 Quid
2496 1567 2574 1605 me
2608 1551 2853 1604 tentatis?
2881 1548 3079 1615 Aﬂ'erte
3122 1549 3246 1603 mihi
3273 1550 3538 1604 denarium
3567 1560 3621 1603 ut
3659 1551 3894 1605 videam.

2301 1642 2367 1696 At
2387 1641 2469 1696 illi
2498 1642 2791 1696 obtulerunt
2822 1640 2889 1708 ei,
2918 1650 2968 1696 et
2990 1641 3065 1696 ait
3089 1640 3236 1694 illis:
3263 1639 3423 1711 Cujus
3446 1647 3523 1694 est
3550 1640 3733 1711 imago
3764 1640 3892 1709 hinc,

594 1730 776 1818 nibus:
805 1730 1041 1814 timemus
1070 1754 1342 1825 papulum.
1387 1749 1577 1803 Omnes
1604 1745 1739 1800 enim
1767 1742 2014 1796 habebant
2030 1737 2197 1791 Joan-
2228 1730 2277 1793 B
2304 1748 2351 1792 et
2373 1737 2678 1806 inscriptio?
2714 1734 2908 1789 Dicunt
2930 1735 2999 1804 ei,
3047 1734 3284 1790 Caesaris.
3333 1732 3679 1825 Respondeas
3722 1742 3894 1787 autem

592 1870 734 1920 nem,
756 1852 877 1922 quia
902 1864 1015 1902 vere
1041 1847 1291 1916 propheta
1337 1846 1485 1893 esset.
1516 1835 1584 1890 Et
1618 1833 1983 1904 respondentes
2024 1828 2200 1883 dicunt

592 1941 724 1999 Jesu
755 1957 774 1995 :
805 1938 1104 1993 Nescimus.
1124 1934 1199 1989 De
1229 1932 1459 1987 lucerna
1490 1925 1658 1983 invidi
1693 1924 2094 1988 obscurantur,
2141 1927 2199 1975 ut

588 2033 837 2089 dicitur:
882 2028 1076 2085 Paravl
1125 2026 1406 2081 lucernam
1455 2019 1674 2079 Christo
1722 2032 1846 2075 meo
1873 2058 1888 2084 ,
1943 2015 2198 2071 inimicos

586 2124 707 2196 ejus
737 2121 957 2180 induam
981 2104 1319 2176 confusiOne.

667 2214 735 2270 Et
765 2212 1084 2287 respondens
1111 2208 1267 2266 Iesus
1289 2251 1303 2276 ,
1340 2207 1413 2260 ait
1440 2205 1549 2259 illis
1581 2219 1600 2258 :
1630 2201 1811 2273 Neque
1836 2218 1931 2273 ego
1966 2200 2083 2255 dico
2109 2216 2198 2253 vo-

593 2309 694 2376 bis,
727 2310 784 2363 in
810 2323 914 2379 qua
943 2312 1191 2377 potestate
1236 2300 1347 2357 haec
1392 2299 1610 2370 faciam.
1646 2296 1745 2352 llic
1778 2310 1901 2351 cum
1932 2307 2195 2365 perverso

589 2399 934 2461 subvertitur
963 2397 1132 2454 Deus.

1198 2470 1427 2531 CAPUT
1460 2470 1576 2526 X11.

656 2598 731 2657 Et
758 2599 910 2667 cwpit
925 2596 1033 2652 illis
1058 2596 1113 2650 in
1143 2589 1403 2666 parabolis
1436 2590 1581 2660 loqui
1611 2602 1629 2642 :
1662 2585 1885 2641 Vineam
1913 2583 2189 2656 pastinavit

584 2695 764 2763 homo,
788 2699 837 2746 et
864 2686 1201 2745 circumdedit
1229 2699 1420 2754 sepem,
1444 2692 1493 2735 et
1519 2680 1651 2751 fodit
1680 2678 1871 2744 lacum,
1894 2686 1941 2731 et
1961 2676 2191 2746 aediﬁca-

583 2788 660 2842 vit
679 2784 888 2850 turrim,
908 2791 955 2837 et
973 2776 1157 2837 locavit
1185 2792 1298 2831 eam
1320 2773 1564 2845 agricolis
1590 2788 1607 2826 :
1630 2780 1679 2826 et
1699 2785 1907 2841 peregre
1928 2770 2190 2840 profectus

584 2886 688 2934 est.
722 2874 790 2928 Et
827 2873 969 2927 misit
1015 2870 1084 2923 ad
1116 2866 1375 2940 agricolas
1414 2864 1471 2918 in
1498 2872 1724 2931 tempore
1762 2876 1964 2915 servum
1993 2875 2011 2913 ε
2045 2867 2099 2913 ut
2126 2858 2189 2913 ab

583 2967 836 3040 agricolis
871 2964 1129 3035 acciperet
1167 2960 1230 3014 de
1259 2959 1432 3028 fructu
1457 2958 1639 3010 vineae.
1678 2954 1778 3021 Qui
1805 2953 2187 3025 apprehensum

589 3076 711 3116 eum
731 3056 1047 3123 ceciderunt,
1069 3062 1117 3109 et
1140 3052 1446 3107 dimiserunt
1472 3062 1711 3103 vacuum.
1746 3045 1813 3099 Et
1836 3046 2022 3098 iterum
2048 3043 2185 3096 misit

2301 1829 2476 1899 Iesus,
2504 1830 2639 1885 dixit
2676 1830 2781 1886 illis
2811 1847 2829 1885 .'
2858 1828 3088 1886 Reddite
3131 1829 3294 1898 igitur
3343 1842 3459 1897 quae
3487 1835 3613 1880 sunt
3644 1823 3887 1893 Ctesaris,

2302 1922 2495 1979 Παῖδανὶ
2519 1938 2537 1977 :
2568 1933 2614 1977 et
2642 1937 2756 1993 qua:
2804 1931 2925 1976 sunt
2966 1921 3083 1987 Dei,
3106 1919 3237 1974 Deo.
3266 1918 3336 1973 Et
3380 1916 3713 1972 mirabantur
3742 1934 3891 1986 super

2302 2032 2382 2072 eo.
2415 2016 2485 2070 Et
2511 2025 2760 2072 venerunt
2787 2015 2857 2069 ad
2882 2030 2999 2070 eum
3030 2012 3341 2079 Sadduccei,
3375 2011 3468 2082 qui
3499 2012 3685 2066 dicunt
3724 2027 3889 2067 resur-

2300 2107 2577 2161 rectionem
2609 2122 2712 2161 non
2755 2121 2863 2160 esse
2893 2122 2906 2159 :
2935 2113 2983 2159 et
3032 2102 3425 2175 interrogabant
3451 2119 3590 2171 eum,
3621 2103 3844 2157 dicentes
3868 2119 3887 2156 :

2302 2196 2576 2268 Magister,
2623 2196 2795 2252 Moses
2838 2196 2984 2252 nobis
3034 2195 3289 2266 scripsit:
3318 2204 3373 2247 ut
3427 2196 3474 2248 si
3521 2195 3672 2264 cujus
3730 2196 3886 2265 frater

2299 2286 2551 2344 mortuus
2568 2290 2749 2358 fuerit,
2777 2300 2826 2345 et
2855 2289 3107 2343 dimiserit
3138 2303 3375 2353 uxorem,
3403 2295 3453 2340 et
3474 2285 3615 2356 filios
3642 2302 3747 2341 non
3770 2286 3887 2341 reli-

2298 2381 2486 2451 querit,
2514 2381 2735 2452 accipiat
2762 2385 2923 2452 frater
2949 2385 3064 2453 ejus
3091 2397 3312 2436 uxorem
3341 2380 3525 2451 ipsius,
3549 2390 3601 2434 et
3617 2381 3886 2435 resuscitet

2295 2490 2467 2529 semen
2493 2475 2644 2544 fratri
2668 2490 2783 2529 suo.
2816 2473 3025 2545 Septem
3055 2490 3180 2546 ergo
3206 2476 3395 2545 fratres
3424 2481 3586 2541 erant,
3616 2483 3663 2527 et
3690 2474 3887 2544 primus

2296 2569 2496 2639 accepit
2526 2584 2765 2635 uxorem,
2797 2577 2845 2622 et
2876 2577 3111 2623 mortuus
3144 2576 3219 2622 est
3248 2584 3351 2623 non
3381 2568 3559 2624 relicto
3586 2568 3817 2623 semine:
3839 2578 3887 2623 et

2294 2664 2551 2718 secundus
2603 2662 2802 2732 accepit
2844 2678 2980 2730 eam,
3012 2671 3061 2716 et
3092 2670 3331 2717 mortuus
3377 2671 3474 2730 est,
3503 2670 3551 2715 et
3576 2677 3670 2717 nec
3695 2663 3792 2717 iste
3809 2678 3886 2716 re-

2295 2755 2444 2825 liquit
2472 2772 2665 2823 semen,
2694 2763 2742 2809 et
2783 2754 2963 2809 tertius
3005 2754 3263 2809 similiter.
3298 2754 3368 2809 Et
3411 2763 3724 2826 acceperunt
3771 2769 3879 2808 eam

2292 2849 2534 2905 similiter
2562 2858 2787 2919 septem,
2820 2856 2868 2902 et
2920 2863 3023 2902 non
3051 2847 3369 2917 reliquerunt
3411 2864 3607 2904 semen.
3653 2848 3886 2903 Novissi-

2291 2961 2377 2997 ma
2404 2954 2578 2999 autem
2619 2945 2848 2999 omnium
2887 2944 3129 3013 defuncta
3177 2952 3251 2997 est
3296 2952 3342 2997 et
3371 2943 3558 2997 mulier
3586 2959 3604 2997 :
3629 2945 3684 2996 in
3714 2958 3884 2997 resur-

2292 3038 2513 3092 rectione
2541 3053 2665 3108 ergo
2693 3053 2811 3091 cum
2830 3037 3398 3107 resurremerint,cujus
3420 3037 3484 3089 de
3502 3036 3586 3090 Itis
3612 3036 3707 3090 erit
3731 3036 3886 3089 uxor?

582 3152 658 3208 αα
696 3150 816 3205 illo;
848 3148 1013 3203 alium
1033 3118 1254 3200 nervum
1297 3157 1316 3195 :
1348 3150 1395 3196 et
1422 3141 1574 3195 illum
1600 3140 1656 3193 in
1697 3138 1865 3208 capite
1892 3138 2191 3191 vulnerave-
2215 3118 2260 3181 C
2294 3128 2508 3199 Septem
2531 3133 2667 3186 enim
2694 3130 2989 3185 habuerunt
3027 3146 3140 3184 eam
3184 3145 3420 3185 uxorem.
3453 3127 3523 3182 Et
3570 3130 3884 3201 respondens

582 3250 733 3309 runt,
760 3250 811 3295 et
833 3236 1155 3295 contumeliis
1182 3233 1487 3302 affecerunt.
1509 3229 1579 3284 Et
1604 3244 1813 3283 rursum
1839 3228 2000 3282 alium
2025 3228 2186 3293 misit,

580 3343 633 3388 et
658 3331 809 3385 illum
835 3330 1135 3385 occiderunt
1161 3342 1182 3381 :
1209 3333 1259 3380 et
1287 3324 1463 3395 plures
1491 3320 1623 3376 alios
1641 3360 1656 3387 ,
1699 3317 1954 3389 quosdam
1988 3316 2189 3371 creden-

587 3435 683 3494 tes,
713 3426 844 3481 alios
870 3440 993 3480 vero
1022 3420 1336 3478 occidentes.
1368 3416 1552 3472 Adhuc
1575 3430 1698 3486 ergo
1727 3428 1892 3466 unum
1917 3410 2108 3465 habens
2135 3410 2193 3478 fi-

586 3518 715 3571 lium
740 3515 1126 3580 charissimam,
1176 3522 1225 3565 et
1252 3509 1404 3565 illum
1432 3508 1575 3563 misit
1603 3505 1672 3560 ad
1711 3521 1797 3559 eos
1828 3503 2185 3571 novissimum,

588 3606 807 3657 dicens:
836 3609 956 3674 quia
982 3603 1353 3657 reverebantur
1388 3599 1554 3666 filium
1578 3612 1767 3651 meum.
1805 3592 1988 3650 Coloni
2014 3602 2189 3647 autem

594 3696 837 3747 dixerunt
881 3694 949 3746 ad
979 3694 1194 3746 invicem
1223 3707 1242 3745 :
1269 3689 1376 3744 Hic
1412 3698 1487 3742 est
1512 3689 1671 3743 hatres
1694 3733 1707 3756 ,
1754 3686 1943 3752 venite,
1975 3684 2188 3739 occida-

591 3798 710 3837 mus
739 3797 879 3845 eum,
903 3790 950 3835 et
982 3790 1160 3834 nostra
1190 3780 1290 3833 erit
1321 3778 1614 3832 lnereditas.
1645 3777 1713 3829 Et
1744 3774 2189 3847 apprehendentes

592 3890 733 3944 eum,
767 3872 1097 3937 occiderunt,
1130 3879 1177 3925 et
1203 3871 1459 3941 ejecerunt
1490 3878 1637 3923 eatra
1660 3871 1878 3925 vincant.
1906 3867 2047 3936 Quid
2068 3883 2189 3937 ergo

586 3966 744 4037 faciet
768 3964 1025 4019 Dominus
1052 3964 1245 4019 vincte?
1270 3962 1453 4017 Veniet
1484 3972 1531 4017 et
1560 3963 1736 4034 perdet
1761 3961 1996 4027 colonos,
2021 3969 2068 4013 et
2096 3960 2191 4012 da-

596 4059 670 4113 bit
704 4060 905 4113 vineam
934 4058 1074 4113 aliis.
1112 4056 1224 4111 Nec
1248 4057 1560 4128 scripturam
1595 4058 1730 4108 hanc
1758 4054 1953 4126 legistis
1984 4070 2002 4106 :
2022 4052 2187 4123 Lapi-

588 4152 707 4207 dem
727 4166 877 4221 quem
906 4148 1305 4221 reprobaverunt
1336 4149 1651 4217 aediﬁcantes
1670 4190 1683 4215 ,
1715 4146 1799 4198 hic
1830 4149 1999 4215 factus
2032 4153 2105 4196 est
2134 4143 2189 4194 in

589 4254 747 4316 caput
772 4244 955 4313 anguli
980 4260 995 4296 :
1027 4260 1059 4297 a
1086 4241 1315 4297 Domino
1338 4242 1535 4311 factum
1560 4250 1632 4295 est
1663 4239 1825 4308 istud,
1856 4250 1905 4293 et
1925 4251 2000 4296 est
2028 4250 2189 4296 mira-

589 4337 687 4391 bile
716 4336 769 4390 in
790 4334 954 4390 oculis
984 4334 1199 4388 nostris.
1234 4331 1303 4385 Et
1346 4331 1641 4401 quwrebant
1671 4346 1789 4384 eum
1816 4340 2013 4403 tenere,
2043 4345 2089 4389 et
2120 4335 2187 4387 ti-

586 4436 823 4483 muerunt
847 4425 1072 4481 turbam.
1092 4424 1452 4496 Cognoverunt
1476 4423 1611 4476 enim
1629 4423 1875 4492 quoniam
1896 4424 1965 4477 ad
1986 4440 2069 4479 eos
2094 4442 2187 4496 pa-

582 4522 817 4581 rabolam
842 4520 977 4575 hanc
1004 4493 1215 4573 dixerit.
1252 4516 1319 4569 Et
1355 4516 1535 4570 relicto
1564 4516 1659 4570 illo
1686 4516 1948 4572 abierunt.
1977 4517 2045 4572 Et
2067 4493 2186 4574 mit-
2212 4493 2266 4555 D

587 4624 701 4670 tunt
736 4614 804 4669 ad
833 4630 949 4668 eum
976 4610 1236 4682 quosdam
1261 4624 1324 4663 ea:
1350 4607 1625 4680 pharisazis
1668 4618 1713 4662 et
1747 4608 2069 4665 Herodianis
2088 4652 2102 4679 ,
2130 4619 2189 4667 ut

586 4724 705 4763 eum
735 4713 981 4776 caperent
1006 4704 1059 4757 in
1076 4702 1248 4757 verbo.
1286 4700 1388 4766 Qui
1408 4700 1664 4755 venientes
1693 4700 1870 4755 dicunt
1894 4704 1959 4757 ei.
1986 4700 2183 4771 Homo,

586 4797 732 4853 Deus
758 4793 960 4851 dicitur
990 4801 1147 4863 pater
1193 4792 1431 4849 humano
1475 4788 1691 4847 ali‘eetu.
1748 4790 1943 4859 Vinea,
1990 4792 2184 4849 domus

587 4886 753 4944 Israel
784 4896 891 4945 est.
946 4885 1127 4956 Sepis,
1180 4892 1263 4940 est
1308 4880 1557 4939 custodia
1590 4883 1926 4954 angelorum.
1985 4884 2180 4953 Lacus,

590 4988 675 5034 est
721 4979 807 5035 lex
844 4996 857 5034 :
895 4978 1097 5047 turris,
1157 4975 1418 5047 templum
1450 4992 1463 5029 :
1497 4977 1753 5047 agricola:
1777 5017 1793 5044 ,
1846 4976 2180 5033 sacerdotes.

588 5070 960 5141 Peregrinatio
993 5070 1109 5138 Dei,
1146 5070 1369 5125 libertas
1411 5077 1495 5124 est
1539 5070 1715 5124 nostri
1762 5070 1997 5124 arbitrii.
2027 5070 2183 5126 Servi

586 5163 763 5232 missi,
789 5162 1090 5234 prophetae.
1125 5162 1356 5218 Fructus
1375 5162 1569 5231 vincat,
1597 5161 1927 5217 obedientia.
1952 5163 2027 5217 De
2056 5177 2183 5233 pro-

587 5256 765 5329 phetis
796 5255 889 5310 alii
927 5254 1076 5323 cmsi,
1109 5256 1201 5311 alii
1233 5256 1529 5322 vulnerati,
1563 5255 1655 5310 alii
1700 5256 1868 5311 occisi
1912 5265 2058 5311 sunt.
2091 5254 2183 5311 Fi-

582 5351 689 5406 lius
717 5346 1073 5406 charissimus
1101 5357 1155 5404 et
1186 5348 1536 5415 novissimus,
1579 5347 1896 5419 Unigenitus
1922 5360 2026 5405 eSt.
2075 5348 2182 5405 Ve-

584 5444 849 5499 rebuutur
878 5441 1052 5497 lilittm
1086 5456 1281 5496 meum.
1323 5440 1425 5495 Per
1464 5441 1693 5498 ironiam
1734 5443 1837 5498 hoc
1860 5442 2076 5498 dicitur.
2114 5442 2182 5498 Et

581 5536 863 5605 ejecerunt
889 5549 1013 5589 eum
1061 5540 1215 5589 extra
1241 5534 1475 5601 vineam,
1512 5532 1563 5588 id
1592 5542 1696 5602 est,
1741 5540 1894 5589 extra
1942 5534 2177 5604 plebem,

586 5626 832 5681 dicentes
865 5642 879 5679 :
913 5624 1050 5690 Quia
1079 5622 1452 5679 Samaritanus
1488 5638 1577 5693 es,
1626 5633 1681 5680 et
1718 5624 2041 5679 daemonium
2079 5624 2177 5678 ha-

594 5712 712 5771 bes.
762 5715 929 5771 Datur
959 5712 1122 5770 vinea
1151 5713 1304 5785 aliis,
1338 5713 1390 5771 id
1418 5724 1519 5784 est,
1566 5715 1633 5772 ab
1678 5714 1897 5773 Oriente
1938 5726 1991 5773 et
2028 5715 2183 5773 Orci-

2291 3222 2470 3291 Iesus,
2503 3226 2575 3279 ait
2600 3224 2711 3279 illis
2741 3240 2759 3278 :
2792 3224 2982 3279 Nonne
3002 3225 3119 3278 ideo
3148 3226 3356 3290 erratis,
3381 3239 3487 3278 non
3512 3225 3736 3279 scientes
3757 3224 3884 3277 scri-

2291 3331 2472 3388 pturas
2526 3334 2690 3386 neque
2731 3319 2973 3371 virtutem
2992 3316 3133 3371 Dei?
3161 3315 3291 3370 Cum
3322 3316 3462 3370 enim
3490 3332 3525 3369 a
3559 3316 3781 3370 mortuis
3802 3332 3883 3370 re—

2289 3412 2626 3472 surrexerint,
2652 3421 2816 3477 neque
2861 3410 3073 3477 nubent,
3104 3424 3267 3478 neque
3312 3408 3568 3462 nubentur
3595 3423 3615 3460 :
3638 3407 3729 3463 sed
3764 3416 3882 3461 sunt

2290 3500 2423 3553 sicut
2452 3500 2623 3570 angeli
2654 3500 2707 3553 in
2737 3499 2902 3553 caelis.
2935 3498 3092 3555 Mala:
3128 3496 3397 3568 siquidem
3441 3496 3805 3567 cogitationes
3830 3495 3886 3551 in

2290 3592 2397 3648 ima
2430 3602 2592 3649 terra:
2613 3600 2951 3662 merguntur,
2979 3591 3107 3661 quia
3134 3590 3203 3646 de
3229 3591 3361 3661 ipsis
3383 3599 3611 3657 exeunt,
3638 3599 3696 3647 et
3720 3590 3775 3645 in
3798 3605 3885 3645 ea-

2290 3686 2412 3743 dem
2444 3688 2640 3742 iterum
2681 3686 3005 3741 ccenositate
3030 3684 3339 3741 volvuntur.
3371 3683 3524 3751 Quod
3547 3682 3756 3739 Judaeis
3776 3682 3884 3739 evi-

2292 3779 2484 3835 denter
2519 3778 2738 3845 accidit,
2767 3793 2889 3833 cum
2919 3777 3219 3848 hlaSphemi
3256 3777 3309 3831 in
3346 3776 3658 3831 innocentis
3690 3775 3884 3832 Christi

2292 3888 2486 3930 cruore
2518 3872 2717 3928 versati
2757 3881 2905 3927 sunt.
2940 3871 3239 3941 Respondit
3276 3869 3405 3935 illis,
3437 3869 3733 3940 imaginem
3768 3868 3883 3925 Ca:-

2292 3966 2430 4021 saris
2476 3963 2833 4030 habentibus,
2887 3978 3165 4018 nummum
3221 3970 3468 4017 coactum
3517 3962 3756 4027 Caesari,
3790 3976 3883 4017 vos

2290 4058 2440 4129 ipsos
2466 4058 2700 4113 libenter
2723 4057 2836 4112 Deo
2877 4055 3109 4111 reddite.
3141 4053 3425 4125 Signatum
3466 4063 3555 4109 est
3590 4069 3759 4125 super
3786 4068 3884 4110 nos

2290 4148 2476 4205 lumen
2506 4149 2684 4205 vultus
2713 4148 2829 4214 Dei,
2863 4164 2969 4202 non
2997 4146 3250 4203 Caesaris.
3285 4145 3351 4200 Et
3392 4146 3622 4201 veniunt
3661 4147 3728 4202 ad
3759 4161 3882 4202 eum

2292 4238 2599 4309 Sadductei,
2633 4249 2687 4294 et
2706 4238 2934 4309 reliqua.
2963 4238 3037 4293 De
3066 4238 3166 4293 hac
3196 4238 3498 4308 quaestione
3523 4237 3660 4292 alias
3699 4237 3886 4308 dispu-

2289 4332 2525 4388 tabimus
2559 4332 2686 4387 :hic
2718 4330 2876 4386 nobis
2903 4347 3010 4385 non
3033 4340 3116 4385 est
3143 4345 3274 4386 cura
3315 4330 3526 4386 erroris
3561 4331 3749 4387 alieni.
3780 4331 3887 4388 Sed

2288 4424 2435 4495 quod
2467 4432 2629 4479 erunt
2674 4423 2923 4479 homines
2960 4420 3103 4480 sicut
3128 4423 3310 4494 angeli
3354 4421 3472 4491 Dei,
3506 4422 3559 4478 id
3589 4434 3698 4492 est,
3724 4438 3888 4480 nemo

2292 4517 2365 4573 ibi
2388 4516 2636 4584 moritur,
2667 4531 2828 4572 nemo
2865 4516 2938 4572 ibi
2980 4517 3220 4573 nascitur
3247 4534 3260 4572 :
3292 4530 3395 4571 nec
3424 4517 3625 4583 infans,
3660 4531 3764 4573 nec
3792 4532 3886 4573 se-

2290 4623 2417 4665 nex.
2441 4607 2631 4663 Mulier
2659 4606 2861 4662 sterilis
2884 4622 2991 4663 non
3014 4608 3332 4678 relinquens
3355 4622 3540 4664 semen
3569 4622 3637 4663 ex
3669 4618 3885 4677 septem

2290 4702 2549 4758 fratribus
2593 4702 2890 4758 novissime
2920 4702 3161 4758 moriens
3192 4700 3364 4771 :quid
3395 4700 3540 4756 aliud
3583 4700 3882 4771 signiﬁcat,

2290 4810 2452 4866 quam
2483 4794 2764 4851 Judaicam
2796 4810 3127 4866 synagogam
3151 4794 3421 4860 relictam,
3443 4793 3596 4864 quasi
3612 4802 3888 4849 mortuam

2288 4903 2318 4942 a
2352 4888 2546 4957 spiritu
2576 4887 2899 4958 septilormi,
2935 4888 3029 4956 qui
3065 4896 3273 4957 septem
3322 4887 3658 4957 patriarchas
3693 4886 3888 4957 imple-

2294 4980 2531 5046 vit?Qui
2572 4996 2680 5036 non
2727 4979 3063 5049 reliquerunt
3111 4995 3296 5037 semen
3340 4981 3391 5037 ei
3439 4977 3701 5048 Abrahae,
3740 4980 3887 5051 quod

2291 5075 2553 5130 estJesus
2579 5073 2849 5130 Christus.
2875 5073 3028 5130 Licet
3068 5076 3211 5131 enim
3241 5088 3376 5144 puer
3417 5079 3571 5127 natus
3619 5082 3707 5128 est
3752 5073 3886 5140 illis.

2291 5167 2448 5222 nobis
2476 5176 2654 5223 tamen
2677 5167 2926 5239 gentibus
2954 5166 3112 5223 datus
3142 5176 3248 5223 est.
3282 5168 3413 5233 Qua:
3442 5165 3639 5221 mulier
3668 5178 3887 5223 mortua

2291 5268 2409 5314 erat
2432 5258 2650 5314 Christo
2681 5278 2695 5314 :
2728 5275 2829 5315 nec
2850 5260 3101 5330 cuiquam
3135 5259 3457 5330 patriarcha:
3484 5257 3555 5314 de
3584 5268 3796 5329 septem
3828 5261 3886 5317 in

2289 5351 2691 5407 resurrectione
2719 5351 3095 5422 eonjungetur.
3128 5351 3369 5422 Septeno
3397 5364 3632 5420 namque
3654 5367 3884 5407 numero

2287 5440 2616 5494 universitas
2649 5440 3009 5509 perfecturum
3037 5441 3282 5511 signatur
3311 5456 3326 5493 :
3360 5450 3417 5495 ut
3439 5455 3595 5496 versa
3635 5442 3756 5497 vice
3789 5457 3887 5512 per

2287 5532 2478 5587 Isaiam
2515 5530 2713 5588 dicitur
2742 5549 2755 5586 :
2786 5534 3211 5605 Appreheudent
3237 5541 3443 5603 septem
3490 5533 3757 5589 mulieres
3803 5534 3887 5589 vi-

2286 5637 2405 5677 rum
2434 5636 2624 5687 unum,
2656 5624 2706 5679 id
2750 5634 2855 5693 est,
2888 5634 3095 5694 septem
3126 5622 3405 5691 Ecclesiae,
3429 5637 3567 5693 quas
3610 5624 3880 5681 Dominus

2289 5730 2427 5773 unus
2451 5723 2616 5787 amat,
2644 5714 2819 5789 arguit
2848 5726 2902 5776 et
2928 5717 3170 5787 castigat,
3198 5713 3426 5773 adorant
3454 5728 3579 5773 eum
3603 5731 3714 5774 uua
3737 5716 3867 5776 ﬁde.
