4030 6202
189 308 292 369 625

801 305 1348 368 COMMENTARIUS
1388 307 1454 366 IN
1500 304 1951 367 EVANGELIUM
1988 306 2141 365 SEC.
2185 306 2497 367 MARCUM.
2540 309 2692 367 CAP.
2738 312 2853 368 ΧΠ.

3373 320 3484 380 626

186 424 278 481 Hac
308 430 437 480 sunt
474 430 686 496 septem
724 431 926 494 sporta:
950 424 1288 495 :fragmentis
1337 440 1537 495 panum
1579 427 1777 497 plenae.
1805 426 1856 486 A
1884 423 2070 494 spinas
2093 431 2306 479 vestras
2333 425 2435 481 sub
2459 426 2747 482 maledicto
2775 428 3112 499 germinatas
3140 437 3434 507 assumpsit
3464 458 3475 496 :

185 516 382 583 Panes,
416 517 587 573 verba
615 523 744 573 sunt
772 515 1005 586 Spiritus
1034 518 1229 574 sancti.
1269 517 1482 589 Sportze
1512 534 1644 576 vero
1672 520 1781 575 Ec-

184 607 386 664 clesitn.
415 608 567 676 Quos
603 622 770 678 panes
799 606 962 663 Iesus
992 608 1322 666 benedicens
1364 608 1547 681 fregit,
1576 621 1633 666 et
1669 611 1782 666 dis-

182 699 348 769 cipuli
376 699 497 770 ejus
523 698 832 756 diviserunt
860 701 1036 757 turbae
1069 719 1080 754 :
1110 701 1238 758 dum
1279 702 1371 759 die
1412 703 1647 775 septimo
1688 705 1783 762 be-

183 791 399 848 nedixit
428 794 613 849 omnia
644 808 811 864 opera
844 808 965 859 sua,
998 796 1358 867 requiescens
1394 798 1450 852 in
1492 798 1594 855 eis.
1627 798 1782 856 Unde

182 884 303 940 luce
346 883 487 942 facta
522 886 724 956 "primo
772 886 881 953 die,
912 888 1003 959 qui
1034 898 1118 944 est
1160 892 1463 960 sapientize,
1496 901 1550 949 et
1598 893 1780 949 firma-

181 982 365 1030 mento
398 975 452 1030 in
481 977 742 1047 secundo,
772 979 865 1049 qui
892 988 976 1035 est
1005 980 1315 1037 intellectus
1346 1001 1358 1035 :
1391 993 1444 1038 et
1482 984 1631 1038 arida
1664 995 1779 1039 ter-

180 1069 279 1137 tio,
313 1070 401 1139 qui
432 1078 519 1125 est
542 1071 755 1126 consilii
790 1090 801 1124 :
827 1080 880 1126 et
903 1072 1263 1128 luminaribus
1285 1074 1527 1130 accensis
1558 1084 1773 1144 quarto,

179 1177 304 1232 qua:
331 1172 459 1218 sunt
496 1164 728 1221 virtutes
758 1172 850 1219 :et
887 1164 1201 1219 volatilibus
1239 1166 1592 1236 piscibusque
1620 1166 1776 1222 factis

176 1251 393 1322 quinto,
421 1269 540 1324 quae
570 1264 697 1310 sunt
728 1254 971 1309 scientiae
1004 1272 1019 1309 :
1051 1263 1105 1310 et
1140 1257 1319 1311 anima
1348 1256 1564 1311 vivente
1591 1266 1771 1325 sexto,

178 1342 232 1397 id
256 1351 363 1408 est,
398 1344 619 1400 homine
650 1344 716 1399 ad
749 1346 1039 1415 imaginem
1070 1346 1163 1400 Dei
1191 1346 1359 1413 facto,
1377 1347 1520 1417 quod
1549 1356 1631 1402 est
1660 1348 1773 1418 pie-

177 1434 308 1488 tatis
341 1450 354 1487 :
385 1435 617 1503 septimo
645 1435 733 1491 die
763 1436 958 1505 spiritu
991 1437 1205 1493 timoris
1244 1438 1482 1504 Domini,
1526 1440 1620 1509 qui
1650 1456 1775 1511 per-

177 1534 365 1580 manet
396 1533 615 1581 sanctus
648 1527 701 1581 in
732 1527 991 1583 saeculum
1030 1528 1237 1596 saeculi,
1264 1536 1321 1585 et
1361 1531 1536 1601 replet
1583 1531 1771 1586 orbem

176 1624 470 1683 terrarum,
490 1625 675 1673 sancta
705 1618 951 1687 repletur
980 1619 1246 1685 Ecclesia,
1283 1635 1386 1675 non
1420 1621 1629 1678 habens
1661 1637 1773 1678 ma-

171 1708 353 1764 culam
405 1725 579 1781 neque
615 1728 827 1782 rugam.
858 1712 967 1767 Cur
1014 1721 1195 1768 autem
1240 1714 1483 1770 Ecclesia
1516 1716 1773 1785 septifor-

1883 516 2161 587 inquiens,
2190 517 2334 571 Deus
2396 517 2689 587 Abraham,
2721 529 2775 575 et
2823 521 2969 576 Deus
3016 522 3187 592 Isaac,
3221 537 3277 582 et
3329 528 3476 586 Deus

1882 607 2053 665 Jacob
2082 626 2095 662 :
2129 618 2211 664 ter
2247 609 2416 664 Deum
2446 611 2804 680 nominando,
2830 612 3153 671 Trinitatem
3182 617 3473 677 intimavit.

1882 700 2002 757 Non
2029 709 2114 757 est
2139 701 2281 757 Deus
2304 710 2667 772 mortuorum,
2686 703 2781 760 sed
2801 704 3078 762 vivorum.
3103 707 3282 765 Unum
3308 712 3478 770 Deum

1882 793 2109 861 iterans,
2140 808 2305 850 unam
2336 796 2699 851 substantiam
2726 796 3017 867 significat.
3041 796 3242 855 Vivunt
3261 810 3468 869 autem,

1882 888 1975 958 qui
2008 886 2357 943 vindicabant
2386 890 2699 958 portionem
2726 904 2886 959 quam
2919 890 3201 961 elegerant
3232 910 3244 945 :
3277 896 3477 951 mortui

1880 993 2012 1034 vero
2040 987 2189 1045 sunt,
2214 979 2306 1049 qui
2335 980 2482 1049 quod
2509 980 2945 1047 vindicaverunt,
2974 982 3352 1052 perdiderunt.

1952 1070 2023 1124 Et
2049 1073 2260 1126 accessit
2290 1088 2422 1125 unus
2447 1073 2512 1126 de
2533 1072 2839 1140 seribis,qui
2867 1072 3105 1128 audierat
3130 1076 3251 1130 illos
3264 1079 3480 1148 conqui-

1878 1170 2083 1227 rentes;
2110 1172 2161 1215 et
2180 1162 2361 1216 videns
2384 1164 2630 1232 quoniam
2667 1163 2788 1217 bene
2810 1163 2918 1218 illis
2944 1167 3287 1236 responderit,
3316 1170 3477 1224 inter-

1876 1253 2079 1324 rogavit
2107 1268 2244 1316 eum,
2276 1252 2414 1320 quod
2460 1260 2590 1306 esset
2618 1255 2845 1323 primum
2884 1258 3114 1309 omnium
3141 1260 3472 1313 mandatum.

1874 1343 2028 1399 Jesus
2048 1351 2227 1399 autem
2250 1344 2519 1415 respondit
2546 1345 2592 1397 ei
2621 1361 2639 1398 :
2664 1347 2787 1415 quia
2816 1347 3046 1417 primum
3068 1352 3301 1405 omnium
3321 1369 3473 1407 man-

1881 1437 2065 1490 datum
2091 1444 2165 1489 est
2192 1452 2209 1490 :
2236 1434 2401 1503 Audi,
2430 1434 2621 1503 Israel,
2652 1435 2916 1491 Dominus
2964 1438 3105 1494 Deus
3164 1450 3307 1510 tuus,
3338 1443 3474 1497 Deus

1875 1543 2009 1582 unus
2036 1536 2132 1582 est.
2165 1524 2235 1579 Et
2264 1524 2454 1596 diliges
2480 1526 2760 1580 Dominum
2780 1526 2947 1581 Deum
2976 1536 3118 1582 tuum
3138 1547 3201 1583 ex
3228 1538 3336 1586 toto
3358 1548 3475 1586 cor-

1875 1622 1937 1675 de
1960 1630 2070 1684 tuo,
2099 1627 2145 1672 et
2174 1634 2239 1672 ex
2280 1626 2387 1672 tota
2424 1618 2601 1672 anima
2630 1628 2745 1686 tua,
2775 1627 2823 1673 et
2852 1635 2914 1674 ex
2935 1626 3043 1674 tota
3080 1630 3250 1676 mente
3280 1632 3389 1690 tua,
3422 1632 3470 1677 et

1874 1729 1939 1766 ex
1960 1720 2066 1765 tota
2093 1710 2279 1764 virtute
2301 1710 2545 1765 tua.Hoc
2571 1719 2646 1765 est
2665 1712 2891 1781 primum
2914 1714 3244 1773 mandatum.
3270 1716 3473 1772 Secun-

168 1798 299 1865 mis,
326 1799 379 1855 id
410 1809 512 1866 est,
553 1802 816 1871 perfecta,
854 1804 1052 1857 timore
1099 1804 1378 1873 repletur?
1404 1804 1538 1872 Quia
1586 1808 1767 1876 justus
1798 1805 1847 1865 B
1874 1804 2001 1858 dum
2029 1806 2197 1856 autem
2224 1804 2394 1856 simile
2418 1813 2493 1857 est
2525 1804 2607 1857 illi
2630 1821 2646 1858 :
2674 1804 2877 1875 Diliges
2894 1808 3186 1876 proximum
3204 1820 3351 1864 tuum
3371 1813 3475 1865 sic-

169 1889 265 1943 vix
293 1891 616 1959 salvabitur,
645 1893 735 1962 qui
760 1904 917 1963 rogat
949 1912 962 1948 :
997 1893 1067 1948 Et
1086 1909 1193 1948 non
1225 1897 1396 1951 intres
1426 1896 1477 1949 in
1507 1896 1773 1965 judicium

88 2046 97 2049 ν
172 1994 306 2034 cum
356 1996 516 2037 servo
545 1991 662 2051 tuo,
696 1983 924 2038 Domine
957 1985 1121 2055 :quia
1150 2000 1260 2039 non
1298 1984 1683 2054 justiﬁcabitur
1720 1990 1770 2045 in

165 2081 475 2142 conspectu
506 2082 599 2130 tuo
628 2077 808 2131 omnis
829 2077 1037 2133 vivens.
1066 2077 1220 2133 Unde
1245 2078 1332 2133 liis
1365 2088 1575 2149 septem
1602 2083 1773 2152 quali-

166 2166 383 2221 tatibus
419 2167 645 2237 spiritus
688 2170 1009 2239 psalterium
1050 2172 1309 2237 cantavit,
1332 2184 1771 2231 commemorans

165 2254 224 2311 in
270 2271 363 2322 eo,
386 2260 527 2328 quod
557 2260 885 2331 negligentia
918 2269 1102 2316 nostra
1136 2263 1417 2331 pepererit
1449 2264 1619 2333 :quid
1649 2264 1773 2320 dili-

164 2347 357 2417 gentia
379 2350 657 2418 quaesierit
689 2352 860 2422 :quid
905 2352 1085 2406 divina
1136 2353 1481 2423 providentia
1525 2358 1772 2413 contule-

166 2441 245 2494 rit
271 2458 287 2494 :
319 2441 446 2512 quid
476 2443 683 2499 inimici
715 2445 995 2515 instigatio
1020 2446 1377 2516 fraudaverit,
1412 2448 1539 2518 quid
1569 2449 1773 2506 oblivio

163 2532 386 2589 lubrica
424 2537 793 2594 subtraxerit:
827 2538 955 2609 quid
999 2538 1234 2593 humana
1282 2540 1544 2610 fragilitas
1576 2542 1771 2597 intule-

163 2624 243 2679 rit
270 2642 285 2680 :
313 2627 443 2696 quid
465 2628 769 2698 ignorantia
802 2628 1110 2698 improvida
1135 2629 1415 2685 fefellerit.
1447 2631 1647 2687 Omnes
1668 2632 1769 2689 hos

161 2723 393 2784 septem
427 2717 654 2774 allectus
682 2719 735 2773 in
768 2719 999 2774 Psalmis
1031 2719 1336 2776 invenimus
1373 2735 1683 2791 expressos,
1710 2730 1770 2777 ut

161 2815 259 2863 est
291 2807 423 2863 illud
456 2808 662 2879 primus
696 2827 709 2864 :
742 2809 1001 2881 Concepit
1027 2809 1295 2877 dolorem,
1329 2821 1384 2867 et
1420 2812 1631 2883 peperit
1659 2814 1767 2867 ini-

162 2901 465 2971 quitatem.
497 2901 817 2958 Secundus:
845 2904 1093 2959 Prmveni
1123 2902 1177 2957 in
1209 2903 1548 2971 maturitate,
1576 2912 1632 2960 et
1660 2905 1771 2960 cla-

166 2993 345 3048 mavi.
373 2992 588 3048 Tertius
614 3011 628 3048 :
660 2993 868 3049 Incerta
894 3004 947 3050 et
973 2994 1187 3050 occulta
1217 2994 1503 3065 sapientiae
1530 3006 1634 3052 tuae
1654 3013 1765 3053 ma-

164 3084 445 3140 nifestasti
472 3086 623 3141 mihi.
650 3086 887 3154 Quartus
913 3104 924 3140 :
950 3086 1161 3141 inimici
1189 3088 1296 3142 mei
1319 3089 1561 3144 animam
1587 3106 1766 3147 meam

1875 1904 1934 1949 ut
1993 1902 2039 1947 te
2079 1892 2269 1964 ipsum.
2307 1891 2485 1964 Majas
2514 1893 2701 1947 horum
2730 1896 2881 1949 aliud
2904 1899 3213 1955 mandatum
3243 1917 3344 1955 non
3370 1912 3467 1956 est.

1876 1985 2008 2052 Quae
2038 1991 2122 2038 est
2166 1983 2282 2038 haec
2324 1984 2979 2054 quaestio'problematis,
3012 1990 3157 2057 quod
3202 2001 3286 2047 est
3314 2006 3469 2048 com—

1878 2089 2049 2130 mune
2074 2072 2331 2128 omnibus
2360 2072 2551 2141 peritis
2581 2071 2635 2127 in
2670 2074 2814 2144 lege,
2845 2075 2948 2129 nisi
2979 2076 3125 2145 quod
3173 2078 3387 2136 diversa
3410 2082 3468 2138 in

1876 2166 2107 2232 Exodo,
2159 2173 2213 2220 et
2257 2163 2524 2231 Levitico,
2570 2175 2627 2221 et
2670 2165 3105 2224 Deuteronomio
3146 2170 3471 2228 ordinantur

1874 2257 2171 2315 mandata?
2195 2256 2354 2313 Unde
2380 2272 2487 2312 non
2505 2273 2699 2323 unum,
2716 2258 2813 2314 sed
2836 2259 2944 2315 duo
2972 2261 3158 2317 intulit
3182 2265 3471 2322 mandata:

1875 2350 1943 2405 de
1974 2348 2058 2403 his
2086 2348 2288 2403 etenim
2318 2346 2533 2403 duobus
2564 2348 2828 2404 uberibus
2856 2363 3025 2421 super
3044 2362 3273 2422 pectora
3302 2367 3466 2425 spon-

1873 2458 1949 2499 sae
1971 2441 2219 2510 elevatis,
2249 2450 2437 2497 nostra
2465 2441 2631 2497 alitur
2663 2441 2911 2499 infantia.

1947 2535 2015 2589 Et
2037 2536 2106 2588 ait
2128 2534 2207 2587 illi
2232 2534 2403 2588 scriba
2426 2550 2442 2587 :
2471 2533 2628 2600 Bene,
2652 2535 2921 2605 magister,
2948 2539 3005 2591 in
3031 2538 3241 2594 veritate
3267 2540 3467 2611 dixisti,

1872 2626 1995 2697 quia
2020 2641 2157 2680 unus
2185 2634 2258 2679 est
2287 2624 2452 2693 Deus,
2480 2636 2530 2679 et
2583 2642 2687 2681 non
2726 2636 2801 2682 est
2842 2627 2979 2683 alius
3022 2640 3209 2701 praeter
3237 2648 3372 2687 eum.
3398 2633 3469 2688 Et

1873 2729 1929 2774 ut
1978 2718 2236 2790 diligatur
2269 2733 2331 2773 ex
2366 2725 2474 2773 toto
2506 2719 2686 2786 corde,
2709 2728 2755 2772 et
2786 2736 2849 2774 ex
2878 2730 2983 2776 toto
3010 2722 3297 2789 intellectu,
3326 2734 3375 2780 et
3401 2743 3469 2781 ex

1874 2819 1981 2865 tota
2010 2812 2209 2877 anima,
2239 2818 2286 2863 et
2316 2825 2380 2863 ex
2409 2818 2514 2863 tota
2559 2810 2869 2880 fortitudine
2901 2828 2919 2865 :
2956 2822 3006 2865 et
3037 2813 3255 2884 diligere
3281 2818 3436 2886 proxi

1872 2920 2011 2958 mum
2042 2912 2302 2972 tamquam
2327 2902 2555 2971 seipsum
2583 2906 2755 2975 majus
2798 2913 2875 2957 est
2922 2905 3160 2961 omnibus
3190 2906 3438 2963 holocaus

1873 2994 2169 3057 tomatibus,
2214 3001 2262 3045 et
2308 2992 2607 3062 sacriﬁciis.
2660 2990 2814 3047 Jesus
2857 3004 3030 3049 autem
3087 2996 3264 3051 videns
3319 3015 3455 3064 quae

1872 3084 2137 3155 sapienter
2187 3083 2566 3153 respondisset,
2601 3082 2733 3136 dixit
2775 3083 2855 3137 illi
2888 3100 2906 3137 :
2952 3084 3077 3139 Non
3130 3103 3182 3140 es
3231 3089 3383 3160 longe
3429 3109 3461 3144 a

162 3176 675 3232 circumdederunt.
701 3178 969 3243 Quintus:
995 3177 1265 3233 Oblivioni
1292 3177 1453 3234 datus
1474 3194 1592 3235 sum
1626 3192 1764 3237 tam-
1796 3176 1842 3240 C
1874 3194 2033 3251 regno
2062 3176 2179 3231 Dei.
2209 3174 2280 3229 Et
2310 3192 2457 3230 nemo
2481 3177 2597 3246 jam
2625 3177 2847 3231 audebat
2876 3193 2997 3231 eum
3021 3178 3362 3251 interrogare.
3396 3182 3460 3235 Et

162 3270 618 3335 quam'mortuus
641 3282 669 3319 a
697 3267 883 3322 corde.
913 3266 1150 3323 Sextus:
1180 3267 1445 3335 Quoniam
1472 3270 1641 3327 lumbi
1666 3275 1771 3331 mei

161 3357 390 3428 impleti
423 3368 550 3413 sunt
579 3357 947 3414 illusionibus.
980 3358 1255 3428 Septimus
1282 3376 1295 3412 :
1335 3360 1544 3415 Delicta
1578 3362 1773 3432 juven-

163 3451 311 3507 tutis
346 3466 509 3518 meae,
534 3459 589 3507 et
630 3451 965 3521 ignorantias
1004 3464 1152 3506 meas
1189 3465 1256 3506 ne
1291 3452 1630 3519 memineris,
1664 3455 1770 3511 Do-

161 3542 350 3597 mine.
373 3541 527 3609 Quos
557 3541 784 3598 alleCtus
816 3543 1038 3612 spiritus
1067 3542 1401 3613 septiformis
1430 3545 1691 3600 emundat
1714 3555 1769 3602 et

162 3632 496 3687 illuminat:
525 3642 586 3688 ut
625 3643 836 3704 septem
886 3634 1124 3689 lucernae
1162 3634 1232 3690 ab
1270 3644 1458 3690 austro
1487 3636 1763 3705 ardentes,

160 3724 526 3793 aquilonares
568 3725 843 3780 tenebras
867 3726 1144 3795 expellant
1196 3726 1251 3781 in
1277 3727 1632 3783 tabernaculo
1663 3729 1769 3785 Do-

162 3816 337 3871 mini.
374 3816 613 3885 Spiritus
638 3817 918 3887 sapientite
956 3818 1009 3872 in
1064 3818 1218 3887 pigro
1258 3819 1643 3889 negligentiam
1686 3838 1769 3877 re-

160 3907 352 3977 pellit.
380 3906 616 3976 Spiritus
652 3907 959 3963 intellectus
990 3907 1322 3979 diligentiam
1371 3910 1769 3965 rationabiliter

163 3998 396 4070 quaerit.
426 3998 663 4068 Spiritus
683 3998 921 4063 consilii,
951 3998 1189 4053 divinam
1222 3999 1616 4069 providentiam
1641 4015 1771 4069 pru-

162 4094 379 4148 denter
408 4092 629 4146 invenit.
666 4091 900 4162 Spiritus
943 4091 1161 4147 virtutis
1203 4091 1587 4161 instigationes
1618 4092 1771 4145 forti-

167 4192 263 4238 ter
293 4182 556 4237 retundit.
588 4182 820 4252 Spiritus
841 4181 1110 4248 scientiae,
1143 4180 1475 4236 oblivionem
1506 4181 1768 4237 lubricam

161 4276 415 4345 diuesse
432 4274 641 4345 integre
667 4290 775 4330 non
799 4275 952 4330 sinit.
985 4273 1218 4344 Spiritus
1236 4274 1453 4344 pietatis
1480 4274 1771 4330 humanam

164 4344 533 4434 fragilitatem
583 4366 885 4420 clementer
932 4363 1196 4433 indulget.
1255 4363 1489 4433 Spiritus
1556 4364 1772 4420 timoris

162 4456 273 4512 Dei
309 4455 672 4526 improvidam
709 4456 1069 4526 ignorantiam
1108 4455 1367 4510 ardenter
1398 4456 1678 4526 decoquit,
1707 4472 1771 4513 ac

1874 3269 2189 3340 respondens
2237 3265 2410 3333 Iesus,
2444 3267 2643 3321 dicebat
2690 3268 2878 3322 docens
2930 3269 2985 3321 in
3029 3270 3223 3337 templo
3264 3286 3283 3324 :
3318 3271 3460 3338 Quo-

1873 3363 2026 3416 modo
2056 3361 2235 3413 dicunt
2262 3359 2473 3426 scribae,
2506 3358 2767 3413 Christum
2794 3359 2963 3427 ﬁlium
2986 3376 3097 3415 esse
3130 3362 3306 3415 David
3324 3364 3350 3417 ?
3376 3363 3455 3435 Ip-

1872 3468 1926 3506 se
1954 3451 2087 3506 enim
2116 3449 2284 3502 David
2311 3449 2445 3501 dixit
2474 3449 2529 3501 in
2558 3448 2764 3516 Spiritu
2789 3459 2967 3504 sancto
2986 3465 3003 3501 :
3023 3450 3175 3504 Dixit
3202 3453 3461 3510 Dominus

1872 3544 2095 3597 Domino
2130 3557 2264 3606 meo,
2290 3540 2410 3594 sede
2436 3556 2467 3591 a
2511 3540 2707 3593 dextris
2742 3542 2868 3594 meis
2903 3556 2923 3594 :
2952 3542 3115 3597 donec
3143 3554 3333 3615 penam
3363 3550 3462 3603 ini-

1872 3618 2037 3690 micos
2082 3644 2194 3688 tuos
2228 3630 2513 3686 scabellum
2547 3631 2735 3703 pedum
2758 3634 2781 3685 ?
2804 3632 2925 3703 Ipse
2956 3650 3078 3705 ergo
3110 3636 3300 3707 David,
3330 3642 3466 3697 dixit

1872 3743 1985 3781 eum
2014 3724 2318 3789 Dominum,
2343 3732 2389 3776 et
2419 3723 2556 3776 unde
2580 3731 2652 3776 est
2682 3723 2828 3793 ﬁlius
2853 3728 3003 3796 ejus?
3032 3725 3096 3781 Et
3117 3730 3282 3784 multa
3312 3734 3465 3791 turba

1873 3833 1993 3873 eum
2018 3815 2236 3869 libenter
2264 3798 2494 3867 audivit;
2512 3812 2580 3867 Et
2611 3814 2811 3868 dicebat
2859 3817 2933 3869 eis
2962 3818 3015 3870 in
3051 3818 3291 3875 doctrina
3320 3840 3413 3878 sua
3444 3841 3466 3880 :

1874 3910 2057 3963 Cavete
2086 3922 2118 3960 a
2155 3904 2358 3973 scribis,
2388 3905 2476 3974 qui
2498 3903 2677 3957 volunt
2708 3904 2761 3958 in
2791 3905 2940 3961 stolis
2967 3908 3263 3978 ambulare,
3302 3923 3349 3967 et
3378 3931 3463 3968 sa-

1874 4001 2033 4056 lutari
2060 4000 2112 4053 in
2138 4000 2274 4067 foro,
2304 4005 2350 4050 et
2380 3997 2435 4050 in
2461 3996 2642 4067 primis
2673 3996 2934 4054 cathedris
2957 4001 3132 4055 sedere
3163 4004 3217 4058 in
3237 4021 3463 4077 synago-

1873 4093 1974 4165 gis,
1995 4100 2041 4145 et
2065 4090 2262 4161 primos
2288 4086 2577 4142 discubitus
2606 4088 2661 4141 in
2688 4090 2864 4155 caenis,
2885 4091 2974 4160 qui
3001 4092 3252 4147 devorant
3282 4092 3463 4150 domos

1873 4185 2149 4238 viduarum
2178 4181 2270 4235 sub
2303 4180 2512 4235 obtentu
2543 4180 2761 4251 prolixa:
2803 4184 3054 4239 orationis
3084 4201 3103 4238 :
3135 4186 3188 4240 hi
3212 4187 3465 4257 accipient

1874 4274 2131 4346 prolixius
2150 4272 2435 4344 judicium.
2466 4272 2645 4340 Quare
2688 4287 2796 4329 non
2843 4282 2929 4330 est
2974 4276 3155 4347 longe,
3188 4280 3279 4349 qui
3310 4283 3463 4338 venit

1874 4365 2102 4421 callide?
2133 4365 2370 4435 Longior
2388 4378 2624 4435 namque
2642 4373 2724 4419 est
2755 4366 3062 4435 ignorantia
3092 4382 3120 4420 a
3143 4383 3313 4439 regno
3340 4370 3460 4438 Dei,

1875 4474 2035 4531 quam
2066 4458 2315 4513 scientia.
2351 4456 2505 4512 Unde
2532 4472 2697 4527 supra
2733 4456 3055 4513 Sadducaeis
3077 4459 3149 4515 ait
3183 4476 3197 4514 :
3230 4459 3463 4531 Erratis,

162 4549 341 4618 plene
366 4548 563 4618 replet.
595 4548 872 4619 Sapientia
903 4547 1125 4603 domum
1158 4547 1389 4602 aedificat
1419 4565 1430 4601 :
1461 4548 1771 4605 intellectus
1796 4544 1851 4604 D
1882 4553 2077 4624 inquit,
2102 4552 2409 4609 nescientes
2435 4550 2748 4621 Scripturas
2776 4564 2954 4619 neque
2976 4550 3230 4605 virtutem
3256 4552 3373 4608 Dei.
3402 4553 3468 4609 Et

162 4639 550 4710 gubernacula
581 4639 788 4694 invenit
821 4657 834 4693 :
865 4639 1156 4695 consilium
1177 4640 1318 4694 bona
1347 4638 1579 4696 discreta
1606 4640 1769 4695 facit:

164 4736 352 4785 virtus
380 4729 434 4784 in
465 4729 725 4800 patientia
747 4731 983 4785 animam
1011 4729 1291 4800 possidet:
1317 4730 1547 4786 scientia
1569 4731 1775 4787 divitia:

163 4819 311 4876 ﬁdei
340 4828 394 4876 et
422 4820 618 4877 salutis
643 4822 1017 4892 acquiruntur.
1050 4822 1253 4876 Pietate
1278 4824 1615 4892 prosperitas
1638 4839 1776 4891 prae-

164 4915 356 4969 sentis
390 4913 517 4968 vita:
558 4924 613 4969 et
660 4914 860 4968 futurae
904 4913 1176 4969 consistit.
1222 4900 1445 4968 Timore
1497 4914 1777 4972 humilitas

167 5016 567 5070 conservatur,
621 5012 677 5059 et
724 5018 888 5059 omne
944 5013 1229 5073 peccatum
1280 5002 1591 5073 espellitur.
1638 5006 1777 5072 Quia

163 5095 401 5151 initium
428 5095 711 5166 sapientia:
734 5097 895 5152 timor
926 5096 1139 5152 Domini
1172 5106 1277 5152 est.

247 5189 338 5242 De
366 5192 583 5244 mortuis
632 5198 828 5259 autem,
852 5191 989 5260 quod
1039 5198 1331 5261 resurgant,
1366 5205 1471 5243 non
1501 5190 1696 5261 legistis
1724 5192 1779 5247 in

160 5286 321 5341 libro
351 5283 489 5338 Mosi
531 5299 687 5352 super
715 5287 923 5353 rubum,
954 5282 1213 5352 quomodo
1257 5283 1446 5336 dixerit
1492 5282 1571 5336 illi
1616 5284 1779 5353 Deus,

162 5377 423 5447 inquiens
454 5391 472 5427 :
500 5374 617 5447 Ego
647 5392 760 5429 sum
792 5376 933 5429 Deus
962 5376 1247 5443 Abraham,
1279 5384 1327 5429 et
1362 5376 1503 5429 Deus
1532 5373 1709 5444 Isaac,
1734 5386 1781 5431 et

160 5472 336 5526 Deus
368 5467 557 5522 Jacob.
602 5467 725 5522 Non
754 5476 829 5522 est
863 5467 1002 5520 Deus
1034 5475 1379 5536 mortuorum,
1409 5468 1501 5520 sed
1530 5468 1780 5522 vivorum.

168 5562 301 5617 Vos
334 5578 455 5633 ergo
495 5559 722 5613 multum
768 5560 975 5614 erratis.
1010 5560 1063 5614 ltt
1104 5574 1211 5630 quo
1240 5570 1323 5615 est
1351 5560 1653 5616 similitudo
1696 5576 1786 5616 vc-

181 5664 324 5711 stra
350 5667 365 5703 :
394 5654 447 5706 in
481 5665 589 5722 quo
616 5651 753 5721 ignis
784 5651 1026 5716 ardebat,
1051 5653 1144 5706 scd
1171 5668 1277 5706 non
1311 5652 1428 5721 ejus
1459 5652 1641 5721 spinas
1663 5668 1791 5709 con-

174 5748 478 5807 sumebat.
516 5746 608 5806 Sic
648 5760 747 5805 vos
789 5745 1085 5804 inflammat
1128 5749 1399 5823 eloquium
1443 5764 1620 5805 meum
1658 5762 1792 5807 :ncc

1884 4645 2117 4701 docebat
2142 4657 2240 4700 eos
2269 4642 2427 4699 .lesus
2468 4642 2523 4696 in
2564 4641 2793 4710 templo,
2822 4640 2875 4694 id
2901 4650 2986 4696 est
3009 4680 3022 4707 ,
3057 4640 3233 4710 palam
3281 4642 3361 4698 cis
3401 4644 3471 4703 de

1884 4753 1943 4794 se
1973 4736 2236 4807 loquitur,
2264 4744 2321 4790 ut
2349 4732 2753 4788 inexcusabiles
2775 4730 2921 4784 sint:
2952 4737 3008 4787 et
3031 4739 3091 4787 ut
3114 4730 3255 4803 ignis
3284 4732 3473 4793 incen-

1885 4830 1976 4886 dat
2022 4827 2173 4883 arida
2220 4824 2527 4880 scribarum
2558 4832 2611 4878 et
2642 4821 3035 4892 pliarismorum
3075 4825 3343 4897 exempla,
3377 4828 3471 4900 qui

1884 4918 2077 4974 volunt
2106 4916 2159 4969 in
2185 4913 2342 4968 stolis
2367 4911 2668 4967 ambulare.

1957 5009 2027 5062 Et
2058 5008 2240 5062 sedens
2279 5004 2437 5059 Jesus
2477 5014 2659 5059 contra
2690 5006 3145 5078 gaxOphylacium,
3173 5009 3227 5067 id
3253 5020 3357 5083 est,
3392 5012 3475 5070 di-

1888 5102 2148 5155 vitiarum
2178 5095 2506 5151 custodiam.

1958 5185 2254 5258 Aspicicbat
2299 5184 2553 5257 quomodo
2584 5187 2734 5241 turba
2753 5189 2989 5258 jactaret
3025 5210 3096 5250 ws
3131 5196 3184 5251 in
3212 5202 3479 5273 gazOphy-

1889 5281 2083 5334 lacium
2116 5295 2132 5331 :
2162 5286 2211 5332 et
2247 5278 2395 5331 multi
2427 5276 2610 5331 divites
2630 5280 2909 5351 jactabant
2941 5285 3127 5341 multa.
3156 5289 3286 5345 Cum
3310 5295 3477 5347 venis-

1889 5384 1962 5430 set
1999 5384 2173 5427 autem
2202 5388 2308 5425 una
2330 5372 2486 5425 vidua
2514 5388 2735 5443 pauper,
2771 5376 2909 5429 misit
2943 5377 3047 5430 duo
3085 5381 3308 5449 minuta,
3338 5386 3477 5453 quod

1894 5476 1965 5524 est
1991 5466 2278 5537 quadrans.
2310 5464 2378 5519 Et
2406 5479 2697 5521 convocans
2727 5468 3012 5537 discipulos
3041 5486 3183 5540 suos,
3212 5475 3286 5527 ait
3325 5473 3430 5529 illis
3456 5491 3479 5541 _:

1895 5559 2060 5614 Amen
2087 5558 2201 5611 dico
2224 5557 2362 5611 vobis
2387 5556 2663 5626 :quoniam
2691 5559 2847 5611 vidua
2872 5558 2979 5612 hcec
3009 5578 3205 5633 pauper
3226 5563 3344 5633 plus
3371 5582 3480 5619 ont-

1900 5651 2053 5706 nibus
2084 5650 2243 5716 misit,
2272 5648 2362 5719 qui
2401 5649 2651 5701 miserunt
2698 5650 2750 5703 in
2799 5653 3241 5723 gazOphylacium.
3293 5656 3483 5713 Omnes

1907 5747 2041 5809 enim
2068 5761 2131 5802 ex
2158 5760 2238 5816 eo,
2269 5745 2405 5813 quod
2447 5741 2742 5799 abundabat
2764 5744 2889 5814 illis,
2924 5746 3203 5815 miserunt;
3233 5749 3340 5806 hcce
3366 5766 3481 5805 rero
