4056 6342
548 325 734 397 ἥτ’

1584 328 1643 385 S.
1685 324 2066 384 HIERONYMI
2104 323 2389 384 OPERUM
2429 321 2796 382 MANTISSA.

3751 322 3863 381 628

563 452 628 507 de
656 451 876 524 penuria
900 464 1000 504 sua
1023 445 1218 509 omnia,
1239 457 1356 513 qua
1381 439 1582 511 habuit,
1602 440 1740 494 misit
1769 448 1930 495 totum
1953 439 2146 494 uictum
2175 441 2227 504 Α
2252 438 2344 492 bus
2387 445 2501 507 post
2545 435 2938 490 tribulationem
2981 433 3128 490 illaut
3174 435 3252 490 sol
3287 415 3768 502 contenebrabitur,
3815 445 3872 493 et

560 561 737 599 suum.
774 541 974 597 Divites
1002 536 1094 606 qui
1135 541 1282 601 sunt,
1313 533 1419 588 nisi
1451 533 1541 604 qui
1583 532 1864 603 proferunt
1911 531 1979 587 de
2025 531 2146 587 the-

559 651 728 692 sauro
770 631 949 688 cordis
998 628 1081 684 sui
1113 643 1253 683 nova
1285 637 1341 683 et
1366 626 1738 696 veteraiqua)
1776 634 1909 681 sunt
1943 626 2150 682 incerta

557 734 613 781 et
639 723 854 780 occulta
896 719 1178 790 sapientia!
1208 719 1487 788 utriusque
1516 717 1876 772 Testamenti.
1911 717 2152 789 Pauper-

561 816 683 872 eula
733 819 868 869 vero
910 827 1032 883 quae
1058 817 1159 877 est,
1197 809 1300 865 nisi
1331 815 1386 864 et
1408 819 1532 879 ego,
1563 814 1617 862 et
1646 807 1852 862 similes
1881 808 1985 862 mei
2015 809 2148 878 :qui

555 909 735 973 mitto,
767 905 910 975 quod
929 917 1176 974 possum,
1208 907 1265 958 et
1290 901 1567 966 desidero,
1595 899 1742 970 quod
1782 907 1890 954 nan
1930 905 2150 970 possunt

553 999 712 1054 vobis
738 995 1070 1067 explanare?
1094 993 1212 1050 Non
1239 1004 1498 1066 qttaututn
1525 998 1602 1071 (ut
1640 993 1919 1067 andiStis),
1951 995 2048 1050 sed
2083 1007 2150 1050 ex

559 1097 762 1160 quanto
795 1087 1110 1141 censiderat
1156 1086 1322 1141 Deus.
1355 1085 1742 1159 Unusquisque
1789 1086 2152 1159 quadrantem

561 1188 744 1250 potest
771 1177 990 1233 oll'erre.
1028 1177 1154 1232 llaec
1182 1181 1266 1232 est
1289 1185 1428 1233 torta
1461 1181 1615 1250 panis
1639 1181 1691 1236 in
1731 1178 1997 1246 Levitico,
2031 1186 2153 1246 quae

561 1283 646 1328 est
685 1273 930 1328 voluntas
976 1280 1246 1341 prompta.
1277 1271 1410 1340 Quae
1453 1288 1552 1328 cur
1590 1271 1866 1344 quadrans
1916 1271 2113 1327 dicitde
2131 1271 2159 1325 ἳ-

557 1364 695 1433 Quia
722 1381 787 1421 es
822 1366 995 1422 tribus
1026 1366 1303 1432 consistit,
1341 1367 1609 1438 cogi-tatu,
1645 1368 1836 1435 verbo,
1871 1382 1934 1422 ac
1982 1366 2151 1421 facto.

560 1459 714 1528 Quod
743 1459 876 1514 dicit
898 1467 1071 1513 totum
1101 1459 1305 1514 victum
1329 1473 1485 1515 suum
1513 1459 1680 1516 miSit.
1713 1459 1852 1515 Tota
1885 1459 2028 1514 enim
2061 1472 2156 1512 vo-

560 1553 738 1621 luptas
764 1551 1012 1619 corporis
1040 1551 1092 1604 in
1120 1550 1265 1606 victu
1297 1553 1567 1607 consistit.
1601 1551 1756 1609 Unde
1780 1551 1980 1608 dicitur
2007 1567 2021 1604 :
2046 1547 2155 1606 To-

561 1651 650 1699 tus
679 1643 834 1700 labor
864 1640 1103 1699 hominis
1136 1643 1189 1699 in
1221 1651 1318 1700 Ore
1344 1657 1444 1701 Suo
1473 1653 1579 1702 est.

1153 1798 1384 1856 CAPUT
1437 1800 1576 1856 Xill.

637 1928 710 1986 Et
745 1947 860 1985 cum
890 1931 1218 2002 egrederetur
1246 1931 1309 1986 de
1349 1933 1568 2004 templo,
1602 1934 1674 1987 ait
1702 1932 1784 1989 illi
1813 1949 1942 1988 unus
1968 1950 2031 1989 ea:
2061 1935 2153 1988 di-

569 2023 786 2093 scipulis
815 2024 923 2075 suis
953 2037 972 2075 :
995 2021 1268 2092 Magister,
1298 2026 1472 2095 aspice
1499 2027 1678 2095 quales
1706 2024 1930 2094 lapides,
1965 2033 2011 2079 et
2041 2041 2161 2096 qna-

572 2113 644 2169 les
673 2115 980 2169 structum!
1005 2111 1069 2168 Et
1092 2116 1408 2188 respondens
1437 2111 1474 2171 Ι
1482 2133 1595 2171 esus
1622 2117 1694 2171 ait
1719 2117 1796 2172 illi
1820 2133 1837 2171 :
1877 2116 2032 2170 Vides
2064 2114 2160 2169 has

573 2222 750 2260 omnes
785 2222 1004 2277 magnas
1041 2205 1416 2277 wdiﬁcationes
1447 2226 1464 2263 :
1493 2209 1617 2263 Non
1660 2211 1980 2280 relinquetur
2026 2206 2161 2279 lapis

574 2313 728 2370 super
749 2300 1000 2369 lapidem,
1030 2301 1117 2371 qui
1147 2317 1251 2355 non
1282 2301 1603 2359 destruatur.
1641 2301 1708 2356 Et
1737 2319 1855 2356 cum
1875 2301 2075 2357 sederet
2108 2302 2161 2356 in

568 2397 740 2444 monte
777 2389 1071 2457 Oliuarum,
1100 2402 1282 2446 contra
1318 2391 1588 2465 templum,
1614 2392 2004 2464 interrogabant
2047 2408 2162 2446 eum

568 2482 849 2552 separatim
871 2480 1082 2548 Petrus,
1109 2489 1156 2536 et
1184 2479 1431 2548 Jacobus,
1458 2495 1504 2538 et
1529 2481 1783 2554 Joannes,
1818 2491 1867 2536 et
1889 2482 2160 2538 Andreas:

568 2572 668 2624 Dic
690 2571 833 2625 nobis
853 2576 1065 2640 quando
1086 2573 1184 2626 ista
1213 2574 1356 2640 ﬁent,
1389 2581 1434 2628 et
1452 2575 1660 2644 quando
1683 2574 1792 2628 haec
1821 2575 1994 2628 omnia
2023 2575 2160 2628 inci-

569 2665 710 2734 pient
761 2663 1147 2716 consummari?
1179 2661 1241 2716 Et
1271 2667 1587 2735 respondens
1618 2664 1794 2733 Iesus,
1817 2668 1965 2735 coepit
1995 2665 2165 2720 dicere

571 2753 683 2807 illis
705 2769 722 2804 :
757 2753 938 2806 Videte
988 2771 1049 2806 ne
1076 2755 1190 2822 quis
1237 2772 1324 2808 vos
1355 2757 1586 2811 seducat.
1614 2757 1772 2810 Multi
1796 2759 1934 2812 enim
1966 2761 2162 2813 venient

567 2846 624 2899 in
648 2845 852 2898 nomine
872 2860 984 2897 meo
1012 2847 1258 2912 dicentes,
1281 2849 1400 2918 quia
1419 2866 1513 2921 ego
1543 2867 1655 2904 sum
1685 2867 1704 2906 :
1730 2859 1776 2905 et
1799 2851 1985 2907 multos
2007 2855 2164 2908 sedu-

574 2942 708 2986 cent.
737 2931 866 2987 Cum
904 2933 1176 2988 audieritis
1210 2948 1380 2992 autem
1429 2939 1581 3006 bella,
1611 2951 1659 2996 et
1689 2943 1954 3014 Opiniones
2004 2943 2167 2998 bello-

573 3041 714 3092 rum,
741 3041 802 3078 ne
823 3027 1128 3082 timueritis:
1147 3039 1346 3099 oportet
1366 3037 1502 3087 enim
1526 3035 1636 3088 [nec
1652 3014 1788 3105 ﬁeri,
1813 3035 1906 3091 sed
1931 3041 2166 3091 nondum

574 3115 717 3184 ﬁnis.
752 3113 1011 3188 Exsurget
1032 3120 1167 3172 enim
1189 3138 1314 3191 gens
1339 3140 1493 3195 super
1519 3135 1742 3196 gentem,
1770 3136 1815 3180 et
1837 3143 2050 3198 regnum
2078 3146 2166 3182 su-

2255 534 2378 588 luna
2407 547 2507 585 non
2539 529 2681 584 dabit
2724 528 3052 600 splendorem
3082 545 3255 593 suum,
3291 537 3338 583 et
3363 529 3532 585 stellae
3557 531 3678 584 (teli
3708 535 3872 584 erunt

2252 622 2564 691 decidentes,
2592 631 2638 675 et
2666 622 2902 687 virtutes,
2936 637 3051 690 qua:
3073 621 3124 673 in
3154 619 3295 675 ctelis
3317 629 3462 685 sunt,
3496 623 3861 678 movebuntur.

2252 711 2322 766 Et
2355 723 2478 766 tunc
2506 713 2749 766 videbunt
2779 710 2950 780 ﬁlium
2976 711 3201 767 hominis
3231 713 3515 766 renientem
3540 714 3595 765 in
3636 715 3870 768 nubibus

2254 818 2373 857 eum
2403 805 2590 858 virtute
2626 805 2813 870 multa,
2850 811 2896 858 et
2924 804 3114 875 gloria.
3142 803 3211 857 Et
3260 813 3384 859 tunc
3429 807 3600 860 mittet
3643 809 3870 879 angelos

2250 913 2392 964 suos,
2425 907 2473 952 et
2503 898 2831 969 congregabit
2872 897 3059 951 electos
3099 913 3219 952 suos
3260 915 3291 951 a
3321 905 3550 968 quatuor
3595 903 3787 967 uentis,
3832 920 3870 957 α

2253 1007 2453 1046 summa
2494 997 2643 1046 terra
2681 1007 2840 1062 usque
2883 990 2952 1044 ad
2997 1007 3254 1046 summum
3281 993 3416 1047 caeli.
3460 995 3504 1046 Α
3550 995 3658 1063 ﬁcit
3688 1006 3865 1050 autem

2255 1086 2436 1140 discite
2456 1086 2759 1158 parabolam
2779 1103 2799 1142 :
2833 1085 2962 1142 Cum
2983 1090 3100 1159 jant
3129 1101 3308 1140 ramus
3329 1089 3444 1155 ejus
3495 1099 3638 1143 tener
3679 1089 3860 1159 fuerit,

2257 1187 2305 1232 et
2345 1189 2466 1233 nata
2493 1167 2686 1248 fuerint
2731 1181 2881 1251 folia,
2915 1180 3250 1252 cognoscitis,
3277 1182 3398 1252 quia
3426 1183 3477 1236 in
3521 1183 3759 1252 proximo
3791 1184 3868 1235 sit

2256 1282 2430 1327 astas.
2467 1271 2560 1327 Sic
2598 1283 2643 1327 et
2684 1289 2793 1341 vos,
2848 1290 2965 1327 cum
3022 1272 3252 1327 videritis
3300 1272 3409 1327 lucc
3444 1275 3585 1343 fieri,
3651 1276 3862 1337 scitote,

2257 1364 2394 1436 quod
2425 1364 2477 1417 in
2509 1366 2750 1433 proximo
2788 1367 2855 1419 sit
2893 1367 2948 1419 in
2981 1366 3150 1420 ostiis.
3194 1364 3356 1419 Amen
3390 1365 3509 1419 dico
3532 1365 3697 1433 vobis,
3729 1384 3865 1436 quo—

2258 1458 2400 1511 niam
2440 1474 2543 1512 non
2575 1458 2815 1513 transibit
2852 1459 3117 1533 generatio
3156 1456 3287 1524 hcce,
3349 1458 3508 1513 donec
3545 1461 3726 1513 omnia
3763 1461 3868 1513 ista

2262 1548 2413 1619 fiant.
2457 1549 2754 1604 Enumerat
2784 1550 3072 1619 discipulis
3101 1549 3313 1605 cladem
3337 1549 3609 1604 novissimi
3645 1558 3870 1618 tempo-

2263 1641 2359 1706 ris,
2395 1641 2446 1696 id
2495 1652 2599 1710 eSt,
2636 1641 3060 1697 destructionem
3099 1641 3307 1711 templi,
3337 1655 3452 1695 cum
3485 1641 3648 1710 plebe
3687 1650 3743 1695 et
3776 1641 3870 1696 lit-

2267 1743 2382 1791 tera
2413 1749 2532 1790 sua.
2565 1733 2644 1789 De
2679 1750 2781 1804 qua
2827 1735 2965 1804 lapis
2995 1747 3158 1803 super
3189 1732 3421 1802 lapidem
3453 1746 3560 1786 non
3589 1730 3868 1802 relinque-

2184 1812 2234 1888 Β
2263 1833 2370 1891 tur,
2423 1824 2475 1879 id
2507 1833 2609 1888 est,
2656 1824 2959 1878 testimonia
3011 1823 3393 1893 pmplretarnm
3442 1836 3612 1892 super
3649 1837 3778 1887 eos,
3812 1824 3862 1876 in

2261 1932 2398 1988 quos
2421 1916 2594 1972 Judaei
2624 1917 3014 1987 retorquebant
3039 1932 3124 1983 ea,
3155 1927 3211 1971 ut
3233 1924 3318 1970 est
3355 1915 3408 1969 in
3439 1915 3786 1985 Apostolum,
3813 1917 3860 1970 in

2262 2008 2512 2076 Esdram,
2547 2008 2600 2062 in
2633 2007 2956 2074 Zorobabel,
3003 2009 3055 2061 in
3090 2007 3448 2062 Machabaaos.
3483 2005 3615 2074 Qua:
3645 2021 3862 2061 enume-

2262 2110 2364 2167 rat,
2397 2103 2578 2156 omnia
2619 2101 2887 2173 speranda
2944 2110 3088 2164 sunt,
3142 2100 3323 2171 potius
3352 2115 3511 2170 quam
3562 2098 3858 2154 tractanda.

2262 2193 2690 2263 Pseudochristi,
2725 2203 2778 2248 et
2827 2192 3342 2264 pseudoprOphetze,
3373 2206 3512 2263 gens
3542 2205 3708 2262 super
3735 2207 3860 2262 gen-

2264 2294 2394 2350 tem,
2425 2296 2478 2341 et
2509 2300 2732 2356 regnum
2771 2300 2934 2356 super
2962 2299 3188 2356 regnum
3223 2303 3235 2337 :
3272 2294 3432 2339 terra:
3461 2291 3664 2354 motus,
3701 2299 3866 2353 vapu~

2264 2377 2395 2432 latio
2429 2377 2842 2448 praedicandum
2887 2396 2899 2431 :
2931 2377 3246 2447 prasdicatio
3278 2376 3554 2445 Evangelii
3596 2390 3768 2446 usque
3797 2375 3865 2429 ad

2263 2469 2401 2525 ﬁnes
2434 2479 2615 2534 terrae,
2649 2479 2705 2524 ut
2733 2477 2861 2525 ante
2894 2469 3158 2540 judicium
3189 2468 3388 2523 clamet
3415 2467 3647 2522 Ecclesia
3675 2483 3688 2521 :
3724 2467 3772 2521 A
3801 2466 3866 2519 ﬁ-

2264 2562 2423 2616 nibus
2466 2569 2626 2616 terrm
2670 2562 2740 2615 ad
2779 2571 2834 2615 te
2876 2561 3124 2627 clamavi,
3161 2561 3410 2615 Domine.
3462 2559 3756 2615 Domestici
3810 2560 3866 2614 in

2265 2651 2592 2707 domesticos
2617 2661 2925 2722 surgentes,
2954 2651 3289 2708 abominatio
3320 2653 3371 2706 in
3401 2651 3627 2721 templo,
3655 2650 3779 2719 luga
3813 2651 3863 2704 in

2267 2750 2502 2807 montes,
2535 2752 2593 2797 ut
2621 2759 2724 2797 non
2757 2743 3051 2799 descendat
3103 2743 3170 2797 ad
3211 2745 3336 2811 ima,
3369 2743 3461 2812 qui
3514 2741 3759 2796 ascendit
3799 2742 3864 2796 ad

2266 2835 2399 2890 alta.
2432 2834 2596 2890 Orate
2646 2845 2704 2890 ut
2731 2836 2908 2892 hieme
2950 2851 3057 2892 non
3093 2836 3187 2891 ﬁat
3223 2835 3344 2907 iuga
3374 2844 3581 2902 vestra,
3620 2836 3704 2891 vel
3747 2836 3866 2888 sab-

2268 2928 2414 2993 bato,
2443 2927 2495 2983 id
2521 2934 2622 2993 est,
2655 2943 2722 2982 ne
2750 2927 3006 2984 liniantur
3039 2927 3246 2984 fructus
3281 2927 3450 2983 vestri
3494 2925 3700 2997 operis,
3743 2941 3863 2980 cum

2271 3023 2376 3076 line
2406 3023 2685 3091 temporis.
2732 3022 2921 3078 Hieme
2949 3024 3095 3078 enim
3139 3023 3319 3077 linitur
3365 3021 3596 3088 fructus,
3643 3020 3867 3074 sabbato

2270 3128 2402 3170 vero
2426 3123 2660 3184 tempus.
2689 3113 2993 3170 'l‘ribulatio
3025 3116 3236 3184 ingens,
3282 3125 3334 3170 et
3362 3113 3480 3168 dies
3513 3113 3708 3168 breves
3741 3126 3866 3182 pro-

575 3223 664 3278 per
705 3222 937 3279 regnum,
965 3218 1012 3262 et
1049 3221 1195 3264 erunt
1227 3220 1380 3266 terra:
1405 3191 1578 3269 motus
1618 3231 1709 3287 per
1735 3217 1872 3287 loca,
1893 3191 1946 3272 et
1979 3223 2164 3289 fames.
2197 3191 2245 3257 (ἶ
2276 3215 2394 3276 βίον
2418 3206 2621 3262 θιοθιοε
2653 3224 2666 3261 ε
2710 3223 2775 3262 ῐὶθ
2817 3207 3022 3261 malm“
3058 3207 3217 3276 huius
3272 3205 3536 3274 lemlloris
3577 3214 3747 3259 “mu”
3788 3204 3869 3257 in‘

574 3298 795 3352 Initium
823 3298 1063 3354 dolorum
1092 3302 1221 3356 Itwc.
1247 3301 1429 3359 Videte
1460 3314 1632 3359 autem
1663 3309 2016 3376 vosmetipsos.
2034 3307 2168 3364 Tra-

575 3393 694 3446 dent
723 3393 859 3445 enim
906 3407 993 3447 vos
1044 3393 1098 3447 in
1148 3395 1405 3464 conciliis,
1440 3405 1487 3451 et
1529 3398 1806 3470 synagOgis
1836 3397 2166 3468 vapulabitis,

577 3494 624 3538 et
654 3493 771 3538 ante
809 3485 1054 3556 praesides
1077 3493 1126 3542 et
1152 3504 1298 3560 reges
1342 3489 1542 3544 stabilis
1587 3499 1799 3562 propter
1830 3508 1908 3546 me
1936 3494 1987 3545 in
2031 3495 2172 3548 testi-

578 3578 809 3630 monium
840 3575 968 3631 illis.
996 3576 1063 3632 Et
1089 3581 1142 3631 in
1165 3597 1342 3635 omnes
1372 3591 1545 3654 gentes
1571 3584 1792 3654 primum
1815 3593 2014 3654 oportet
2040 3602 2172 3655 pra:-

579 3665 743 3717 dicari
781 3664 1143 3738 Evangelium.
1190 3669 1259 3722 Et
1309 3688 1426 3724 cum
1465 3672 1707 3727 duxerint
1750 3689 1840 3728 vos
1885 3677 2169 3746 tradentes,

582 3754 743 3807 nolite
793 3761 1152 3827 prtecogitare,
1183 3762 1310 3828 quid
1346 3763 1634 3832 loquamini
1660 3783 1673 3820 :
1703 3765 1794 3819 sed
1821 3767 1962 3837 quod
1995 3767 2176 3821 datum

579 3846 720 3899 vobis
743 3851 898 3917 fuerit
928 3850 980 3902 in
1005 3851 1095 3904 illa
1126 3853 1276 3918 hora,
1316 3853 1374 3908 id
1403 3857 1709 3927 loquantini.
1737 3860 1859 3914 Non
1889 3864 2023 3916 enim
2055 3867 2175 3918 estis

575 3954 669 3992 vos
695 3939 978 4009 loquentes,
1004 3943 1094 3995 sed
1125 3943 1357 4014 Spiritus
1380 3958 1605 4005 sanctus.
1647 3951 1838 4008 Tradet
1864 3965 2032 4010 autem
2059 3957 2175 4027 fra-

580 4038 656 4084 ter
685 4031 898 4102 fratrem
924 4033 976 4087 in
1004 4047 1240 4100 mortem,
1281 4047 1326 4092 et
1356 4050 1503 4108 pater
1548 4044 1742 4111 ﬁlium,
1788 4059 1836 4103 et
1863 4057 2177 4122 consurgent

577 4125 678 4193 ﬁlii
708 4126 761 4178 in
799 4135 1057 4194 parentes,
1089 4139 1136 4182 et
1163 4141 1324 4184 morte
1353 4133 1583 4202 ofﬁcient
1618 4153 1721 4191 eos.
1767 4133 1835 4192 Et
1877 4143 2019 4195 eritis
2061 4143 2179 4196 odio

575 4216 812 4270 onmibus
839 4227 1054 4289 propter
1084 4236 1264 4274 nomen
1295 4240 1483 4277 meum.
1532 4227 1630 4291 Qui
1661 4237 1833 4281 autem
1875 4233 2180 4288 sustinuerit

575 4310 630 4362 in
651 4309 828 4377 ﬁnem,
863 4311 946 4363 ltic
976 4310 1150 4365 salvus
1187 4314 1307 4367 erit.
1345 4314 1474 4369 Cum
1506 4328 1679 4372 autem
1720 4320 1951 4376 uideritis
1983 4325 2180 4380 abomi-

578 4403 842 4456 nationem
878 4403 1213 4459 desolationis
1244 4413 1469 4462 stantem
1490 4409 1577 4464 ubi
1609 4427 1711 4465 non
1753 4407 1901 4467 debet
1932 4431 1952 4474 :
1995 4419 2082 4486 qui
2107 4418 2180 4473 le-

497 4553 502 4564 ,
577 4493 672 4563 git,
718 4493 996 4565 intelligat.
1048 4494 1193 4550 Tunc
1220 4498 1310 4567 qui
1358 4499 1412 4552 in
1438 4499 1627 4555 Iudaea
1675 4511 1832 4570 sunt,
1877 4509 2083 4577 fugiant
2123 4511 2178 4564 in

2274 3300 2548 3355 tellectum
2605 3301 2833 3355 eorum!
2875 3299 3028 3355 Sicut
3075 3300 3141 3354 de
3175 3298 3290 3354 Noe
3321 3298 3541 3353 dicitur.
3588 3297 3716 3351 Post
3757 3298 3870 3349 haec

2272 3391 2352 3446 sol
2407 3391 2892 3444 contenebrabitur
2948 3391 3016 3445 ad
3069 3389 3247 3461 gelida
3302 3390 3468 3444 corda
3523 3399 3582 3444 ut
3631 3389 3808 3443 hieme
3853 3404 3868 3438 :

2274 3489 2331 3538 et
2392 3481 2518 3536 luna
2581 3497 2690 3536 non
2755 3482 3063 3552 splendebit
3123 3497 3316 3538 serena
3382 3488 3705 3551 tempestate
3763 3480 3874 3533 dis-

2277 3573 2590 3628 sensionum
2642 3590 2656 3626 :
2708 3584 2762 3628 et
2823 3576 2995 3629 stellzn
3050 3582 3210 3629 erunt
3260 3573 3574 3629 decidentes
3633 3573 3867 3636 lumine,

2276 3664 2492 3736 quando
2525 3679 2662 3735 pene
2691 3665 2865 3721 deerit
2905 3681 3094 3722 semen
3136 3663 3393 3733 Abrahae,
3427 3666 3512 3721 cui
3562 3663 3872 3719 assimilatu:

2279 3768 2407 3814 sunt
2450 3759 2623 3814 stellas
2657 3775 2668 3811 :
2719 3768 2773 3812 et
2816 3759 3051 3814 virtutes
3082 3773 3202 3830 qum
3257 3767 3383 3813 sunt
3423 3758 3474 3811 in
3507 3757 3662 3812 caelis
3693 3771 3875 3810 move-

2278 3850 2480 3906 buntur
2508 3849 2575 3905 ad
2609 3851 2742 3905 iram
2768 3851 3020 3907 vindictae
3053 3869 3067 3907 :
3097 3851 3313 3923 quando
3362 3855 3650 3906 mittentur
3692 3865 3721 3902 τι
3765 3848 3874 3902 ﬁlio

2281 3941 2520 3997 hominis
2547 3943 2801 3998 veniente
2829 3942 2881 3996 in
2931 3944 3162 3998 nubibus
3193 3943 3318 3999 caeli
3349 3957 3470 3997 cum
3504 3943 3709 3996 virtute
3741 3960 3754 3993 :
3785 3940 3872 4009 qui

2283 4038 2430 4107 prius
2457 4037 2596 4090 sicut
2628 4035 2803 4105 pluvia
2839 4039 2890 4090 in
2921 4035 3092 4091 vellus
3121 4037 3343 4091 Gedeon
3394 4033 3707 4098 descendit,
3751 4049 3870 4088 cum

2284 4127 2610 4182 lunnilitate.
2646 4129 2715 4182 Et
2740 4129 3097 4199 congregabit
3124 4129 3326 4184 electos
3354 4143 3382 4180 a
3411 4136 3644 4197 quatuor
3674 4126 3870 4186 ventis,

2283 4231 2342 4274 ut
2373 4220 2614 4274 triticum
2665 4220 2984 4274 vcntilatum
3027 4222 3092 4272 de
3140 4234 3264 4273 area
3308 4220 3477 4272 torius
3525 4227 3704 4272 teme.
3759 4213 3876 4269 Fici

2284 4314 2536 4383 paraliola
2569 4313 2685 4368 hate
2714 4324 2795 4369 est
2834 4313 3141 4382 pmphetia.
3185 4313 3341 4367 Folia
3374 4322 3521 4378 nata,
3555 4309 3715 4364 verba
3750 4317 3878 4361 sunt

2285 4410 2576 4480 praesentia
2607 4425 2618 4462 :
2649 4417 2810 4463 testas
2840 4425 2969 4464 vero
2993 4409 3266 4479 proxima,
3297 4409 3418 4464 dies
3447 4417 3524 4463 est
3548 4406 3737 4476 judicii
3773 4422 3787 4460 :
3824 4406 3876 4459 in

2281 4517 2391 4573 quo
2421 4517 2756 4573 unaquazque
2806 4503 2970 4557 arbor
3001 4503 3394 4567 tnanil‘estabit,
3443 4519 3561 4568 qua:
3594 4501 3740 4554 intus
3785 4500 3881 4554 Ita—

579 4595 795 4655 montes,
827 4594 873 4639 ct
894 4587 984 4656 qui
1010 4604 1166 4658 super
1190 4598 1403 4655 tectum,
1426 4606 1529 4645 non
1555 4594 1828 4648 descendat
1849 4598 1901 4650 in
1930 4599 2178 4656 domum:
2205 4569 2421 4660 Dbuit,
2474 4611 2544 4649 an
2590 4595 2799 4650 aridum
2849 4595 2914 4650 ad
2958 4594 3412 4662 comburendum,
3464 4610 3534 4649 an
3580 4593 3757 4648 viride
3813 4593 3878 4647 ad

584 4696 674 4736 nec
709 4683 948 4747 introeat,
989 4689 1043 4734 ut
1086 4682 1240 4737 tollat
1278 4685 1405 4753 quid
1433 4683 1496 4741 de
1521 4686 1673 4741 domo
1709 4705 1824 4742 sua.
1873 4689 1944 4744 Et
1995 4695 2085 4762 qui
2121 4696 2177 4750 in

583 4787 711 4842 agro
752 4773 872 4838 erit,
917 4789 1019 4826 non
1071 4781 1355 4829 revertatur
1401 4786 1541 4832 retro
1593 4778 1779 4833 tollere
1822 4782 2176 4840 vestimentum

581 4879 752 4916 suum.
787 4862 878 4917 Vw
923 4872 1094 4917 autem
1136 4866 1544 4938 prtegnantibus,
1567 4877 1616 4923 et
1647 4872 1990 4928 nutrientibus
2028 4875 2084 4929 in
2110 4875 2179 4929 il—

585 4951 650 5004 lis
681 4953 879 5006 diebus.
917 4953 1076 5009 Orate
1105 4972 1246 5024 vero,
1282 4968 1335 5011 ut
1365 4957 1531 5014 hieme
1556 4977 1659 5014 non
1691 4961 1800 5027 ﬁat.
1844 4962 2016 5018 Erunt
2043 4967 2179 5021 enim

586 5043 694 5094 dies
716 5044 794 5095 illi
825 5046 1174 5103 tribulationis
1206 5050 1368 5115 tales,
1399 5052 1579 5121 quales
1615 5069 1720 5108 non
1747 5057 1955 5126 fuerunt
1987 5059 2050 5111 ab
2074 5060 2176 5114 ini-

583 5131 654 5185 tio
681 5143 952 5198 creatum,
978 5155 1133 5204 quam
1162 5141 1394 5194 condidit
1427 5143 1588 5208 Deus,
1619 5162 1777 5215 usque
1809 5163 1967 5212 nunc,
2017 5165 2176 5219 neque

582 5226 726 5295 ﬁent.
751 5225 816 5278 Et
847 5229 946 5281 nisi
970 5231 1240 5287 breviasset
1270 5235 1523 5290 Dominus
1541 5235 1672 5302 dies,
1697 5253 1801 5293 non
1830 5241 2010 5308 [uisset
2031 5244 2177 5297 salva

582 5322 748 5376 omnis
772 5339 914 5375 caro.
951 5322 1059 5379 Sed
1100 5338 1306 5398 prepter
1335 5328 1522 5384 electos
1552 5349 1680 5402 quos
1709 5335 1880 5404 elegit,
1932 5336 2178 5391 breviavit

583 5418 712 5469 dies.
757 5413 828 5469 Et
877 5427 998 5470 tunc
1049 5421 1094 5472 si
1145 5423 1259 5485 quis
1305 5422 1445 5477 vobis
1496 5425 1680 5478 dixerit
1730 5443 1749 5480 :
1799 5426 1934 5483 Ecce
1977 5429 2059 5482 hic
2103 5442 2176 5485 est

581 5506 840 5574 Christus,
871 5526 985 5563 ecce
1030 5511 1159 5578 illic,
1205 5529 1266 5566 ne
1310 5514 1652 5572 credideritis.
1703 5515 2001 5592 Exsurgent
2041 5521 2174 5577 enim

576 5599 952 5664 pseudocltristi
969 5610 1015 5654 et
1034 5603 1521 5675 pseudoprop/tetw,
1548 5614 1594 5661 et
1613 5600 1967 5680 dabunt'signa
1985 5619 2032 5664 et
2057 5628 2172 5681 por-

580 5692 824 5754 tenta,ad
849 5693 1163 5749 seducendos
1195 5697 1260 5767 (si
1283 5697 1396 5765 ﬁeri
1423 5697 1609 5771 potest)
1636 5703 1795 5755 etiarn
1821 5703 2029 5759 electos.
2062 5701 2164 5758 Vos

576 5787 695 5843 ergo
724 5777 916 5848 videte,
940 5796 1053 5836 ecce
1073 5785 1296 5851 prtedixi
1319 5788 1458 5844 vobis
1489 5791 1687 5845 omnia.
1717 5791 1826 5847 Sed
1847 5792 1904 5846 in
1934 5792 2040 5847 illis
2069 5794 2177 5848 die-

2286 4687 2656 4756 plautandum,
2707 4687 2758 4740 in
2803 4687 2968 4743 Edem
2997 4703 3119 4743 cum
3167 4687 3311 4758 ligno
3339 4687 3501 4740 vitae:
3546 4684 3704 4753 cujus
3751 4683 3878 4737 folia

2284 4777 2337 4831 in
2378 4777 2607 4833 salutem
2641 4779 2904 4850 gentium,
2940 4778 2992 4832 id
3031 4787 3135 4844 est,
3165 4777 3332 4832 verba
3373 4775 3571 4847 quibus
3619 4774 3824 4829 dicitur
3864 4791 3874 4826 :

2284 4869 2497 4934 Venite,
2533 4869 2802 4924 benedicti
2832 4870 3008 4939 patris
3035 4869 3162 4936 mei,
3189 4877 3241 4923 et
3277 4869 3503 4936 reliqua.
3533 4865 3792 4936 Sequitur
3829 4883 3840 4916 :

2358 4959 2552 5017 Caelum
2601 4971 2649 5017 et
2683 4971 2820 5017 terra
2869 4961 3180 5028 transibunt,
3213 4960 3364 5014 verba
3399 4968 3575 5012 autem
3607 4974 3722 5011 mea
3778 4974 3880 5009 non

2284 5054 2601 5109 transibunt.
2646 5051 2727 5108 De
2765 5054 2848 5108 die
2894 5061 3063 5108 autem
3091 5052 3216 5117 illa,
3258 5050 3335 5105 vel
3381 5049 3511 5103 liora
3552 5065 3700 5102 nemo
3759 5049 3877 5113 scit,

2280 5164 2443 5216 neque
2467 5147 2636 5218 angeli
2661 5148 2715 5200 in
2745 5146 2895 5212 calo,
2943 5162 3103 5216 neque
3131 5144 3296 5214 filius,
3331 5144 3431 5197 nisi
3461 5151 3627 5211 pater.
3668 5139 3875 5193 Videte.

2279 5239 2418 5305 Quid
2450 5247 2552 5307 est,
2588 5237 2732 5308 quod
2773 5237 2928 5305 dicit,
2961 5251 3134 5306 neque
3169 5234 3357 5290 ﬁlius?
3395 5235 3460 5287 de
3488 5246 3598 5300 quo
3627 5229 3830 5285 dicitur
3862 5245 3875 5280 :

2282 5332 2440 5385 Pater
2469 5330 2642 5399 major
2678 5347 2764 5386 me
2795 5340 2899 5396 est,
2933 5332 2985 5385 id
3006 5339 3110 5398 εει,
3141 5344 3339 5402 corpus
3367 5326 3481 5396 ejus
3504 5325 3560 5380 in
3595 5334 3746 5380 terra
3784 5338 3878 5392 po-

2283 5424 2470 5488 situm,
2504 5422 2646 5492 quod
2679 5431 2762 5477 est
2795 5423 3058 5478 Ecclesia.

2360 5515 2605 5585 l’igilate,
2632 5526 2677 5568 et
2708 5525 2850 5569 orate
2883 5531 2900 5574 :
2932 5517 3137 5570 nescitis
3164 5514 3298 5568 enim
3327 5511 3535 5581 quando
3560 5520 3762 5580 tempus
3790 5508 3873 5561 sit.

2278 5603 2428 5659 Sicut
2480 5606 2632 5660 homo
2683 5608 2772 5677 qui
2820 5623 3029 5679 peregre
3083 5608 3342 5677 profectus
3401 5601 3614 5671 reliquit
3670 5601 3874 5653 domum

2277 5715 2448 5766 suam,
2478 5709 2522 5754 et
2550 5701 2690 5755 dedit
2711 5703 2870 5755 servis
2897 5704 3008 5756 suis
3037 5707 3333 5771 potestatem
3363 5697 3548 5764 cuiusq
3562 5711 3627 5747 ue
3659 5691 3828 5762 aperis
3858 5704 3875 5741 :

2276 5798 2324 5845 et
2360 5791 2580 5859 janitori
2609 5795 2848 5863 prazcepit
2893 5802 2947 5847 ut
2977 5791 3165 5863 vigilet.
3203 5787 3430 5857 Vigilare
3454 5801 3616 5856 ergo,
3669 5781 3875 5837 nescitis
