4030 6202
254 221 356 294 et!!!

862 233 1400 296 COMMENTARIUS
1441 237 1509 294 lN
1550 225 2007 302 uvancuuuu
2046 241 2197 301 sec.
2239 227 2556 304 ilAltCUM.
2596 249 2752 308 cae.
2797 252 2936 310 xw.

3444 255 3552 320 650

249 353 389 410 enim
414 351 909 449 quando-dominus
941 350 1144 406 domus
1168 354 1378 408 veniat:
1411 369 1547 424 sero,
1583 371 1650 409 an
1683 357 1853 412 media
1877 351 1932 421 Α
1958 359 2218 431 frangitur
2264 361 2330 416 ad
2373 371 2559 434 caput,
2587 379 2654 420 ex
2687 369 2796 436 quo
2827 371 2991 425 omne‘
3021 385 3220 444 corpus
3268 379 3551 449 compagi.

251 455 416 511 nocte,
450 461 518 499 an
555 443 684 516 galli
717 452 894 510 cantu,
939 459 1008 498 an
1053 462 1203 499 mane
1237 462 1256 500 :
1285 461 1346 500 ne
1375 463 1492 501 cum
1522 449 1720 502 venerit
1764 465 1848 504 re.

251 551 422 609 pcnte,
469 538 700 592 inveniat
739 553 828 591 vos
850 536 1184 593 dormientes.
1206 538 1402 609 Vigilia
1430 555 1564 610 opus
1589 549 1672 597 est
1698 556 1850 595 men-

253 632 342 696 tis,
392 637 520 685 ante
567 639 802 684 mortem
841 630 1114 700 corporis.
1173 629 1349 685 Homo
1396 646 1627 703 peregre
1684 631 1850 701 proﬁ-

250 722 485 788 ciscens,
519 733 720 792 corpus
749 729 835 776 est
865 722 1068 779 Christi
1097 723 1150 778 in
1181 723 1376 779 ctelum
1409 725 1677 781 elevatum
1709 740 1724 778 :
1759 740 1848 779 re-

251 811 504 881 linquens
533 814 757 868 domum
789 828 967 880 suam,
1001 829 1122 885 qum
1145 825 1226 870 est
1251 815 1523 870 Ecclesia.
1563 817 1704 870 Dans
1729 823 1848 871 ser-

251 904 333 958 vis
375 905 486 961 suis
533 913 864 976 potestatem
912 907 1341 977 uniuscujusque
1391 909 1598 976 operis,
1645 907 1696 962 id
1740 917 1843 975 est,

250 1005 377 1052 octo
422 998 654 1064 talenta,
709 997 860 1067 juxta
915 997 1252 1063 Matthmum,
1285 999 1371 1054 vel
1420 999 1609 1054 decem
1667 1013 1845 1065 muas,

240 1087 402 1158 juxta
430 1088 652 1145 Lucam.
682 1089 752 1145 Et
771 1089 994 1158 janitori
1028 1090 1293 1159 praecipit,
1329 1097 1389 1144 ut
1412 1090 1616 1159 vigilet,
1655 1089 1708 1143 id
1737 1097 1846 1156 cst,-

244 1181 296 1232 ei
328 1179 418 1248 qui
449 1179 728 1250 praedicat,
767 1183 853 1233 cui
884 1179 1125 1234 dicitur:
1166 1180 1222 1234 Si
1274 1195 1383 1234 non
1435 1181 1846 1236 annuntiaveris

243 1272 435 1340 iniquo
464 1272 806 1340 iniquitatem
835 1283 1009 1336 Suam,
1042 1272 1358 1341 sanguinem
1400 1281 1556 1326 suum
1588 1272 1656 1327 de
1684 1279 1844 1350 manu

242 1376 332 1421 tua
381 1366 677 1436 requiram.
728 1365 958 1435 Vigilate
1000 1379 1154 1435 ergo,
1201 1373 1256 1420 et
1282 1365 1514 1434 reliqua.
1557 1365 1719 1434 Sero,
1773 1384 1842 1425 an

243 1455 422 1511 media
453 1466 634 1522 nocte,
676 1456 895 1526 quando
919 1464 1048 1510 sunt
1085 1455 1266 1511 occisa
1307 1453 1693 1527 Egyptia‘rum
1733 1460 1844 1530 pri-

242 1546 516 1618 mogenita
558 1564 572 1600 :
626 1559 696 1602 ne
743 1546 990 1603 inveniat
1019 1557 1116 1602 vos
1161 1547 1514 1604 dormientes.
1568 1547 1702 1604 Nam
1753 1552 1842 1621 qui

240 1639 468 1705 dormit,-
499 1651 608 1695 non
637 1644 869 1711 corpora
912 1653 1062 1708 vera,
1105 1640 1201 1697 sed
1243 1640 1628 1712 phantasmata
1660 1643 1839 1700 inten-

1954 460 2136 507 natum
2166 462 2266 508 est.
2301 453 2674 530 Recumbente
2705 457 2845 528 ipso,
2880 461 2932 516 id
2963 472 3067 530 est,
3109 465 3452 538 humiliante,
3487 481 3549 528 ut

1950 561 2074 601 eum
2116 555 2364 618 tangeret
2412 547 2550 606 ﬁdes
2597 547 2917 621 peccatricis
2969 545 2982 608 ἐ
3026 567 3146 626 quae
3196 561 3263 615 de
3318 565 3546 636 prdihus

1950 636 2194 691 ascendit
2239 637 2304 692 ad
2336 647 2520 709 caput,
2565 637 2619 695 ei
2656 640 2726 693 ad
2768 642 2938 712 pedes
2986 655 3015 698 a
3057 647 3239 715 capite
3270 649 3549 707 descendit

1952 735 2049 797 per
2081 725 2242 783 ﬁdem
2276 747 2288 782 ε
2317 729 2370 784 id
2403 727 2506 799 est,
2539 731 2606 786 ad
2634 727 2913 788 Christum
2947 739 3003 789 et
3031 735 3097 812 ad
3131 737 3374 793 membra
3403 719 3540 812 ejus.

2021 817 2191 875 Erant
2230 829 2401 876 autem
2431 823 2646 894 quidam
2676 824 2890 895 indigne
2919 829 3139 897 ferentes
3183 831 3319 884 intra
3359 844 3544 887 ερηιίι-

1949 911 2091 983 ipsos
2129 919 2178 966 et
2234 914 2461 970 dicentes
2510 931 2531 971 :
2572 913 2643 970 Ut
2685 917 2812 990 quid
2861 915 3090 992 perditio
3137 919 3242 973 ista
3297 925 3549 991 unguenti

1949 1010 2091 1080 facta
2125 1011 2248 1064 est?
2288 999 2506 1066 Poterat
2542 1012 2680 1065 enim
2724 1021 3046 1084 unguentum
3088 1007 3230 1070 istud
3264 1019 3550 1072 vemmdart

1947 1100 2067 1172 plus
2142 1107 2298 1172 quam
2369 1104 2608 1157 trecentis
2658 1103 2930 1173 denariis,
2991 1113 3037 1162 et
3104 1107 3222 1161 dari
3294 1112 3540 1180 pauperi-

1947 1185 2060 1246 bus.
2116 1189 2178 1243 ltlt
2221 1191 2507 1262 fremebant
2554 1195 2606 1246 in
2642 1197 2782 1264 eam.
2820 1193 2980 1250 Iesus
3030 1195 3203 1251 autem
3231 1197 3363 1254 didit
3396 1217 3413 1252 :
3457 1199 3546 1254 Si-

1947 1279 2048 1336 nite
2090 1295 2204 1335 eam
2238 1295 2256 1334 :
2294 1281 2422 1350 quid
2467 1281 2550 1336 illi
2582 1283 2783 1336 molesti
2813 1285 2977 1338 estis?
3003 1277 3108 1342 Per
3154 1289 3536 1358 synecdochen

1945 1369 2144 1427 dicitur
2173 1373 2312 1427 unus
2337 1379 2436 1442 pro
2489 1369 2697 1438 maltis,
2729 1377 2785 1428 et
2817 1374 2972 1428 multi
3008 1390 3103 1444 pro
3127 1379 3255 1431 uno.
3287 1379 3546 1434 Dicentes

1946 1463 2085 1518 intra
2142 1469 2203 1519 se
2234 1479 2246 1516 ε
2277 1459 2344 1520 Ut
2369 1462 2500 1534 quid
2531 1461 2764 1532 perditio
2793 1458 2914 1519 hare
2943 1467 3248 1536 unguenti?
3289 1453 3544 1522 Perditus

1944 1552 2015 1610 de
2042 1553 2222 1630 salute
2274 1551 2631 1624 perditionem
2663 1553 2892 1622 invenit,
2923 1555 3061 1610 etin
3109 1555 3214 1612 ﬁcu
3259 1542 3542 1613 fructifera

1945 1645 2137 1699 mortis
2175 1645 2426 1715 laqueum
2457 1644 2809 1699 nanciscitur.
2857 1644 3138 1701 Trecentis
3165 1645 3406 1702 denariis
3433 1662 3535 1718 po-

239 1729 342 1822 dit,
392 1738 448 1786 et
489 1743 693 1786 vacuus
721 1731 905 1802 vigilat
938 1729 1006 1822 de
1035 1730 1146 1799 his,
1202 1747 1322 1801 qua:
1349 1731 1577 1788 viderat.
1624 1732 1715 1790 Sic
1756 1735 1840 1790 ni-
1871 1725 1917 1795 Β
1949 1745 2086 1792 terat
2108 1735 2408 1793 venundari
2438 1747 2794 1806 unguentum,
2821 1746 2875 1792 et
2896 1737 3010 1792 dari
3045 1738 3399 1822 pauperibus.
3423 1740 3537 1795 Sull

242 1821 448 1876 mirum
476 1829 630 1889 sunt,
652 1836 790 1892 quos
818 1821 1009 1878 mundi
1038 1837 1194 1878 amor
1220 1822 1363 1893 rapit
1392 1823 1448 1878 in
1477 1822 1611 1891 vita,
1635 1824 1841 1882 deserit

243 1921 375 1982 post
404 1915 595 1982 vitam,
637 1914 780 1985 quod
819 1915 1166 1971 somniabant
1204 1930 1301 1986 pro
1332 1921 1506 1972 certo.
1541 1899 1793 1987 Sequitur
1824 1899 1838 1972 ἐ

314 2004 476 2071 Quod
518 2009 690 2060 autem
736 2007 876 2061 vobis
923 2007 1063 2073 dico,
1106 2007 1340 2062 omnibus
1392 2009 1508 2062 dico
1539 2025 1560 2064 :
1596 2008 1837 2080 Vigilate.

240 2097 360 2152 Hoc
385 2099 502 2154 sive
530 2097 810 2154 concludit
836 2109 1166 2165 sermonem,
1200 2108 1259 2155 ut
1280 2105 1569 2158 commune
1597 2081 1839 2159 omnium

244 2201 580 2264 praeceptum
607 2193 893 2250 novissimi
923 2209 1023 2265 per
1050 2195 1254 2264 primos
1276 2193 1531 2250 audiant!

829 2354 1064 2411 CAPUT
1102 2352 1245 2410 XIV.

311 2491 446 2548 Erat
471 2501 644 2548 autem
696 2487 908 2548 Pascha
935 2499 980 2546 et
1013 2509 1196 2564 azyma
1238 2503 1354 2564 post
1402 2493 1637 2562 biduum.
1687 2491 1840 2568 Nunc

238 2602 604 2659 aSpergamus
634 2587 830 2641 librum
854 2596 1099 2641 nostrum
1127 2585 1410 2654 sanguine,
1444 2595 1500 2642 et
1526 2586 1714 2641 limina
1742 2583 1839 2642 do-

237 2696 485 2746 morum,
541 2687 596 2734 ct
635 2679 817 2734 funem
845 2679 1159 2735 coccineum
1211 2679 1618 2735 circumdemus
1655 2663 1838 2736 domui

239 2769 516 2826 orationis
540 2777 764 2837 nostrae,
787 2777 841 2824 et
866 2783 1088 2822 coccum
1118 2768 1171 2822 in
1195 2784 1356 2823 manu
1388 2776 1592 2833 nostra,
1621 2776 1679 2825 ut
1709 2753 1840 2822 Sara

235 2863 477 2932 ligemus
509 2881 520 2916 :
556 2874 615 2918 ut
641 2877 856 2917 vaccam
877 2861 1051 2916 rufam
1077 2862 1128 2915 in
1155 2863 1295 2917 valle
1317 2863 1554 2917 occisam
1581 2875 1841 2916 enarrare

239 2954 538 3026 possimus.
590 2953 823 3019 Pascha,
864 2953 1113 3008 transitus
1154 2953 1545 3022 interpretatur
1597 2968 1612 3006 :
1665 2935 1841 3008 Phase

238 3058 378 3098 vero
409 3043 733 3098 immolatio.
769 3043 824 3096 In
854 3042 1232 3096 immolatione
1258 3042 1377 3110 agni
1411 3051 1463 3095 et
1491 3041 1718 3096 transitu
1743 3057 1842 3112 po-

1941 1839 2205 1900 przetextu
2235 1831 2496 1892 avaritiam
2522 1825 2841 1900 mysterium
2865 1830 3102 1898 loquitur
3126 1831 3273 1886 lldei.
3310 1827 3527 1887 Etenim

1940 1935 2128 1980 nostra
2156 1917 2290 1979 ﬁdes
2323 1923 2582 1978 trecentis
2611 1923 2809 1977 emitur
2834 1921 3098 1988 denariis,
3132 1923 3184 1978 id
3213 1931 3317 1991 est,
3343 1924 3539 1980 decem

1940 2016 2194 2071 sensibus
2229 2029 2327 2086 per
2347 2029 2546 2084 corpus
2572 2019 2626 2069 et
2656 2014 2889 2068 animam
2925 2021 2981 2070 et
3011 2014 3262 2083 spiritum
3299 2017 3536 2086 triplica-

1942 2109 2028 2182 tis,
2064 2116 2120 2162 ut
2146 2116 2202 2164 et
2231 2121 2329 2163 nos
2357 2109 2496 2162 sicut
2518 2105 2736 2163 Gedeon
2764 2107 3132 2161 trecentorum
3165 2097 3404 2162 virorum
3432 2123 3535 2162 nu-

1943 2211 2156 2256 merum
2189 2211 2554 2268 assumente‘s,
2589 2197 3002 2271 Allophylorum
3032 2205 3232 2265 castra,
3269 2201 3538 2276 pauperes

1941 2293 2146 2363 spiritu
2171 2292 2356 2348 fraetis
2387 2293 2695 2364 lagunculis
2721 2294 2920 2348 nostris
2945 2305 3074 2349 cum
3104 2291 3249 2346 tubis
3271 2299 3327 2346 et
3355 2293 3536 2349 lacer-

1943 2387 2028 2441 nis
2059 2386 2427 2452 destruamus,
2456 2394 2509 2440 et
2538 2393 2597 2440 ut
2634 2377 2913 2441 Abraham
2933 2391 3060 2442 enm
3097 2387 3358 2441 trecentis
3383 2386 3536 2466 viris,

1941 2479 2113 2549 spolia
2143 2477 2208 2532 ad
2240 2491 2532 2547 vesperum
2560 2478 2888 2533 dividamus.
2918 2477 3174 2547 Sequitur
3205 2497 3218 2531 :

2015 2569 2217 2626 Bonum
2248 2588 2377 2641 opus
2409 2581 2617 2642 aperalu
2643 2579 2720 2626 est
2745 2572 2800 2625 in
2826 2586 2907 2624 me
2925 2586 2945 2634 ;
2983 2577 3182 2641 semper
3218 2572 3353 2625 enim
3400 2571 3534 2642 pati-

1943 2685 2089 2741 peres
2135 2667 2334 2721 habetis
2358 2666 2640 2731 vobiscum,
2679 2673 2724 2719 et
2747 2681 2862 2719 cum
2893 2665 3185 2732 volueritis,
3221 2665 3431 2742 potestis
3464 2647 3536 2719 il?

1943 2751 2007 2814 lis
2037 2761 2333 2830 benefacere
2361 2775 2380 2813 .'
2409 2772 2486 2813 me
2513 2765 2685 2810 autent
2710 2771 2812 2809 non
2842 2767 3044 2823 semper
3070 2749 3340 2809 habebitis.
3380 2747 3536 2836 Quod

1945 2851 2144 2917 habuit,
2193 2849 2303 2905 haec
2336 2850 2477 2920 fecit.
2510 2847 2611 2916 Qui
2650 2846 2825 2902 credit
2857 2847 2908 2900 in
2945 2843 3137 2912 Deum,
3171 2845 3454 2914 reputatur
3482 2843 3533 2900 ci

1944 2941 1997 2995 in
2037 2955 2174 3009 opus
2217 2939 2464 3008 justitize.
2509 2937 2668 2992 Aliud
2712 2945 2796 2992 est
2830 2937 2976 2992 enim
3017 2937 3240 2992 credere
3272 2937 3345 3000 et,
3389 2933 3537 2991 τιῐίϋᾶ

1944 3031 2169 3087 credere
2210 3032 2263 3085 in
2296 3043 2442 3092 eum,
2491 3028 2544 3083 id
2572 3035 2677 3094 est,
2712 3033 2883 3084 totum
2921 3028 3119 3097 ejicere
3164 3027 3219 3081 te
3256 3029 3310 3081 in
3358 3025 3568 3103 illum.’

233 3133 352 3202 puli
389 3148 484 3200 per
513 3146 684 3197 mare,
713 3130 800 3185 vel
833 3145 928 3199 per
958 3129 1271 3200 Egyptum,
1294 3103 1688 3199 “prteﬁguratur
1717 3103 1839 3200 pas-
1865 3103 1914 3166 θ
1943 3121 2096 3191 Quod
2153 3121 2362 3184 habuit,
2419 3119 2536 3175 ha-c
2599 3119 2750 3176 fecit.
2800 3117 2920 3174 Non
2967 3116 3182 3174 aliunde
3231 3133 3534 3188 speremus,

243 3224 333 3278 sio
357 3222 587 3286 Christi,
620 3228 676 3276 et
705 3220 1007 3290 redemptio
1035 3221 1216 3291 populi
1263 3219 1332 3275 de
1363 3217 1594 3289 inferno,
1629 3219 1841 3292 quando

238 3331 350 3372 nos
395 3324 519 3386 post
565 3314 792 3370 biduum
840 3312 1048 3379 visitat,
1105 3311 1156 3366 id
1207 3319 1319 3380 est,
1353 3312 1666 3380 plenissima
1713 3311 1840 3370 luna

239 3389 415 3460 aetate
442 3403 646 3460 Christi
681 3403 922 3474 perlecta
943 3444 956 3469 ,
988 3411 1043 3457 ut
1071 3417 1171 3457 nec
1199 3415 1320 3456 cum
1371 3401 1547 3471 aliqua
1585 3412 1737 3472 parte
1765 3413 1842 3460 te-

243 3497 514 3564 nebrosa,
542 3509 736 3550 carnes
781 3493 906 3566 agni
934 3492 1287 3559 immaculati,
1320 3493 1410 3563 qui
1451 3495 1591 3548 tollit
1621 3505 1840 3564 peceata

248 3589 440 3646 mundi
477 3571 574 3643 :in
598 3602 705 3644 una
727 3587 910 3654 domo,
935 3601 1055 3657 qum
1076 3596 1156 3642 est
1183 3601 1287 3640 una
1313 3586 1485 3641 electa
1517 3587 1704 3642 matris
1731 3600 1844 3642 suze

243 3682 496 3739 Ecclesia
528 3681 798 3737 catholica
825 3699 836 3733 :
867 3679 1079 3736 calciati
1105 3677 1393 3746 charitate,
1432 3688 1488 3734 et
1509 3679 1703 3734 armati
1734 3680 1844 3734 vir-

240 3782 363 3829 tute
405 3773 776 3838 comedanius,
808 3771 1051 3826 dicentes
1081 3788 1095 3824 :
1122 3771 1337 3827 Etenim
1368 3772 1568 3841 pascha
1600 3780 1845 3826 nostrum

235 3866 557 3920 immolatus
588 3871 671 3919 est
700 3861 968 3918 Christus.

315 3961 390 4014 Et
432 3959 724 4030 qucerebant
760 3956 948 4013 summi
976 3953 1269 4011 sacerdotes
1291 3967 1338 4010 et
1362 3953 1559 4022 scribat,
1592 3957 1848 4026 quomodo

239 4068 365 4106 eum
405 4052 524 4106 dolo
562 4058 808 4114 tenerent,
841 4058 889 4101 et
943 4046 1230 4100 occiderent
1260 4061 1280 4100 :
1331 4045 1565 4100 dicebant
1607 4055 1776 4100 autem
1830 4061 1849 4100 :

249 4143 378 4197 Non
407 4143 460 4195 in
481 4142 561 4196 die
586 4143 735 4210 festo,
764 4156 828 4194 ne
853 4139 984 4210 forte
1011 4133 1261 4191 tumultus
1287 4137 1430 4208 ﬁeret
1457 4137 1510 4190 in
1535 4140 1747 4208 papula.
1779 4137 1849 4192 Et

242 4254 366 4291 cum
388 4242 517 4290 esset
548 4233 815 4288 Bethania!
831 4232 886 4286 in
911 4233 1062 4284 domo
1087 4230 1314 4284 Simonis
1333 4229 1544 4298 leprosi,
1575 4238 1620 4283 et
1647 4239 1848 4282 recum-

245 4331 388 4388 beret
414 4346 431 4382 :
462 4329 596 4383 venit
632 4328 817 4382 mulier
849 4325 1036 4380 habens
1073 4326 1390 4380 alabastrum
1419 4327 1671 4398 unguenti
1701 4321 1851 4378 nardi

243 4422 434 4493 spiculi
463 4419 696 4493 pretiosi,
727 4425 773 4472 el
795 4419 961 4489 fracto
982 4415 1266 4481 alabastro,
1294 4415 1480 4483 effudit
1505 4429 1662 4484 super
1691 4421 1847 4486 caput

1941 3213 2086 3286 quod
2115 3213 2166 3268 in
2197 3213 2353 3267 nobis
2388 3211 2672 3266 habemus.

2014 3299 2275 3361 Prtevenil
2327 3317 2518 3378 ungere
2572 3317 2762 3371 corpus
2833 3305 3002 3356 meum
3075 3303 3131 3354 in
3185 3301 3534 3370 sepulturam.

1941 3393 2102 3452 Amen
2134 3398 2248 3449 dico
2271 3395 2432 3460 vobis,
2469 3393 2769 3464 ubicumque
2791 3392 3133 3462 pra'dicalum
3166 3391 3324 3460 fuerit
3355 3389 3534 3443 Evan-

1942 3491 2133 3562 gelium
2165 3489 2302 3543 istud
2329 3488 2384 3541 in
2423 3487 2661 3539 universo
2704 3484 2916 3550 munda,
2963 3489 3010 3536 et
3054 3479 3193 3551 quod
3231 3483 3353 3562 fecit
3398 3481 3532 3548 lucc,

1946 3559 2245 3636 narrabitur
2291 3580 2344 3632 in
2396 3577 2696 3630 memoriam
2733 3577 2866 3646 ejus.
2907 3569 2975 3626 Et
3024 3571 3192 3626 Judas
3239 3559 3536 3638 lscariatis,

1946 3690 2082 3728 unus
2114 3671 2176 3726 de
2215 3669 2516 3734 duodecim,
2559 3667 2686 3720 abiit
2725 3667 2794 3719 ad
2839 3675 3065 3719 summos
3113 3663 3428 3730 sacerdotes,
3483 3669 3539 3716 ut

1949 3761 2188 3833 proderet
2221 3779 2332 3816 eum
2359 3761 2488 3814 illis.
2519 3759 2619 3826 Qui
2639 3759 2931 3823 audientes,
2957 3756 3120 3829 gavisi
3148 3765 3268 3809 sunt
3302 3769 3322 3809 :
3346 3763 3392 3810 et
3419 3770 3540 3825 pro-

1946 3855 2197 3910 miserunt
2235 3856 2281 3910 ei
2313 3853 2584 3924 pecuniam
2628 3867 2682 3906 se
2708 3851 2941 3903 daturos.
2974 3847 3043 3902 Et
3087 3841 3370 3918 qumrebal,
3399 3864 3532 3920 quo-

1950 3948 2103 4003 modo
2147 3963 2262 4001 eum
2293 3951 2580 4016 Opportune
2621 3941 2868 3994 traderet.
2909 3937 2978 3992 Et
3010 3939 3176 4008 primo
3204 3931 3288 3991 die
3331 3955 3547 4007 azyma.

1949 4058 2088 4108 rum,
2124 4040 2330 4109 quando
2352 4037 2544 4111 pascha
2569 4035 2927 4099 immolabant,
2963 4033 3141 4087 dicunt
3173 4033 3219 4086 ei
3248 4029 3492 4098 discipuli
3523 4049 3544 4087 :

1956 4134 2070 4201 Quo
2116 4133 2189 4185 vis
2214 4147 2412 4193 eamus,
2443 4135 2490 4183 et
2521 4143 2758 4197 paremus
2789 4127 2883 4180 tibi
2913 4126 3173 4206 comedere
3195 4122 3428 4196 pascha?
3473 4120 3542 4176 Et

1952 4226 2105 4279 mittit
2137 4225 2268 4279 duos
2308 4240 2371 4278 ex
2405 4221 2675 4291 discipulis
2704 4219 2837 4288 suis,
2879 4231 2928 4273 et
2971 4217 3099 4272 dicit
3121 4216 3193 4269 eis
3219 4231 3238 4268 :
3274 4212 3358 4267 Ite
3385 4214 3439 4267 in
3467 4215 3546 4266 ci-

1954 4318 2182 4383 vitatem,
2222 4324 2269 4371 et
2299 4321 2532 4369 occurret
2567 4312 2705 4367 vobis
2729 4301 2879 4366 homo
2911 4312 3153 4382 lagonam
3201 4320 3350 4375 aqua:
3388 4305 3540 4378 baju-

1956 4413 2090 4481 lans,
2123 4394 2392 4482 sequimini
2423 4425 2539 4464 eum
2568 4423 2586 4462 :
2632 4413 2678 4461 et
2721 4420 3040 4477 quocumque
3069 4400 3348 4467 introierit,
3391 4398 3547 4451 dicite

245 4473 386 4586 eius.
417 4473 823 4583 Arprincipibus
848 4523 1065 4580 egressa
1089 4517 1171 4562 est
1194 4505 1452 4578 iniquitas
1473 4508 1526 4561 in
1548 4473 1846 4578 liabylonc.
1881 4473 1932 4536 Β
1960 4509 2168 4562 domino
2203 4506 2388 4560 domus
2416 4519 2435 4558 :
2479 4502 2604 4574 quia
2630 4501 2875 4572 magister
2901 4497 3026 4550 dicit
3057 4510 3076 4548 :
3110 4493 3212 4548 Ubi
3238 4493 3311 4586 est
3343 4490 3550 4586 refectio

246 4605 448 4660 Occiso
478 4603 680 4659 etenim
721 4602 931 4671 capite,
977 4607 1148 4655 totum
1176 4611 1376 4668 corpus
1420 4613 1623 4655 enervc
1673 4599 1848 4654 elﬁci-

257 4708 368 4752 tur.
401 4693 554 4752 Unde
584 4693 771 4749 miseri
797 4691 1022 4766 iaciunt,
1056 4689 1196 4760 quod
1219 4691 1392 4759 capita
1423 4691 1736 4745 moliuntur.
1766 4689 1852 4744 Vi-

252 4797 374 4845 tant
404 4788 550 4844 diem
585 4785 806 4854 festum,
839 4785 986 4856 quod
1011 4782 1264 4841 convenit
1290 4782 1417 4837 illis.
1448 4781 1566 4836 Non
1597 4789 1682 4837 est
1707 4779 1850 4836 enim

252 4878 530 4937 festivitas
565 4879 652 4934 his
691 4875 784 4947 qui
821 4877 988 4932 vitam
1029 4885 1083 4932 et
1129 4871 1556 4930 misericordiam
1609 4875 1855 4945 perdide-

251 4983 403 5028 runt.
442 4971 604 5029 Venit
645 4972 807 5026 .lesus
856 4968 1196 5025 Bethaniam.
1249 4965 1518 5022 Hinnulus
1564 4981 1854 5023 cervorum

256 5079 479 5136 semper
505 5065 573 5121 ad
596 5065 799 5122 lcetum
825 5077 980 5118 suum
1009 5061 1178 5128 redit,
1213 5059 1263 5115 id
1285 5069 1392 5125 est,
1417 5058 1560 5114 ﬁlius
1591 5058 1855 5114 obediens

257 5151 601 5230 patriusque
642 5157 709 5213 ad
745 5165 996 5223 mortem,
1030 5152 1398 5210 obedientiam
1430 5167 1459 5205 a
1490 5150 1649 5207 nobis
1693 5151 1847 5222 petit.

255 5251 450 5307 Simon
473 5251 744 5322 leprosus,
769 5250 1025 5304 mundum
1059 5245 1331 5301 inﬁdelem
1359 5245 1556 5315 primo.
1589 5254 1644 5299 et
1666 5253 1854 5313 postea

258 5343 479 5400 ﬁdelem
510 5343 799 5414 signiﬁcat.
823 5341 1012 5395 Mulier
1037 5355 1158 5395 cum
1182 5338 1471 5402 alabastro,
1503 5336 1850 5391 Ecclesiasti-

256 5447 381 5490 cam
426 5433 613 5500 ﬁdem,
653 5447 775 5502 quas
812 5430 945 5486 dicit
978 5449 992 5486 :
1040 5429 1253 5485 Nardus
1291 5442 1410 5484 mea
1457 5426 1608 5483 dedit
1634 5425 1860 5482 odorem

259 5542 450 5584 suum.
506 5527 710 5582 Pistica
751 5524 955 5579 nardus
995 5510 1215 5589 dicitur,
1258 5521 1310 5576 id
1363 5529 1447 5577 est
1473 5563 1488 5586 ,
1536 5519 1764 5591 mystica
1807 5527 1862 5574 et

263 5621 540 5689 pretiosa.
578 5617 778 5671 Domus
807 5616 1026 5686 impleta
1048 5615 1234 5682 odore,
1264 5613 1464 5669 coelum
1495 5620 1550 5666 ct
1578 5622 1722 5666 terra
1754 5618 1853 5666 est.

264 5712 528 5774 Fractutn
556 5709 913 5779 alabastrum,
934 5708 1146 5766 carnale
1170 5716 1251 5768 est
1293 5706 1624 5767 desiderium
1659 5721 1674 5760 ;
1706 5703 1849 5774 quod

1960 4617 2093 4669 mea,
2146 4598 2231 4652 ubi
2262 4595 2454 4666 pascha
2484 4609 2601 4647 cum
2649 4589 2916 4661 discipulis
2946 4586 3070 4640 meis
3114 4582 3457 4636 manducem?
3486 4580 3553 4634 Et

1959 4691 2070 4763 ipse
2099 4691 2238 4748 vobis
2268 4685 2641 4744 demonstrabit
2666 4679 2984 4737 ctenacnlutn
3016 4675 3212 4754 grande
3232 4684 3471 4740 stratum,
3502 4683 3550 4730 et

1961 4787 2069 4842 illic
2095 4793 2276 4857 parate
2299 4782 2463 4837 nobis.
2491 4780 2560 4842 Et
2607 4779 2845 4834 abierunt
2872 4771 3124 4843 discipuli
3153 4772 3285 4840 ejus,
3312 4778 3358 4824 et
3398 4784 3556 4823 vene-

1961 4886 2079 4933 runt
2117 4878 2171 4930 in
2199 4876 2477 4940 civitatem,
2523 4881 2574 4927 et
2614 4872 2919 4925 invenerunt
2945 4869 3079 4922 sicut
3110 4865 3311 4918 dixerat
3341 4861 3476 4929 illis,
3508 4870 3560 4916 et

1971 4973 2283 5041 paraverunt
2313 4963 2530 5036 pascha.
2578 4954 2635 5017 Id
2667 4970 2774 5028 est,
2801 4969 3097 5029 antequam
3126 4946 3338 5014 veniret
3365 4957 3431 5020 is,
3463 4954 3556 5025 qui

1964 5057 2297 5116 excluderet.
2351 5054 2522 5111 Judas
2575 5051 2868 5118 Iscariotis,
2923 5063 3061 5106 unus
3111 5047 3181 5104 de
3238 5047 3556 5104 duodecim.

1969 5151 2116 5209 Unus
2139 5160 2389 5213 numero,
2421 5159 2526 5200 non
2558 5157 2696 5199 unus
2728 5143 2922 5198 merito
2951 5158 2966 5196 :
3000 5156 3142 5197 unus
3183 5140 3421 5199 nomine,
3451 5150 3564 5190 non

1964 5256 2102 5300 unus
2130 5239 2350 5296 numine
2377 5255 2388 5292 :
2419 5252 2558 5291 unus
2589 5248 2838 5304 corpore,
2869 5247 2977 5289 non
3006 5247 3145 5286 unus
3176 5231 3377 5284 animo.
3406 5224 3566 5282 Unde

1963 5348 2194 5408 sponsus
2239 5331 2307 5389 ad
2357 5343 2613 5401 sponsam
2647 5327 2793 5382 canit
2823 5344 2834 5380 :
2870 5325 3181 5380 Vulnerasti
3211 5337 3306 5376 cor
3358 5331 3562 5383 meum,

1965 5442 2122 5484 soror
2155 5439 2274 5480 mea
2306 5435 2532 5492 sponsa,
2566 5419 2619 5474 in
2661 5431 2766 5473 uno
2815 5417 3098 5472 oculorum
3131 5422 3371 5473 tuorum,
3405 5421 3458 5464 et
3506 5411 3563 5464 in

1969 5531 2075 5572 uno
2104 5515 2254 5571 crine
2283 5511 2410 5568 colli
2449 5511 2544 5565 tui.
2595 5508 2793 5564 Oculus
2820 5515 2876 5561 et
2917 5503 3104 5570 crinis,
3152 5499 3433 5570 sapicntize
3485 5507 3568 5553 est

1970 5607 2140 5662 virtus
2178 5625 2190 5658 :
2227 5602 2479 5677 quoniam
2521 5601 2674 5656 Iudae
2719 5615 2841 5654 cum
2875 5589 3090 5651 caneris
3127 5593 3323 5647 dicitur
3353 5607 3366 5643 :
3399 5588 3567 5645 Vobis

1971 5699 2159 5760 datum
2186 5705 2270 5758 est
2293 5709 2455 5755 nosse
2480 5692 2795 5766 mysterium
2818 5689 2968 5763 regni
2994 5707 3007 5743 :
3039 5696 3094 5746 et
3122 5685 3246 5744 dedi
3275 5683 3427 5742 vobis
3457 5696 3553 5754 po—
