4030 6202
464 218 568 278 651

1502 206 1564 263 S.
1608 203 1994 262 HIERONYMI
2028 200 2315 261 OPERUM
2354 197 2720 258 MANTISSA.

3662 198 3791 259 652

465 341 752 401 testatem,
780 340 836 390 et
869 330 1100 402 reliqua.
1132 326 1281 383 Abiit
1322 323 1388 395 ad
1417 321 1691 393 principes
1734 338 1746 373 :
1775 322 2066 390 Postquam
2092 320 2150 382 Α
2171 325 2326 373 utero
2352 324 2626 385 materno,
2671 312 2868 369 melius
2899 318 2985 369 est
3022 325 3130 369 non
3163 324 3311 383 esse,
3345 326 3506 386 quam
3550 315 3623 371 ad
3652 323 3790 374 tor-

474 431 627 499 exiit,
666 429 893 485 Satanas
920 426 976 479 in
1001 436 1122 478 eum
1156 416 1397 474 intravit.
1428 414 1525 469 Hic
1550 427 1662 469 nox
1688 412 1836 467 nocti
1865 410 2067 467 indicat

471 524 777 579 scientiam.
804 512 1234 583 Unumquodque
1264 507 1465 565 animal
1488 506 1555 562 ad
1584 505 1761 561 simile
1804 503 1907 559 sibi
1937 504 2068 573 jun-

470 614 639 685 gitur.
680 609 844 664 Maria
873 604 1043 661 currit
1071 603 1138 658 ad
1172 601 1469 672 apostolos,
1498 606 1558 653 ut
1578 596 1698 652 dies
1725 595 1832 651 diei
1858 602 2069 651 eructet

470 703 703 759 verbum
735 716 747 752 :
781 697 852 752 Et
896 695 1066 752 Judas
1096 693 1163 748 ad
1199 691 1442 759 Judteos,
1492 697 1551 744 ut
1594 703 1704 745 nox
1746 688 1890 743 nocti
1928 686 2069 742 indi-

468 801 558 850 cet
605 790 909 847 scientiam.
955 785 1282 841 Promittunt
1328 780 1638 853 pecuniam,
1686 779 1941 835 amittunt
1982 780 2068 833 vi-

463 883 614 953 tamf;
639 896 800 953 quam
831 879 948 950 ipse
970 876 1197 947 recepit,
1220 890 1346 931 cum
1369 875 1535 929 vitam
1560 872 1759 927 amisit.
1784 871 2072 940 Quaerebat

467 973 956 1049 opportunitatem.
982 969 1373 1040 Opportunitas
1402 966 1514 1023 doli
1540 980 1835 1035 numquam
1862 965 2072 1021 inveni-

466 1080 579 1137 tur,
612 1078 670 1124 ut
699 1080 807 1122 non
835 1062 1136 1119 vindicetur
1166 1061 1254 1117 hic
1278 1068 1372 1115 aut
1402 1059 1534 1114 illic.
1566 1057 1846 1113 Promittit
1872 1071 1932 1112 se
1962 1064 2074 1112 tra-

469 1162 603 1219 dere
627 1203 643 1229 ,
686 1167 745 1215 ut
768 1155 1029 1229 magister
1056 1154 1176 1225 ejus
1213 1152 1466 1209 diabolus
1496 1159 1627 1207 ante
1655 1150 1873 1207 dicebat
1907 1169 1919 1203 :
1950 1149 2073 1205 Tibi

470 1255 615 1311 dabo
633 1260 961 1325 potestatem
992 1248 1136 1303 hanc
1162 1244 1494 1302 universam.
1521 1245 1591 1299 Et
1627 1243 1804 1313 primo
1825 1243 1916 1299 die
1948 1258 2074 1313 azy-

472 1359 710 1414 morum,
738 1357 860 1412 qute
879 1355 1004 1396 cum
1027 1337 1393 1395 amaritudine
1422 1335 1818 1392 manducantur
1842 1352 1856 1388 :
1881 1349 2075 1406 azyma

473 1438 633 1495 nobis
658 1446 743 1493 est
772 1434 1073 1504 redemptio
1104 1441 1331 1498 nostra,
1359 1428 1666 1485 amaritudo
1704 1442 1858 1493 vero,
1891 1426 2073 1497 passio

472 1508 711 1586 Domini.
756 1527 953 1582 Dicunt
994 1524 1246 1594 discipuli
1280 1522 1444 1589 :Quo
1488 1521 1570 1576 vis
1598 1518 1826 1575 eamus?
1854 1517 1925 1573 Ut
1950 1531 2074 1573 cum

476 1621 758 1675 voluntate
805 1618 903 1673 Dei
931 1617 1228 1687 dirigamus
1255 1627 1479 1685 gressus
1518 1620 1757 1667 nostros.
1810 1609 2075 1665 Dominus

2169 418 2352 467 menta
2391 424 2534 466 esse.
2587 406 2817 478 Accepit
2862 407 3021 463 Jesus
3059 421 3284 478 panem,
3336 416 3393 463 et
3431 408 3787 466 benedicens

2169 504 2348 575 fregit,
2374 503 2764 575 transﬁgurans
2795 515 2996 573 corpus
3040 517 3202 558 suum
3252 502 3307 558 in
3352 518 3595 574 panem,
3627 504 3782 575 quod

2170 604 2253 651 est
2278 595 2526 653 Ecclesia
2551 607 2816 666 praesens,
2842 610 2964 664 quae
2992 593 3262 664 accipitur
3291 594 3346 648 in
3377 594 3500 659 (ide,
3544 595 3785 651 benedi-

2171 689 2313 745 citur
2362 689 2415 743 iu
2467 702 2717 754 numero,
2767 686 3039 758 frangitur
3082 687 3139 742 in
3189 688 3565 757 passionibus,
3609 688 3781 743 datur

2170 781 2225 838 in
2252 783 2537 853 exemplis,
2567 782 2800 837 sumitur
2838 780 2894 836 in
2921 781 3189 838 doctrinis
3225 799 3238 836 :
3273 781 3518 837 formans
3553 783 3779 853 sangui-

2174 892 2297 934 nem
2329 890 2488 930 suum
2511 874 2566 929 in
2592 874 2841 944 calicem,
2865 873 2992 930 vino
3022 882 3078 930 et
3116 888 3254 945 aqua
3284 875 3515 930 mixtum
3536 920 3551 943 ,
3582 883 3641 930 ut
3666 875 3776 930 alio

2173 984 2470 1041 purgemur
2495 982 2525 1023 a
2567 967 2763 1037 culpis,
2794 966 2902 1020 alio
2932 966 3278 1022 redimamur
3318 979 3349 1021 a
3393 966 3593 1035 poenis.
3626 966 3777 1022 San-

2174 1060 2341 1131 guine
2361 1073 2599 1129 namque
2624 1057 2749 1128 agni
2796 1064 3086 1113 servantur
3128 1057 3328 1113 domus
3358 1072 3388 1111 a
3418 1058 3775 1128 percussione

2175 1152 2353 1225 angeli
2379 1172 2393 1208 :
2426 1159 2483 1207 et
2506 1166 2646 1221 aqua
2685 1151 2851 1206 maris
2880 1150 3049 1205 Rubri
3080 1150 3503 1221 exstinguuntur
3528 1150 3752 1219 inimici,

2176 1261 2299 1316 quae
2323 1252 2451 1301 sunt
2477 1242 2735 1314 mysteria
2762 1243 3027 1299 Ecclesiae
3053 1241 3284 1299 Christi.

2250 1333 2319 1390 Et
2346 1344 2561 1402 accepto
2607 1333 2771 1388 calice
2808 1335 3005 1405 gratias
3037 1350 3219 1407 agens,
3265 1334 3405 1390 dedit
3435 1334 3529 1390 eis.
3559 1332 3766 1403 Gratia,

2178 1441 2287 1484 non
2309 1426 2517 1482 meritis
2540 1426 2732 1481 salvati
2763 1440 2954 1481 sumus
2986 1441 3015 1481 a
3047 1427 3182 1483 Deo.

2249 1519 2320 1573 Et
2346 1518 2585 1573 biberunt
2608 1535 2673 1573 ea:
2692 1517 2785 1571 illo
2816 1533 3015 1574 omnes.
3049 1518 3119 1573 Et
3148 1519 3219 1573 ait
3244 1518 3347 1573 illis
3373 1534 3394 1574 :
3417 1518 3523 1573 Hic
3543 1525 3621 1573 est
3642 1534 3767 1573 san-

2178 1612 2295 1683 guis
2320 1627 2465 1666 meus
2496 1611 2617 1664 novi
2643 1609 2984 1679 Tcstamenti,
3007 1612 3099 1681 qui
3129 1628 3216 1680 pro
3238 1611 3417 1666 multis
3440 1611 3775 1679 eﬂ'undetur.‘

480 1712 686 1767 indicat
735 1724 857 1764 cum
895 1724 1003 1778 quo
1047 1706 1341 1762 manducet
1378 1702 1579 1773 pascha
1610 1719 1622 1755 :
1674 1710 1729 1756 et
1777 1715 1930 1756 more
1979 1715 2078 1757 suo
2108 1700 2159 1761 B
2184 1703 2347 1757 Amen
2373 1702 2491 1756 dico
2524 1700 2683 1767 vobis,
2711 1702 2852 1772 quod
2872 1705 3013 1774 jam.
3057 1701 3301 1757 Ebrietas
3349 1702 3504 1769 felix,
3550 1702 3772 1758 satietas

475 1804 651 1860 mittit
676 1803 836 1868 duos,
868 1799 1012 1870 quod
1054 1812 1219 1867 supra
1248 1793 1620 1862 exposuimus.
1672 1790 1743 1843 Et
1773 1790 1907 1845 dicit
1939 1808 1951 1843 :
1999 1790 2078 1848 lle

474 1893 534 1952 in
562 1894 859 1957 civitatem,
895 1900 949 1944 et
996 1888 1225 1956 reliqua.
1258 1884 1483 1949 Civitas,
1529 1890 1611 1936 est
1641 1879 1911 1950 Ecclesia,
1956 1897 2077 1952 quae

475 1999 634 2040 muro
676 1982 801 2035 ﬁdei
833 1978 1085 2049 cingitur.
1121 1975 1297 2031 Homo
1337 1987 1651 2040 occurrens,
1694 1973 1926 2043 populus
1962 1975 2075 2044 pri-

474 2075 699 2131 mitivus
747 2080 851 2128 est.
897 2070 1176 2139 Amphora
1207 2081 1362 2137 aquae
1390 2066 1480 2121 lex
1518 2064 1715 2120 littera:
1748 2074 1851 2120 est.
1885 2065 2077 2136 Sequi-

471 2165 609 2222 mini
631 2179 781 2229 eum,
804 2161 893 2233 qui
910 2160 1062 2217 ducit
1084 2160 1137 2215 in
1155 2159 1348 2228 altum,
1374 2156 1466 2212 ubi
1486 2164 1569 2212 est
1590 2156 1818 2212 refectio
1838 2155 2077 2212 Christi?

472 2258 631 2314 Unde
654 2254 805 2311 Raab
835 2250 1278 2322 exploratoribus
1308 2247 1551 2315 mandat,
1578 2256 1639 2302 ut
1666 2262 1775 2301 non
1809 2247 1950 2302 irent
1979 2262 2078 2317 per

474 2353 609 2417 ima,
640 2348 738 2405 sed
769 2362 866 2417 per
905 2347 1123 2401 excelsa
1150 2350 1464 2415 pergerent.
1494 2339 1844 2397 Cmnaculum
1872 2341 2078 2410 grande

472 2443 728 2500 Ecclesia
755 2455 951 2510 magna
973 2449 1057 2495 est
1080 2456 1093 2491 :
1126 2438 1178 2492 in
1202 2451 1309 2507 qua
1337 2443 1593 2490 narratur
1614 2447 1813 2488 nomen
1836 2432 2073 2501 Domini,

478 2546 653 2594 strata
683 2533 945 2590 varietate
976 2531 1235 2586 virtutum
1258 2537 1315 2585 et
1342 2528 1674 2598 linguarum,
1702 2532 1763 2579 ut
1791 2532 1875 2579 est
1903 2524 2031 2578 illud
2060 2542 2074 2581 :

476 2625 899 2685 Circumamicta
949 2624 1217 2678 varietate
1271 2622 1323 2675 in
1390 2633 1493 2690 qua
1570 2625 1792 2687 paratur
1846 2616 2078 2673 Domino

478 2718 708 2789 pascha.
742 2715 1010 2769 Dominus
1037 2713 1253 2777 domus,
1294 2711 1490 2764 Petrus
1533 2708 1813 2777 apostolus
1843 2717 1949 2764 est.
1979 2706 2079 2765 Cui

478 2806 748 2864 Dominus
773 2804 996 2859 domum
1022 2817 1177 2857 suam
1201 2798 1456 2867 credidit,
1483 2808 1540 2854 ut
1567 2798 1642 2854 sit
1670 2814 1774 2853 una
1800 2797 1937 2856 ﬁdes
1974 2800 2078 2857 sub

484 2913 594 2954 uno
620 2902 859 2967 pastore.

561 2991 784 3060 Vespere
804 2996 976 3041 autem
997 2986 1156 3055 facto,
1180 2988 1315 3041 venit
1335 3003 1450 3042 cum
1471 2986 1766 3051 duodecim,
1784 2994 1830 3041 et
1848 2986 2077 3041 discum-

2184 1793 2441 1850 salutaris
2476 1810 2490 1849 :
2515 1807 2637 1863 quae
2658 1800 2865 1863 quanto
2892 1792 3171 1860 copiosius
3203 1793 3462 1858 sumitur,
3487 1800 3639 1847 tanto
3664 1806 3772 1846 ma-

2177 1884 2356 1956 jorem
2404 1884 2762 1940 sobrietatem
2814 1884 3086 1939 mentibus
3133 1884 3342 1940 donare
3387 1884 3664 1955 dignatur.
3710 1884 3773 1940 Et

2181 1976 2349 2034 Judas
2381 1977 2540 2042 bibit,
2577 1976 2674 2032 sed
2702 1990 2807 2031 non
2839 1983 3136 2043 saturatur,
3172 1990 3274 2032 nec
3303 1976 3452 2031 sitim
3486 1976 3774 2048 exstinguit

2181 2067 2322 2137 ignis
2367 2068 2582 2135 aeterni,
2628 2068 2755 2137 quia
2786 2067 3004 2137 indigne
3047 2067 3219 2123 sumit
3260 2067 3523 2139 mysteria
3553 2067 3771 2126 Christi.

2182 2158 2283 2216 Hic
2312 2160 2525 2215 macula
2558 2162 2612 2215 in
2654 2161 2783 2215 luna
2812 2161 3122 2217 ostenditur
3155 2177 3169 2216 :
3202 2176 3324 2232 qua:
3363 2177 3658 2233 numquam
3687 2163 3774 2220 dc-

2182 2253 2343 2308 letur.
2375 2252 2528 2308 Luna
2560 2252 2822 2308 Ecclesia:
2863 2254 3060 2309 merito
3101 2264 3477 2324 comparatur,
3512 2271 3632 2326 quae
3674 2272 3774 2312 non

2182 2343 2346 2399 habet
2367 2342 2718 2414 splendorem
2754 2364 2767 2399 :
2796 2345 2893 2400 sed
2924 2359 2951 2398 a
2986 2344 3103 2401 sole
3131 2345 3300 2400 certis
3337 2345 3516 2401 modis
3548 2346 3775 2416 suscipit

2182 2436 2391 2503 lumen,
2418 2436 2471 2491 id
2500 2444 2605 2504 est,
2636 2451 2664 2489 a
2693 2434 2938 2506 Christo,
2969 2437 3059 2508 qui
3092 2446 3376 2508 permanet
3408 2438 3460 2492 in
3490 2447 3772 2494 aeternum.

2182 2523 2321 2579 Sunt
2374 2525 2523 2581 enim
2583 2526 2637 2580 in
2692 2524 2937 2580 Ecclesia
2992 2541 3130 2596 quos
3186 2526 3517 2583 sacriﬁcium
3572 2529 3773 2583 nullum

2182 2617 2463 2683 emundat.
2516 2618 2613 2674 sed
2652 2632 2748 2674 eos
2792 2619 3052 2689 cogitatio
3098 2618 3360 2690 insipiens
3410 2620 3662 2690 perducit
3709 2620 3773 2676 ad

2183 2710 2372 2780 culpas
2406 2710 2537 2781 :qui
2581 2724 2643 2765 se
2683 2724 2925 2766 caenosa:
2964 2711 3304 2766 crudelitatis
3333 2709 3515 2783 [Fort.
3549 2712 3776 2768 creduli-

2181 2803 2328 2876 tatis]
2343 2803 2601 2860 fetoribus
2621 2803 2975 2860 miscuerunt.
3006 2804 3242 2877 Sanguis
3274 2806 3423 2861 enim
3447 2806 3571 2861 novi
3593 2806 3773 2862 Testa-

2180 2898 2372 2965 menti,
2388 2897 2479 2968 qui
2503 2912 2602 2968 pro
2622 2898 2803 2953 multis
2817 2896 3147 2966 eli‘undetur,
3176 2911 3280 2953 non
3295 2913 3486 2953 omnes
3500 2899 3767 2954 emendat.

2253 2987 2376 3043 Non
2399 2988 2571 3042 bibam
2592 2990 2656 3042 de
2680 2988 2944 3060 genimine
2973 2989 3111 3056 vitis,
3150 3005 3310 3059 usque
3344 2989 3398 3042 in
3440 2988 3591 3043 illum
3633 2990 3762 3043 diem

476 3082 713 3138 bentibus
734 3080 829 3147 eis,
856 3087 904 3132 et
922 3078 1374 3146 manducantibus,
1407 3080 1480 3132 ait
1520 3076 1675 3132 Jesus
1708 3093 1727 3131 :
1760 3078 1925 3131 Amen
1958 3079 2077 3132 dico
2103 3078 2150 3141 C
2181 3096 2297 3136 cum
2326 3080 2460 3135 illud
2480 3080 2647 3135 bibant
2680 3097 2867 3136 novum
2899 3082 2955 3135 in
2981 3098 3139 3153 regno
3158 3080 3274 3135 Dei.
3310 3081 3407 3136 Hic
3438 3090 3614 3137 mutat
3658 3092 3771 3137 tan-

480 3175 642 3240 vobis,
686 3171 810 3241 quia
859 3185 994 3223 unus
1027 3184 1090 3222 ea:
1134 3168 1275 3222 vobis
1312 3166 1479 3221 tradet
1520 3183 1637 3233 me,
1677 3168 1763 3237 qui
1798 3168 2079 3222 manducat

478 3282 697 3320 mecum.
735 3263 799 3316 At
826 3261 908 3315 illi
936 3270 1194 3330 coeperunt
1224 3259 1545 3325 contristari,
1578 3265 1625 3311 et
1658 3258 1830 3312 dicere
1858 3260 1904 3312 ei
1931 3258 2078 3328 sigil-

484 3357 633 3411 latim
662 3372 680 3411 :
710 3352 987 3423 Numquid
1013 3353 1140 3423 ego?
1178 3350 1282 3417 Qui
1310 3351 1383 3404 ait
1412 3350 1519 3403 illis
1542 3366 1561 3405 :
1598 3348 1741 3403 Unus
1781 3364 1845 3402 ea:
1873 3349 2075 3402 duode-

476 3444 929 3517 cim,quiintingit
960 3458 1158 3495 mecum
1182 3441 1236 3494 in
1255 3441 1451 3495 catino.
1475 3439 1542 3492 Et
1570 3439 1714 3507 ﬁlius
1740 3440 1945 3508 quidem
1984 3438 2079 3493 ho-

479 3541 634 3593 minis
666 3536 809 3589 vadit
836 3535 965 3587 sicut
993 3533 1246 3603 scriptum
1275 3540 1352 3585 est
1392 3530 1456 3583 de
1485 3545 1545 3584 eo
1578 3546 1596 3587 ε
1637 3528 1726 3583 Va:
1766 3539 1939 3582 autem
1979 3532 2076 3583 lto-

477 3628 605 3681 mini
652 3625 755 3689 illi,
788 3640 880 3691 per
915 3639 1065 3687 quem
1116 3623 1258 3691 ﬁlius
1302 3621 1526 3675 hominis
1576 3620 1830 3674 tradetur.
1860 3618 2078 3693 .Bonum

481 3724 592 3771 erat
620 3715 667 3767 ei
695 3714 738 3766 si
768 3720 925 3765 natus
952 3728 1054 3765 non
1084 3714 1265 3781 fuisset
1288 3712 1441 3764 homo
1467 3710 1576 3765 ille.
1602 3709 1671 3763 Et
1714 3712 2078 3766 manducanti-

484 3807 576 3860 bus
599 3804 724 3868 illis,
756 3801 957 3871 accepit
987 3800 1143 3854 Jesus
1173 3816 1381 3869 panem,
1407 3809 1453 3854 et
1478 3801 1801 3870 benedicens,
1825 3802 2004 3874 fregit,
2027 3812 2077 3858 et

480 3897 622 3950 dedit
643 3896 734 3959 eis,
764 3902 813 3945 et
835 3892 906 3945 ait
932 3908 948 3946 :
970 3889 1195 3956 Sumite,
1219 3890 1314 3945 hoc
1338 3901 1411 3945 est
1432 3907 1617 3962 corpus
1639 3893 2076 3965 meum.Vespera

483 3988 629 4057 diei,
687 3998 972 4054 vesperam
1022 3982 1225 4037 indicat
1268 3984 1478 4039 mundi.
1530 3983 1683 4039 Circa
1732 3985 2075 4040 undecimam

478 4094 719 4151 namque
749 4077 942 4132 horam
973 4075 1201 4131 veniunt
1231 4075 1535 4144 novissimi,
1569 4077 1663 4147 qui
1701 4078 1859 4147 primi
1901 4078 2073 4134 dena-

481 4172 623 4229 rium
678 4170 807 4225 vitae
853 4167 1131 4237 accipiunt
1175 4175 1392 4223 aeterna:
1445 4186 1458 4220 :
1499 4168 1623 4237 quia
1678 4177 1805 4223 ante
1855 4183 2074 4225 crucem

480 4262 755 4321 Abraham
781 4259 972 4317 eratin
998 4259 1237 4326 inferno,
1265 4268 1319 4314 et
1347 4268 1472 4329 post
1496 4274 1713 4315 crucem
1740 4262 1878 4315 latro
1902 4261 1954 4315 iu
1978 4276 2073 4331 pa-

478 4354 687 4410 radiso.
715 4350 1163 4407 Manducantibus
1185 4362 1370 4406 autem
1398 4350 1481 4406 eis
1507 4350 1617 4405 ait:
1654 4350 1801 4406 Unus
1828 4364 1894 4406 ex
1919 4351 2072 4407 vobis

2182 3183 2297 3230 tum
2346 3173 2700 3240 sacriﬁcium,
2751 3174 2848 3229 sed
2896 3188 3003 3229 non
3043 3181 3217 3228 mutat
3272 3182 3488 3244 tempus
3524 3190 3539 3228 :
3573 3183 3633 3228 ut
3680 3189 3772 3229 nos

2180 3281 2479 3337 numquam
2525 3280 2738 3322 caenam
2778 3266 3016 3333 Domini,
3047 3274 3177 3321 ante
3220 3274 3471 3336 quartam
3513 3267 3771 3323 decimam

2182 3359 2363 3415 lunam
2394 3360 2685 3415 faciamus.
2720 3360 2823 3428 Qui
2870 3361 2997 3416 facit
3038 3361 3091 3415 in
3126 3368 3319 3431 quarta
3345 3362 3558 3417 decima
3597 3377 3775 3418 resur-

2180 3451 2479 3508 rectionem
2505 3470 2518 3507 :
2555 3453 2608 3507 in
2640 3453 2925 3509 undecima
2960 3453 3090 3510 luna
3113 3468 3328 3509 caenam
3355 3454 3572 3510 Domini
3601 3457 3725 3511 facit
3755 3472 3769 3512 :

2180 3543 2325 3614 quod
2357 3558 2652 3614 numquam
2683 3543 2963 3601 inventum
2992 3552 3098 3614 est,
3135 3558 3236 3602 nec
3270 3544 3327 3600 iu
3367 3545 3541 3602 veteri
3588 3545 3773 3602 Testa-

2180 3644 2390 3703 mento,
2424 3650 2525 3691 nec
2554 3636 2608 3690 in
2637 3650 2800 3691 novo.

2250 3727 2319 3781 Et
2348 3727 2541 3796 hymno
2581 3729 2741 3783 dicto.
2788 3727 2846 3783 ld
2888 3736 2993 3796 est,
3027 3727 3188 3784 laude
3220 3727 3436 3785 Domini
3469 3746 3481 3784 :
3514 3737 3573 3785 ut
3601 3738 3685 3786 est
3723 3730 3772 3785 in

2178 3822 2388 3892 psalmo
2419 3839 2432 3877 :
2458 3833 2514 3877 et
2543 3821 2841 3877 laudabunt
2862 3821 3172 3889 Dominum,
3200 3821 3293 3892 qui
3316 3821 3606 3893 requirunt
3627 3838 3772 3888 eum,

2178 3922 2233 3969 et
2260 3914 2727 3971 manducaverunt
2757 3928 2909 3983 eum,
2952 3921 3009 3969 et
3036 3912 3411 3970 adoraverunt
3436 3928 3629 3972 omnes
3653 3916 3773 3986 pin-

2177 4020 2311 4076 gues
2338 4015 2524 4062 terrae.

2249 4097 2509 4151 Exierunt
2548 4099 2602 4152 in
2644 4106 2871 4153 montem
2902 4098 3195 4153 Oliuarum.
3238 4097 3306 4152 Et
3331 4102 3404 4154 ait
3445 4094 3517 4154 eis
3560 4098 3712 4155 Iesus
3748 4116 3767 4157 :

2181 4190 2370 4245 Omnes
2419 4191 2903 4245 scaudalizabimini
2948 4194 3003 4244 in
3051 4207 3132 4245 me
3172 4192 3225 4245 in
3272 4202 3421 4248 nocte
3470 4194 3571 4247 ista
3602 4194 3769 4263 :quiu

2175 4283 2426 4353 scriptum
2458 4292 2532 4337 est
2570 4299 2588 4337 :
2631 4281 2929 4337 Percutiam
2967 4293 3263 4354 pastorem,
3305 4295 3355 4340 et
3406 4286 3771 4359 dispergentur

2178 4388 2316 4426 oves.
2362 4372 2472 4427 Sed
2512 4381 2785 4442 postquam
2826 4389 3178 4444 resurrexero,
3230 4377 3524 4445 prlecedam
3569 4392 3658 4431 vos
3714 4378 3771 4430 in

477 4460 567 4500 me
598 4444 799 4510 tradet,
845 4452 902 4497 et
947 4444 1036 4513 qui
1079 4443 1374 4497 manducat
1416 4456 1629 4497 mecum
1676 4457 1892 4511 panem.
1933 4444 2071 4510 Quia

2183 4462 2474 4519 Galilaeam.
2499 4463 2556 4519 In
2587 4474 2771 4521 monte
2792 4466 2989 4523 Oliveti
3015 4443 3174 4524 Jesus
3200 4443 3437 4534 tenetur,
3460 4477 3519 4525 et
3546 4467 3674 4524 inde
3705 4468 3772 4522 ad

477 4536 606 4591 dum
632 4536 852 4607 _lalsitas
882 4533 1153 4604 arguitur,
1184 4532 1543 4589 nihilominus
1570 4532 1773 4588 veritas
1817 4548 2071 4604 compro—

472 4630 656 4697 batur,
712 4638 771 4683 ut
818 4627 1167 4697 impleretur,
1215 4625 1357 4696 quod
1408 4624 1609 4689 dicitur
1655 4642 1668 4678 :
1719 4624 1823 4693 Qui
1875 4626 2069 4684 edebat

470 4734 643 4787 panes
672 4733 847 4786 meos,
892 4717 1277 4788 magniﬁcabat
1327 4729 1494 4785 super
1540 4728 1629 4770 me
1666 4716 2069 4786 supplantatio-

468 4828 619 4867 nem.
652 4812 854 4868 Omnes
882 4817 1196 4881 tanguntur,
1228 4816 1286 4863 ut
1309 4807 1403 4863 ﬁat
1424 4807 1708 4863 harmonia
1730 4807 1785 4863 in
1810 4808 2021 4877 cithara
2048 4828 2060 4864 :

470 4915 664 4957 omnes
694 4903 852 4957 nervi
884 4903 1024 4958 bene
1065 4902 1340 4971 suspensi,
1382 4914 1623 4956 consona
1672 4915 1803 4957 voce
1837 4916 2065 4973 respon-

472 4994 609 5067 dent
634 5013 649 5049 :
681 4996 949 5066 Numquid
988 5012 1090 5068 ego
1128 5012 1269 5065 sum,
1296 4996 1564 5052 Domine?
1598 4996 1745 5054 Unus
1776 5000 2061 5069 remissus,

470 5100 525 5147 et
554 5089 804 5160 pecuniae
830 5104 1016 5145 amore
1043 5090 1285 5159 allectus,
1306 5092 1475 5147 dixit:
1500 5092 1771 5163 Numquid
1793 5106 1894 5164 ego
1917 5108 2057 5163 sum,

468 5180 648 5237 Rabbi
673 5180 696 5235 ?
723 5180 793 5235 Et
830 5179 959 5234 dicit
999 5181 1105 5236 illis
1136 5200 1150 5236 :
1178 5181 1333 5237 Unus
1374 5182 1443 5238 de
1480 5183 1793 5239 duodecim.
1833 5185 2065 5255 Separat

465 5275 627 5344 lupus
672 5288 921 5329 seorsum
963 5286 1140 5341 ovem,
1183 5290 1344 5345 quam
1394 5278 1560 5345 capit.
1616 5278 1778 5347 Ovis,
1828 5295 1949 5349 qua:
1992 5280 2059 5337 de

467 5367 596 5423 ovili
624 5364 927 5439 egreditur,
956 5365 1066 5435 lupi
1100 5376 1250 5437 patet
1276 5367 1571 5423 morsibus.
1616 5369 1790 5426 Filius
1822 5372 2059 5429 hominis

468 5459 616 5513 vadit
650 5478 663 5513 :
688 5459 787 5515 sed
814 5474 895 5513 va:
925 5456 1126 5513 homini
1157 5474 1253 5528 per
1280 5474 1441 5529 quem
1486 5459 1750 5517 tradetur.
1780 5464 1930 5519 Multi
1964 5466 2059 5521 ho-

467 5565 617 5619 num,
647 5562 707 5608 ut
732 5553 919 5619 Judas,
954 5553 1289 5622 laciunt,sed
1319 5554 1540 5610 omnino
1562 5555 1668 5611 illis
1691 5572 1795 5613 non
1822 5557 2055 5627 prolicit.

462 5640 670 5701 Bonum
710 5655 828 5703 erat
855 5646 912 5718 ei
952 5645 1000 5700 si
1026 5663 1147 5717 ,non
1196 5658 1339 5707 esset
1387 5657 1543 5706 natus
1584 5668 1595 5701 :
1650 5650 1837 5710 intimo
1884 5650 2058 5710 latens

2177 4556 2346 4612 caelos
2375 4556 2623 4613 ascendit
2650 4575 2663 4611 :
2693 4567 2752 4612 ut
2775 4572 2872 4613 nos
2902 4561 3162 4629 sciamus,
3194 4560 3318 4631 quia
3346 4560 3476 4617 inde
3514 4560 3767 4617 ascendi-

2176 4666 2296 4706 mus
2328 4648 2394 4705 ad
2423 4650 2613 4716 ctelos,
2643 4650 2788 4707 unde
2813 4652 3127 4724 vigilamus,
3164 4661 3221 4710 et
3248 4667 3493 4724 oramus,
3535 4661 3592 4710 et
3631 4654 3769 4724 liga-

2174 4757 2318 4809 mur,
2349 4756 2450 4798 nec
2480 4757 2846 4815 repugnamus
2876 4745 2935 4800 in
2971 4754 3141 4802 terra.
3169 4745 3372 4802 Omnes
3399 4760 3499 4802 vos
3538 4747 3767 4801 scanda-

2177 4834 2285 4889 lum
2308 4835 2613 4907 patiemini.
2640 4835 2842 4894 Omnes
2879 4838 3105 4907 cadunt,
3157 4840 3254 4895 sed
3292 4854 3399 4895 non
3427 4854 3623 4896 omnes
3684 4839 3769 4910 ja-

2173 4938 2315 4983 cent.
2349 4927 2623 5000 Numquid
2649 4930 2740 5001 qui
2759 4931 2961 4988 dormit
2989 4947 3102 4989 non
3130 4933 3373 5004 adiiciet,
3398 4941 3461 4989 ut
3484 4934 3766 5003 resurgat?

2169 5019 2402 5077 Carnale
2428 5030 2513 5076 est
2528 5022 2763 5081 cadere?
2783 5026 2879 5081 sed
2901 5025 3229 5082 diabolicum
3253 5026 3462 5096 jacere.
3487 5026 3761 5095 Scriptum

2168 5121 2253 5167 est
2284 5129 2296 5166 :
2330 5112 2558 5170 Percule
2588 5124 2885 5184 pastorem.
2930 5117 3203 5188 Propheta
3251 5118 3542 5175 Zacharias
3572 5128 3761 5190 postu-

2166 5202 2242 5257 lat
2272 5204 2577 5273 passionem
2619 5205 2856 5261 Domini.
2890 5207 3049 5263 l‘ater
3073 5210 3369 5279 respondet
3403 5226 3415 5263 :
3448 5208 3759 5266 Percutiam

2167 5303 2466 5364 pastorem,
2511 5296 2767 5363 precibus
2810 5307 3121 5353 sanctorum
3166 5298 3540 5355 infernalium.
3589 5301 3764 5357 Filius

2167 5400 2195 5439 a
2226 5394 2379 5457 patre
2406 5385 2638 5439 mittitur
2660 5396 2713 5441 et
2740 5390 3060 5457 percutitur,
3103 5392 3155 5446 id
3185 5401 3299 5459 est,
3336 5392 3682 5458 incarnatur,
3709 5405 3764 5450 et

2168 5479 2391 5547 patitur.
2434 5476 2836 5545 Disperguutur
2873 5495 3034 5547 oves,
3077 5491 3289 5551 pastore
3326 5494 3491 5553 capto
3530 5503 3542 5537 :
3578 5500 3763 5543 resur-

2167 5567 2338 5625 rectio
2363 5564 2715 5635 promittitur,
2746 5576 2803 5623 ut
2823 5582 2952 5637 Spes
2984 5586 3091 5626 non
3132 5573 3532 5643 exstinguatur.

2239 5657 2428 5713 Petrus
2447 5662 2615 5710 autem
2638 5657 2710 5712 ait
2732 5656 2816 5711 illi
2850 5672 2869 5711 :
2898 5656 3013 5719 Etsi
3044 5675 3217 5717 omnes
3253 5663 3604 5723 acandalizati
3635 5670 3753 5739 [ηε-
