4030 6202
215 230 319 292 653

821 223 1368 285 COMMENTARIUS
1408 225 1476 283 IN
1512 225 1969 291 EVANGELIUM
2006 231 2157 291 SEC.
2198 232 2517 293 MARCUM.
2558 235 2713 295 CAP.
2751 238 2893 298 XIV.

3400 243 3510 305 654

210 348 333 412 rint,
382 343 475 400 sed
505 358 614 400 non
641 357 757 416 ego.
788 341 857 397 Et
881 342 956 397 ait
990 342 1075 398 illi
1111 343 1266 399 Iesus
1294 359 1314 399 :
1339 343 1501 399 Amen
1526 346 1649 400 dico
1696 346 1811 413 tibi,
1838 318 2213 412 Α.σιι1αιη.Ἐι
2252 352 2575 420 respondens
2614 351 2789 418 Iesus,
2822 356 2894 409 ait
2934 356 3036 412 illis
3059 375 3079 416 :
3112 358 3403 430 Tamquam
3440 364 3511 417 ad

215 438 335 509 quia
367 444 422 491 tu
442 435 601 493 hodie
624 436 679 490 in
694 435 793 489 hac
820 443 987 489 nocte.
1019 433 1091 491 Et
1119 435 1236 492 avis
1263 435 1383 492 sine
1409 436 1604 507 pennis
1638 438 1805 495 altum

219 528 406 584 volare
434 528 629 582 nititur
654 544 667 581 :
700 525 800 582 sed
829 539 1031 597 corpus
1063 535 1321 598 aggravet
1341 528 1576 583 animam
1611 546 1625 584 :
1650 540 1711 587 ut
1736 531 1808 587 ti-

220 634 376 675 more
401 619 656 675 humanae
683 618 901 685 mortis,
934 618 1098 675 timor
1126 618 1337 675 Domini
1375 629 1683 691 superetur,
1722 622 1811 679 vel

220 710 486 766 vincatur.

287 800 601 872 Priusquam
631 802 709 857 bis
734 802 907 874 gallus
935 817 1109 857 vocem
1139 802 1362 871 dederit,
1388 812 1464 859 ter
1494 820 1575 860 me
1620 822 1675 862 es
1714 824 1809 863 ne-

214 903 447 966 gaturus.
484 893 551 948 At
586 895 675 949 ille
708 894 938 966 amplius
977 895 1283 967 loquebatur
1304 912 1325 950 :
1348 895 1487 952 Etsi
1524 900 1811 969 aportuerit

217 1002 297 1041 me
321 986 574 1041 commori
608 985 723 1055 tibi,
762 1003 868 1041 non
906 996 953 1042 te
986 986 1204 1059 negabo.
1240 987 1496 1043 Similiter
1524 1000 1717 1057 autem,
1761 1000 1811 1046 et

217 1094 391 1133 omnes
418 1078 680 1134 dicebant.
723 1079 792 1132 Et
831 1080 1046 1134 ueniunt
1088 1080 1144 1135 in
1176 1082 1450 1149 prtedium,
1497 1083 1581 1136 cui
1624 1100 1810 1139 nomen

216 1170 552 1227 Getltsemani
578 1189 598 1227 :
640 1171 709 1227 Et
747 1173 823 1225 ait
864 1172 1138 1240 discipulis
1179 1174 1308 1227 suis.
1364 1172 1555 1229 Gallus
1598 1185 1806 1244 cantat,

213 1263 409 1320 Petrus
459 1272 621 1335 negat
652 1262 750 1319 ter.
782 1263 966 1320 Gallus
992 1265 1126 1320 lucis
1157 1266 1383 1319 nuntius
1411 1265 1532 1335 quis
1558 1277 1673 1334 est,
1703 1267 1808 1323 nisi

217 1355 453 1426 Spiritus
484 1357 741 1411 sanctus?
763 1357 923 1425 cujus
942 1370 1076 1412 voce
1104 1357 1156 1412 in
1185 1357 1488 1427 prophetis,
1513 1367 1569 1414 et
1590 1371 1809 1430 aposto-

218 1448 288 1504 lis
311 1462 416 1503 nos
440 1448 510 1505 de
539 1456 694 1504 terna
723 1447 1108 1520 abnegatione,
1140 1464 1245 1521 qua
1285 1449 1454 1507 Deum
1492 1454 1807 1523 negavimus

212 1554 399 1609 nosse,
424 1554 559 1597 voce
584 1541 912 1597 ancillarum
943 1542 1216 1609 exterriti,
1243 1544 1544 1599 excitamur
1566 1545 1633 1600 ad
1661 1560 1807 1600 ama-

210 1632 461 1690 rissimos
490 1642 614 1705 post
656 1634 871 1705 lapsum
905 1635 1103 1691 ﬂetus:
1134 1636 1227 1707 qui
1268 1636 1410 1692 male
1448 1636 1806 1707 cogitavimus

1915 442 2168 497 latronem
2196 444 2377 498 existis
2416 461 2535 499 cum
2564 447 2759 517 gladiis
2789 458 2837 501 et
2867 449 3023 521 lignis
3062 453 3508 522 comprehendere

1912 551 1992 589 me
2014 552 2033 589 :
2052 536 2282 605 quotidie
2302 552 2455 591 eram
2476 538 2619 609 apud
2647 554 2732 593 vos
2762 541 2815 594 in
2855 541 3045 610 templo
3083 543 3299 610 docens,
3331 553 3378 600 et
3405 562 3508 601 non

1911 646 1991 684 me
2020 630 2276 685 tenuistis.
2306 629 2413 686 Sed
2444 640 2501 685 ut
2541 632 2854 703 impleantur
2895 633 3207 705 Scripturaz.
3239 638 3296 692 In
3336 648 3509 694 tenta-

1912 721 2116 775 tionem
2138 719 2329 783 intrat.
2360 723 2453 791 qui
2485 738 2643 779 orare
2666 724 2911 795 negligit.
2944 726 3052 781 Ter
3082 726 3339 797 discipuli
3378 728 3506 786 dor-

1912 812 2108 881 miunt,
2133 818 2191 867 et
2220 818 2303 867 ter
2332 811 2593 869 Dominus
2624 829 2787 869 orans
2818 815 3069 871 suscitat.
3096 815 3275 871 Terna
3307 817 3511 873 dormi-

1913 904 2069 972 tatio,
2100 911 2216 960 tres
2244 912 2491 961 mortuos
2534 914 2672 977 quos
2706 907 2973 965 Dominus
3018 909 3307 965 suscitavit
3342 912 3513 981 signi-

1912 992 2061 1047 ﬁcat.
2095 993 2358 1061 Primum,
2389 995 2444 1049 in
2466 995 2628 1051 domo
2653 1015 2666 1051 :
2692 996 3033 1065 Secundum,
3060 999 3125 1054 ad
3155 1000 3463 1071 sepulcrum
3491 1019 3505 1055 :

1911 1082 2179 1150 Tertium,
2223 1084 2292 1140 de
2335 1086 2610 1155 sepulcro.
2644 1088 2823 1144 Terna
2872 1091 3055 1162 vigilia
3102 1092 3346 1160 Domini,
3396 1104 3506 1150 tres

1911 1188 2175 1245 personas
2202 1175 2407 1231 habere
2434 1193 2534 1233 nos
2561 1179 2614 1233 in
2645 1183 2854 1238 orando
2883 1184 3063 1255 docet,
3096 1194 3149 1240 et
3173 1186 3242 1242 de
3269 1196 3499 1257 praeter-

1910 1266 2039 1332 itis‘,
2084 1274 2142 1322 et
2169 1265 2389 1335 futuris,
2421 1276 2479 1323 et
2518 1270 2586 1325 de
2632 1277 2997 1339 praesentibus
3037 1279 3252 1333 veniam
3281 1294 3501 1350 rogare.

1912 1357 2078 1414 Venit
2111 1358 2280 1415 Iudas
2320 1374 2442 1415 cum
2469 1362 2670 1432 gladiis
2712 1374 2767 1420 et
2794 1365 2981 1436 lignis.
3020 1369 3293 1426 Incumbit
3320 1372 3508 1427 virtuti

1911 1448 2118 1517 smculi,
2144 1449 2238 1521 qui
2268 1451 2522 1521 desperat
2565 1453 2636 1509 de
2676 1455 2953 1525 adjutorio
2992 1458 3109 1514 Dei.
3150 1460 3252 1515 Dat
3291 1462 3504 1532 signum

1910 1541 2083 1597 osculi
2113 1555 2239 1596 cum
2282 1558 2495 1599 veneno
2524 1543 2634 1600 doli
2662 1561 2676 1600 :
2705 1547 2851 1603 sicut
2876 1546 3016 1603 Cain
3041 1551 3245 1605 obtulit
3287 1554 3504 1607 sacriﬁ-

1909 1633 2053 1688 cium
2096 1632 2385 1689 subdolum
2434 1643 2490 1691 et
2537 1638 2909 1707 reprobatum.
2958 1638 3113 1698 Unde
3153 1643 3338 1697 vinum
3379 1658 3505 1699 cum

208 1725 277 1781 de
305 1726 441 1795 Deo,
469 1735 525 1783 et
552 1727 695 1783 male
716 1727 884 1782 locuti
906 1741 1091 1783 sumus
1116 1728 1181 1783 ad
1218 1729 1496 1798 proximos
1531 1748 1543 1783 :
1580 1738 1636 1785 et
1665 1730 1807 1787 male
1835 1723 1883 1784 Β
1911 1731 2068 1797 aceto
2110 1722 2165 1778 in
2209 1738 2374 1780 cruce
2420 1738 2651 1796 ponunt.
2698 1728 2770 1783 Et
2811 1738 3106 1787 tenuerunt
3148 1732 3356 1788 Jesum.
3411 1735 3511 1790 llic

207 1816 441 1874 fecimus
470 1818 538 1874 ad
560 1819 951 1890 nosmetipsos.
976 1820 1043 1874 Et
1073 1819 1222 1876 venit
1253 1821 1306 1875 in
1347 1820 1612 1891 praedium
1640 1821 1809 1879 Geth-

205 1910 445 1978 semani,
485 1909 540 1965 id
578 1919 683 1978 est,
722 1910 872 1965 vallis
920 1911 1296 1983 piuguedinum
1328 1928 1347 1965 :
1375 1911 1465 1967 ubi
1507 1914 1644 1969 tauri
1690 1914 1809 1984 pin-

204 2014 339 2069 gues
379 1999 718 2058 obsederunt
764 2016 915 2069 eum,
958 2011 1013 2059 et
1055 2002 1210 2059 vituli
1250 2002 1403 2058 multi
1435 2003 1810 2063 circumdede-

205 2102 333 2148 ιἰιηι
356 2107 509 2150 eum.

278 2185 474 2241 Sedete
502 2185 588 2240 hic
616 2186 781 2241 donec
811 2202 972 2241 orem.
1002 2186 1069 2242 Et
1103 2188 1320 2243 assumit
1348 2187 1603 2257 Petrum,
1632 2196 1681 2243 et
1707 2189 1806 2244 Ja-

209 2278 421 2347 cobum,
464 2287 513 2334 et
551 2278 812 2333 Joannem
852 2295 1047 2334 secum.
1089 2280 1391 2350 Separatur
1436 2280 1493 2335 in
1536 2280 1806 2351 oratione,

208 2372 302 2442 qui
332 2380 623 2442 separatur
662 2372 717 2427 in
764 2373 1017 2442 passione
1046 2391 1059 2426 :
1095 2372 1221 2443 quia
1252 2372 1345 2428 ille
1380 2382 1539 2442 orat,
1574 2372 1655 2428 illi
1680 2373 1808 2429 dor-

207 2466 392 2521 miunt
414 2464 749 2536 pinguedine
777 2465 962 2521 cordis
988 2466 1257 2537 oppressi.

309 2556 381 2610 Et
416 2559 569 2627 coepit
592 2573 778 2628 pavere
810 2567 860 2612 et
898 2558 1103 2613 ttedere.
1131 2556 1203 2611 Et
1231 2558 1305 2611 ait
1339 2556 1448 2612 illis
1475 2572 1494 2611 :
1520 2555 1705 2613 Tristis
1734 2565 1809 2614 est

206 2649 391 2705 anima
418 2667 532 2705 mea
555 2667 714 2722 usque
733 2651 801 2706 ad
823 2661 1037 2706 mortem
1060 2668 1078 2707 :
1101 2650 1372 2707 Sustinete
1397 2651 1482 2705 hic
1503 2660 1552 2705 et
1577 2651 1803 2722 vigilate.

206 2739 279 2794 Et
309 2755 431 2793 cum
459 2741 787 2811 processisset
810 2740 1108 2811 paululum,
1137 2740 1363 2812 procidit
1386 2757 1541 2813 super
1567 2751 1759 2796 terram
1787 2760 1806 2805 ;

210 2839 261 2885 et
291 2831 500 2900 orabat,
536 2840 591 2887 ut
626 2833 671 2887 si
708 2832 824 2901 ﬁeri
857 2842 1049 2904 posset,
1091 2835 1334 2889 transiret
1379 2834 1441 2889 ab
1469 2850 1529 2889 eo
1575 2833 1728 2900 liora,
1761 2843 1810 2889 et

206 2924 385 2984 dixit:
416 2925 585 2993 Abba,
620 2924 801 2980 Pater.
849 2925 1055 2982 Pavere
1096 2934 1153 2981 et
1207 2926 1507 2981 tristiﬁcari
1536 2926 1809 2996 ﬁdocemur

204 3026 335 3073 ante
362 3016 628 3087 judicium
656 3016 872 3085 mortis,
905 3018 997 3087 qui
1025 3032 1134 3073 non
1162 3032 1451 3087 possumus
1470 3032 1570 3088 per
1595 3033 1696 3074 nos
1724 3017 1807 3074 di-

1911 1819 2067 1874 adest
2108 1818 2313 1890 Joseph
2341 1821 2589 1890 vinctus,
2620 1823 2873 1879 venditus
2900 1841 2929 1880 a
2973 1826 3231 1882 fratribus
3259 1845 3273 1881 :
3304 1836 3361 1883 et
3391 1828 3505 1884 fer-

1910 1925 2029 1966 rum
2058 1911 2410 1981 pertransivit
2453 1912 2690 1968 animam
2734 1916 2871 1985 ejus.
2902 1917 3052 1973 Unus
3105 1920 3346 1977 educens
3388 1921 3506 1991 gla-

1911 2005 2082 2072 dium,
2109 2005 2414 2075 amputavit
2452 2006 2751 2062 auriculam
2791 2009 2955 2065 servi.
3005 2010 3329 2068 Prmdicatio
3357 2013 3503 2070 Petri

1910 2098 2155 2153 auditum
2182 2112 2212 2152 a
2235 2098 2442 2154 Judznis
2471 2100 2703 2157 abscidit
2731 2103 2882 2173 regni
2908 2104 3025 2160 Dei.

1982 2189 2127 2244 Tunc
2149 2190 2397 2262 discipuli
2418 2192 2529 2261 ejus
2558 2192 2906 2264 relinquentes
2950 2213 3088 2265 eum,
3120 2212 3299 2253 omnes
3347 2201 3500 2270 fuge-

1910 2289 2052 2335 runt.
2085 2280 2239 2336 Tunc
2272 2280 2629 2353 adimpletum
2651 2293 2737 2340 est
2759 2287 2903 2356 quod
2932 2286 3134 2343 dicitur
3168 2308 3182 2344 :
3215 2290 3496 2361 Elongasti

1908 2386 1940 2426 a
1968 2387 2056 2428 me
2082 2372 2319 2428 amicum
2357 2382 2412 2430 et
2439 2376 2781 2445 proximum,
2822 2389 2880 2435 et
2923 2388 3084 2437 notos
3124 2395 3279 2438 meos
3325 2397 3356 2437 a
3403 2384 3509 2439 mi-

1908 2463 2073 2518 seria.
2095 2521 2099 2525 ,
2222 2464 2233 2473 '

1979 2555 2296 2611 Adolescens
2319 2565 2495 2612 autem
2519 2558 2736 2629 quidam
2763 2562 3071 2632 sequebatur
3101 2580 3217 2619 eum
3239 2608 3254 2633 ,
3287 2565 3506 2621 amictus

1910 2647 2126 2704 sindone
2145 2665 2301 2720 super
2328 2650 2494 2718 nudo,
2526 2658 2574 2705 et
2607 2660 2885 2707 tenuerunt
2918 2672 3053 2710 eum.
3085 2658 3152 2710 At
3190 2658 3282 2712 ille
3308 2660 3504 2729 rejecta

1910 2740 2151 2809 sindone,
2174 2738 2345 2794 nudus
2376 2742 2612 2813 profugit
2633 2742 2696 2797 ab
2720 2745 2813 2799 eis.
2849 2744 2916 2799 Et
2944 2745 3285 2801 adduxerunt
3320 2747 3505 2803 Iesum

1909 2833 1979 2885 ad
1999 2848 2262 2887 summum
2289 2834 2632 2900 sacerdotem,
2670 2844 2716 2890 et
2747 2846 3097 2892 convenerunt
3124 2854 3299 2894 omnes
3336 2856 3510 2895 sacer-

1910 2921 2056 2976 dotes
2083 2930 2129 2976 et
2152 2922 2354 2988 scribta,
2386 2932 2434 2977 et
2459 2925 2707 2982 seniores.
2741 2925 2933 2983 Petrus
2971 2938 3145 2984 autem
3171 2947 3203 2985 a
3233 2931 3384 3002 longe
3416 2948 3501 2986 se-

1911 3022 2061 3067 cutus
2085 3024 2160 3067 est
2186 3029 2305 3068 eum
2330 3030 2491 3085 usque
2512 3016 2653 3069 intra
2678 3018 2731 3071 in
2757 3019 2951 3073 atrium
2980 3020 3168 3074 summi
3200 3022 3508 3089 sacerdotis,

202 3122 335 3165 cere
360 3107 471 3165 nisi
503 3124 599 3179 per
621 3108 773 3163 illum
806 3125 819 3162 :
848 3108 1013 3165 Venit
1044 3110 1297 3180 princeps
1323 3109 1512 3165 mundi
1540 3110 1726 3180 hujus,
1756 3116 1811 3167 et
1836 3094 1884 3159 C
1914 3114 1962 3161 et
1990 3106 2198 3161 sedebat
2227 3122 2346 3160 cum
2376 3107 2631 3161 ministris
2650 3109 2720 3162 ad
2746 3110 2940 3181 ignem,
2976 3120 3023 3165 et
3062 3112 3397 3181 calefaciebat
3430 3130 3503 3166 se.

204 3203 258 3259 in
282 3220 374 3260 me
409 3219 520 3262 non
566 3204 731 3259 habet
754 3202 1072 3275 quidquam.
1105 3203 1178 3258 Et
1204 3203 1378 3262 dixit:
1407 3204 1586 3273 Abba,
1621 3204 1801 3261 Pater.

202 3296 479 3352 llebraice
512 3306 567 3354 et
596 3298 787 3355 Graece
824 3295 1082 3367 loquitur,
1123 3294 1247 3367 quia
1276 3310 1386 3352 non
1413 3305 1498 3354 est
1523 3297 1807 3354 distinctio

200 3396 381 3453 Judaei
409 3405 468 3453 et
499 3394 697 3452 Grmci.

275 3488 477 3543 Omnia
503 3486 596 3542 tibi
620 3481 888 3557 possibilia
912 3488 1055 3548 sunt,
1094 3480 1322 3549 transfer
1349 3478 1563 3533 calicem
1606 3479 1745 3535 hunc
1774 3496 1807 3536 a

200 3598 281 3635 me
310 3596 331 3638 :
360 3579 457 3633 sed
487 3594 593 3632 non
620 3576 759 3647 quod
783 3589 877 3645 ego
906 3572 1044 3637 volo,
1075 3568 1167 3624 sed
1195 3568 1333 3639 quod
1364 3577 1439 3623 tu.
1470 3568 1539 3622 Et
1564 3571 1732 3638 venit,
1758 3578 1807 3626 et

202 3673 397 3728 invenit
424 3687 513 3727 eos
539 3669 870 3733 dormientes,
900 3673 947 3718 et
975 3664 1051 3717 ait
1088 3661 1248 3716 Petro
1273 3676 1292 3714 :
1330 3660 1536 3728 Simbn,
1583 3662 1803 3731 dormis,

202 3782 305 3820 non
325 3763 553 3837 potuisti
584 3778 689 3816 una
729 3760 860 3813 liora
895 3756 1155 3829 vigilare?
1189 3752 1368 3823 Usque
1396 3753 1449 3808 in
1490 3752 1653 3809 linem
1694 3768 1803 3811 non

198 3866 382 3914 cessat
411 3870 518 3912 nos
549 3855 749 3911 docere
789 3849 1038 3923 patribus
1073 3847 1302 3904 obedire
1336 3865 1348 3901 :
1378 3854 1435 3902 et
1466 3847 1804 3902 voluntatem

197 3965 389 4008 eorum
417 3945 691 4005 voluntati
715 3952 919 4000 nostra:
945 3953 1289 4013 praeponere.
1316 3938 1525 3993 Invenit
1551 3953 1649 3995 eos
1677 3938 1806 3994 dor-

196 4046 455 4100 mientes.
489 4042 649 4100 Sicut
672 4038 955 4096 dormiunt
975 4042 1181 4098 mente,
1212 4032 1293 4087 sic
1321 4040 1377 4087 et
1405 4043 1660 4099 corpore.

266 4137 500 4211 Vigilate
540 4146 588 4190 et
630 4141 792 4200 orate,
838 4140 893 4185 ut
936 4144 1041 4182 non
1075 4125 1300 4180 intretis
1347 4124 1403 4178 in
1445 4123 1799 4178 tentationem.

196 4230 437 4301 Spiritus
461 4226 684 4301 quidem
706 4230 975 4296 promptus
995 4227 1092 4284 est,
1121 4232 1243 4272 caro
1266 4222 1439 4269 autent
1466 4214 1699 4284 infirma.
1734 4211 1806 4266 Et

197 4298 386 4376 iterum
430 4298 639 4383 abiens,
680 4315 846 4370 oravit
887 4311 1125 4367 eumdem
1173 4322 1460 4363 sermonem
1505 4304 1704 4358 dicens.
1734 4302 1801 4357 Et

199 4429 431 4469 reversus
476 4412 656 4466 de‘nuo
698 4405 892 4461 inuenit
938 4418 1024 4458 eos
1080 4399 1415 4454 dormientes.
1458 4395 1627 4450 Erant
1666 4394 1801 4449 enim

1913 3196 2122 3253 Summi
2146 3212 2267 3251 vero
2286 3198 2600 3267 sacerdotes,
2630 3207 2677 3254 et
2715 3218 2864 3255 omne
2892 3203 3175 3257 concilium
3210 3204 3509 3274 quwrebant

1910 3287 2158 3341 adversus
2184 3285 2365 3341 Iesum
2386 3289 2758 3357 testimbnium,
2788 3300 2845 3345 ut
2873 3308 2987 3346 eum
3007 3294 3162 3346 morti
3192 3293 3457 3348 traderent
3488 3312 3509 3350 :

1910 3394 2004 3434 nec
2035 3379 2378 3433 inveniebant.
2411 3377 2571 3433 Multi
2615 3389 2787 3434 autem
2813 3382 3004 3452 falsum
3036 3384 3389 3438 testimonium
3417 3386 3505 3439 di-

1908 3470 2090 3524 cebant
2125 3470 2375 3522 adversus
2402 3483 2517 3521 eum
2550 3478 2639 3522 :et
2668 3471 3025 3526 convenientia
3067 3474 3363 3529 testimonia
3400 3493 3507 3531 non

1908 3570 2078 3617 erant.
2124 3561 2237 3616 Hoc
2286 3560 2511 3630 proprie
2554 3561 2792 3617 Marcus.
2844 3562 2999 3618 Sicut
3045 3563 3270 3636 Ioseph,
3317 3567 3508 3623 relicto

1906 3654 2097 3723 pallio,
2138 3652 2314 3707 nudus
2345 3652 2413 3709 de
2440 3653 2693 3709 manibus
2719 3654 3008 3724 impudicae
3041 3656 3275 3713 domina
3298 3658 3509 3730 ell‘ugit.

1907 3743 2011 3814 Qui
2039 3754 2222 3800 autem
2262 3744 2377 3800 vult
2416 3744 2657 3816 eliugcre
2705 3760 2903 3802 manus
2952 3746 3292 3819 iniquorum,
3342 3750 3509 3806 relin-

1906 3852 2081 3910 quens
2110 3846 2314 3903 mente,
2347 3854 2471 3910 qum
2514 3839 2707 3895 mundi
2743 3848 2891 3908 sunt,
2934 3839 3116 3912 fugiat
3143 3849 3271 3913 post
3298 3843 3509 3900 Jesum.

1909 3931 1979 3987 Et
2007 3938 2382 3987 convenerunt
2405 3930 2725 3989 sacerdotes
2759 3941 2815 3988 et
2845 3931 3064 3988 scribae.
3098 3933 3250 3990 Tunc
3279 3934 3340 3989 ﬁt
3376 3950 3508 3991 con-

1907 4021 2156 4093 gregatio
2198 4028 2475 4077 taurorum
2526 4022 2580 4077 in
2622 4025 2806 4078 vaccis
2852 4024 3202 4094 populorum.
3232 4028 3447 4099 .Petrus
3476 4047 3508 4087 a

1910 4113 2074 4183 longe
2099 4112 2454 4182 sequebatur.
2482 4111 2575 4167 Vir
2615 4112 2817 4184 duplex
2849 4117 3050 4184 animo,
3079 4117 3394 4176 inconstans
3424 4131 3509 4179 est

1908 4205 1964 4259 in
1994 4204 2247 4260 omnibus
2278 4204 2378 4259 viis
2406 4204 2541 4260 suis.
2569 4204 2754 4260 Timor
2780 4207 3030 4275 retrahit,
3057 4208 3295 4265 charitas
3321 4213 3504 4271 trahit.

1908 4298 1964 4354 In
1992 4298 2135 4353 atrio
2164 4311 2287 4353 cum
2316 4297 2584 4354 ministris
2610 4298 2862 4355 calefacit
2885 4315 2945 4356 se
2968 4301 3033 4357 ad
3064 4300 3269 4372 ignem.
3295 4302 3506 4360 Atrium

1908 4388 2234 4458 sacerdotis,
2261 4399 2345 4445 est
2374 4389 2659 4445 smcularis
2684 4390 2948 4447 circuitus
2973 4409 2987 4446 :
3013 4393 3270 4460 ministri,
3303 4393 3510 4450 daemo-

199 4509 337 4563 οσηιε
360 4522 549 4563 eorum
579 4502 803 4576 gravari,
845 4507 894 4554 ει
930 4495 1237 4570 ignorabant
1272 4491 1399 4562 quid
1434 4489 1804 4562 responderent
1829 4479 1884 4540 D
1910 4480 1999 4536 nia
2029 4489 2177 4576 sunt:
2204 4480 2369 4552 Ignis,
2396 4481 2733 4537 desiderium
2762 4483 3002 4576 carnale,
3036 4497 3159 4538 cum
3192 4485 3392 4554 quibus
3416 4486 3508 4555 qui

200 4600 262 4653 ei.
294 4597 366 4653 Et
393 4598 534 4653 venit
575 4594 750 4659 tertio,
799 4600 847 4646 et
874 4590 947 4644 ait
996 4586 1105 4642 illis
1134 4583 1408 4640 :Dormite
1448 4587 1586 4656 jam,
1624 4591 1672 4636 et
1715 4597 1802 4635 re-

198 4691 463 4760 quiescite.
499 4685 725 4756 Sufﬁcit.
771 4682 925 4738 Venit
957 4679 1106 4745 hora,
1130 4692 1242 4731 ecce
1267 4676 1409 4745 ﬁlius
1436 4673 1665 4729 hominis
1691 4682 1800 4728 tra-

199 4781 347 4836 detur
370 4782 428 4837 in
454 4794 650 4835 manus
677 4783 1023 4849 peccatorum.
1054 4768 1288 4839 Surgite,
1309 4782 1510 4822 eamus.
1539 4765 1677 4820 Ecce
1714 4764 1805 4836 qui

202 4891 279 4929 me
307 4874 479 4929 tradet
509 4870 676 4945 prope
697 4876 791 4925 est.
821 4867 889 4921 Et
909 4863 1083 4920 adhuc
1102 4877 1163 4917 eo
1186 4862 1448 4931 loquente,
1475 4858 1611 4914 venit
1633 4856 1804 4914 Iudas

200 4965 495 5033 Iscariotis,
522 4979 661 5019 unus
686 4962 750 5016 de
780 4956 1077 5020 duodecim,
1107 4963 1154 5009 et
1184 4967 1304 5007 cum
1330 4967 1391 5006 eo
1411 4950 1562 5004 turba
1592 4950 1759 5005 multa
1781 4993 1797 5019 ,

203 5074 317 5112 cum
337 5056 542 5129 gladiis
566 5066 615 5109 et
641 5053 820 5125 lignis,
851 5068 883 5105 a
911 5047 1123 5105 summis
1148 5044 1503 5101 sacerdotibus
1527 5051 1572 5099 et
1598 5044 1801 5112 scribis,

206 5157 249 5203 et
276 5147 596 5204 senioribus.
629 5143 857 5198 Dederat
880 5150 1053 5196 autem
1075 5137 1302 5193 traditor
1339 5137 1453 5208 ejus
1479 5135 1684 5207 signum
1707 5135 1802 5201 eis,

205 5240 385 5295 dicens
416 5256 434 5299 ξ
463 5238 850 5307 Quemcumque
877 5232 1139 5288 osculatus
1171 5232 1344 5301 fuero,
1371 5227 1479 5298 ipse
1510 5234 1605 5291 est,
1639 5233 1804 5279 tenete

202 5353 340 5404 eum,
373 5346 423 5394 et
445 5337 623 5391 ducite
638 5341 804 5390 caute.
832 5332 1042 5386 Etcum
1070 5328 1321 5397 venisset,
1352 5325 1528 5381 statim
1554 5324 1802 5379 accedens

198 5429 269 5482 ad
294 5445 440 5496 eum,
470 5428 547 5482 ait
571 5444 589 5485 :
616 5429 745 5494 Ave,
771 5423 959 5492 Rabbi,
986 5432 1034 5477 et
1063 5421 1328 5476 osculatus
1359 5426 1433 5474 est
1462 5433 1599 5472 eum.
1630 5416 1695 5470 At
1723 5415 1805 5470 illi

200 5536 388 5576 manus
408 5520 704 5591 injecerunt
727 5517 783 5570 in
806 5514 1011 5580 Iesum,
1029 5522 1077 5568 et
1095 5518 1518 5582 tenuerunteum.
1538 5507 1685 5562 Unus
1704 5522 1801 5560 au-

197 5622 301 5668 tem
330 5612 554 5683 quidam
577 5611 646 5664 de
671 5607 1119 5663 circumstantibus
1149 5607 1372 5661 educens
1394 5604 1657 5675 gladium,
1690 5619 1805 5673 per-

195 5705 353 5760 cussit
376 5716 595 5760 servum
622 5701 811 5755 summi
832 5699 1138 5768 sacerdotis,
1162 5708 1210 5754 et
1245 5698 1534 5765 amputavit
1554 5695 1635 5751 illi
1662 5697 1807 5751 auri-

1906 4581 2113 4641 mauet,
2144 4570 2277 4629 ﬂere
2314 4582 2540 4644 peccata
2573 4589 2682 4628 non
2715 4581 2917 4643 potest.
2950 4574 3157 4630 Summi
3192 4576 3510 4632 sacerdotes

1907 4664 2232 4738 quaerebant
2282 4664 2482 4720 falsum
2541 4664 2917 4721 testimonium
2978 4664 3241 4722 adversus
3295 4665 3506 4735 Iesum,

1908 4761 2139 4817 mentita
2171 4766 2257 4815 est
2294 4758 2555 4830 iniquitas
2596 4757 2701 4814 sibi
2733 4768 2829 4813 :ut
2878 4759 3062 4828 regina
3108 4758 3370 4816 adversus
3418 4760 3510 4819 Jo-

1906 4854 2041 4924 seph
2071 4862 2166 4907 :et
2187 4851 2509 4907 sacerdotes
2538 4851 2803 4906 adversus
2856 4850 3163 4906 Susannam
3194 4867 3209 4905 :
3241 4854 3337 4907 sed
3368 4852 3509 4924 ignis

1906 4946 2028 5001 sine
2057 4945 2289 4999 materia
2311 4941 2517 4997 deﬁcit.
2550 4941 2619 4997 Et
2640 4942 3023 4997 convenientia
3052 4944 3365 5000 testimonia
3394 4960 3505 5002 non

1907 5050 2083 5096 erant.
2117 5035 2271 5106 Quod
2303 5037 2564 5103 variatur,
2596 5034 2871 5091 incertum
2904 5033 3153 5090 habetur.

1980 5132 2050 5187 Et
2085 5129 2300 5201 quidam
2339 5134 2634 5200 surgentes,
2665 5127 2857 5197 falsum
2887 5128 3239 5183 testimonium
3270 5130 3512 5198 ferebant
3544 5177 3549 5183 .

1910 5230 2158 5284 adversus
2190 5238 2323 5289 eum,
2359 5221 2587 5274 dicentes
2616 5234 2634 5273 :
2663 5218 2924 5287 Quoniam
2955 5235 3047 5273 nos
3072 5221 3365 5274 audivimus
3391 5235 3508 5272 cum

1913 5326 2167 5380 dicentem
2194 5334 2212 5371 :
2238 5314 2355 5388 Ego
2397 5311 2680 5367 dissolvam
2711 5309 2958 5380 templum
2996 5311 3094 5364 hoc
3122 5314 3503 5381 manufactum,

1913 5428 1961 5475 et
1997 5422 2108 5488 post
2136 5411 2371 5468 triduum
2402 5404 2550 5459 aliud
2578 5419 2683 5460 non
2712 5404 3079 5472 manufactum
3112 5401 3405 5471 mdiﬁcabo.
3436 5398 3508 5453 Et

1912 5526 2014 5566 non
2052 5515 2163 5563 erat
2203 5500 2509 5558 conveniens
2541 5494 2895 5552 testimonium
2933 5493 3159 5547 illorum.
3209 5490 3278 5546 Et
3320 5507 3506 5545 exsur-

1913 5618 2038 5675 gens
2065 5612 2295 5655 summus
2320 5592 2562 5649 sacerdos
2584 5591 2636 5643 in
2659 5587 2909 5652 medium,
2940 5584 3280 5655 interrogavit
3302 5580 3502 5646 Iesum,

1914 5671 2089 5754 dicens
2120 5708 2137 5746 :
2170 5689 2293 5746 Non
2322 5682 2604 5756 respondes
2642 5678 2927 5752 quidquam
2962 5676 3033 5732 ad
3064 5692 3124 5732 ea
3153 5672 3389 5746 quretibi
3409 5671 3508 5725 ~ob-
