4030 6202
498 234 609 293 635

1529 232 1586 290 S.
1631 231 2014 291 iliERONYMI
2053 232 2337 290 OPEBUM
2378 231 2743 291 MANTISSA.

3730 233 3845 291 636

491 354 759 426 jiciuntur
785 358 850 411 ab
872 352 1110 411 his?llle
1138 336 1309 405 autem
1334 348 1551 412 tacebat,
1579 357 1628 401 et
1650 349 1781 402 nihil
1808 347 2095 418 respondit.
2125 352 2177 409 Α
2202 347 2399 417 gimus.
2443 345 2811 405 Descensione
2852 347 2970 418 ejus
3016 347 3084 403 ad
3131 347 3357 413 inferos,
3404 361 3509 404 nos
3556 349 3840 403 ascendi-

503 445 737 503 Rursum
763 463 989 502 summus
1012 442 1248 497 sacerdos
1274 432 1623 509 interrogabat
1648 456 1783 501 eum,
1809 447 1857 493 et
1878 440 2002 492 dicit
2024 440 2091 493 ei.

502 536 668 592 Moris
690 548 774 592 est
798 536 1204 597 haereticorum,
1232 532 1479 585 umbram
1502 529 1573 583 de
1598 530 1825 584 veritate
1854 529 2095 583 trahere.

506 628 624 683 Non
658 629 754 682 ille
780 626 941 693 dixit,
976 623 1119 694 quod
1151 623 1230 677 illi
1259 622 1446 677 dicunt
1474 638 1488 674 ε
1522 622 1617 675 sed
1660 621 1841 675 simile
1873 623 2096 675 verbum

507 718 578 772 de
610 717 813 784 templo
842 715 1089 784 corporis
1123 715 1229 778 sui,
1258 712 1403 783 quod
1438 720 1562 783 post
1590 712 1827 765 triduum
1862 711 2099 767 resusci-

504 812 655 867 tavit.
698 813 1016 880 Exsurgens
1064 822 1315 864 summus
1369 806 1628 862 sacerdos
1668 807 1975 876 interrogat
2009 805 2100 861 Jc-

501 918 622 958 sum
650 921 661 956 :
695 900 791 957 Ille
821 914 998 957 autem
1049 902 1285 956 tacebat.-
1321 899 1440 968 Ipse
1470 900 1615 954 Deus
1644 909 1698 953 et
1725 898 1977 953 Salvator
2004 913 2099 953 no-

502 1003 636 1059 ster,
661 993 755 1062 qui
784 994 991 1048 mundo
1018 992 1251 1047 salutem
1279 992 1535 1058 contulit,
1561 999 1617 1044 et
1652 991 1886 1045 humano
1909 992 2098 1061 generi

502 1101 599 1142 sua
630 1088 833 1156 pietate
865 1086 1156 1141 subvenit:
1186 1085 1328 1139 sicut
1362 1086 1480 1138 ovis
1510 1082 1577 1137 ad
1616 1083 1945 1137 occisionem
1978 1085 2098 1138 sine

502 1194 639 1233 voce
659 1177 877 1233 ducitur
902 1196 916 1232 :
945 1186 1000 1237 et
1029 1178 1305 1233 obmutuit
1331 1188 1384 1232 et
1413 1177 1561 1233 siluit
1592 1192 1622 1231 a
1646 1176 1825 1232 bonis.
1853 1176 2101 1232 Tacitur-

503 1269 648 1325 nitas
669 1270 868 1325 Christi
898 1269 1208 1340 apologiam
1234 1268 1367 1323 Adae
1389 1269 1646 1324 absolvit.

579 1369 659 1423 Tu
687 1386 739 1423 es
766 1368 1001 1423 Christus
1034 1368 1207 1423 Filius
1234 1369 1331 1425 Dei
1350 1371 1646 1426 benedicti?
1670 1370 1841 1436 Quem
1874 1370 2102 1439 exspec-

508 1458 703 1513 tabant
730 1458 800 1513 de
842 1459 1021 1528 longe,
1066 1458 1118 1512 in
1162 1473 1331 1528 prone
1376 1476 1482 1513 non
1515 1458 1722 1514 vident.
1754 1459 1910 1514 Sicut
1951 1459 2101 1515 isaac

507 1548 872 1617 caligantibus
897 1549 1093 1615 oculis,
1111 1547 1278 1604 Jacob
1301 1550 1401 1605 sub
1422 1550 1678 1604 manibus
1696 1565 1805 1607 non
1830 1551 2098 1621 agnoscit,

507 1641 604 1696 sed
637 1641 794 1711 longe
822 1640 890 1695 de
916 1655 983 1697 eo
1010 1640 1187 1695 futura
1214 1644 1379 1696 canit.

2207 452 2325 493 mus
2346 438 2635 493 adcmlos.
2670 439 2767 493 ille
2804 442 3081 496 invenitur
3114 442 3216 495 mel
3246 441 3299 495 in
3327 454 3423 496 ore
3454 440 3653 497 leonis
3680 456 3841 496 mor-

2205 531 2301 584 tui.
2330 528 2456 584 ηερε
2484 532 2665 585 omnia
2700 533 3006 599 prmvidens
3036 532 3307 603 propheta
3335 533 3411 586 ait
3435 550 3448 585 :
3474 532 3625 599 Quid
3667 534 3840 587 retri-

2202 621 2363 674 buam
2394 621 2622 675 Domino
2657 638 2756 690 pro
2782 623 3059 687 omnibus,
3091 638 3215 692 qnze
3258 623 3517 678 retribuit
3556 624 3761 678 mihi?

2273 709 2479 764 Etcum
2512 722 2641 766 esset
2666 711 2854 767 Petrus
2886 716 2938 769 in
2973 716 3109 767 atrio
3139 715 3403 778 deorsum,
3432 717 3573 770 renit
3600 731 3731 769 una
3769 730 3838 769 ει

2201 803 2407 856 ancillis
2431 805 2617 857 summi
2661 808 2968 872 sacerdotis,
2999 815 3048 860 et
3079 818 3196 860 cum
3226 808 3441 861 vidisset
3472 807 3715 864 Petrum
3749 827 3838 863 ca-

2202 894 2521 962 lefacientem
2561 910 2635 961 se,
2667 897 2928 964 aspiciens
2956 897 3132 965 illum,
3172 898 3289 951 ait:
3321 896 3389 950 Et
3428 908 3486 952 tu
3529 914 3657 954 cum
3697 897 3839 961 Iesu

2208 981 2486 1037 Nazarene
2526 986 2686 1039 eras?
2723 983 2788 1039 At
2819 986 2912 1040 ille
2940 988 3162 1058 negauit,
3197 988 3419 1044 dicens:
3447 988 3643 1061 Neque
3686 992 3833 1056 scio,

2204 1093 2361 1145 neque
2390 1077 2526 1143 novi,
2555 1077 2683 1146 quid
2722 1077 2892 1131 dicas.
2942 1078 3009 1131 Et
3049 1079 3176 1132 exiit
3202 1081 3343 1149 foras
3370 1090 3494 1135 ante
3518 1083 3755 1150 atrium,
3786 1091 3839 1136 et

2202 1169 2371 1239 gallus
2400 1170 2648 1223 cantabit.
2682 1168 2913 1223 Rursum
2935 1180 3109 1224 autem
3140 1186 3260 1224 eum
3288 1172 3506 1227 vidisset
3529 1174 3697 1228 illum
3730 1191 3833 1227 an-

2204 1262 2349 1322 cilla,
2398 1262 2553 1329 capit
2588 1262 2757 1316 dicere
2797 1264 3292 1317 circumstantibus:
3314 1267 3439 1335 quia
3471 1265 3562 1319 hic
3598 1284 3673 1321 es
3713 1268 3835 1321 illis

2203 1364 2298 1407 est.
2332 1353 2396 1407 At
2420 1354 2507 1408 ille
2527 1355 2712 1408 iterum
2740 1357 2963 1425 negavit.
2996 1355 3062 1409 Et
3088 1367 3204 1425 post
3230 1357 3477 1427 pusillum
3496 1375 3694 1415 rursus
3729 1362 3832 1429 qui

2204 1446 2465 1513 astabant,
2504 1446 2739 1499 dicebant
2772 1445 2931 1501 Petro
2957 1464 2977 1502 :
3025 1447 3176 1511 Vere,
3206 1464 3269 1502 ea:
3315 1448 3419 1502 illis
3456 1466 3512 1503 es
3538 1467 3561 1504 .'
3588 1467 3733 1505 nam
3780 1459 3835 1503 et

2206 1534 2456 1589 Gallicana
2486 1553 2556 1591 es.
2588 1536 2692 1592 Ille
2726 1548 2903 1592 autem
2934 1540 3085 1606 coepit
3127 1538 3580 1608 anathematizare,
3625 1550 3681 1595 et
3714 1544 3835 1613 jac-

2208 1642 2344 1692 rare,
2371 1628 2492 1696 quia
2513 1628 2683 1682 nescio
2713 1630 2974 1683 hominem
2995 1632 3173 1698 istum,
3197 1646 3343 1700 quem
3372 1630 3546 1683 dicitis
3570 1647 3588 1688 :
3617 1641 3674 1685 et
3702 1639 3831 1685 sta-

581 1737 733 1794 Je‘us
762 1740 1090 1793 “Iamdiu?
1121 1738 1202 1792 iu,-
1231 1755 1249 1790 ε
1279 1738 1396 1811 Ego
1426 1754 1559 1793 sum.
1594 1739 1665 1796 Ut
1695 1741 2101 1799 inexcusabiles
2136 1736 2180 1796 Β
2211 1720 2301 1771 tim
2330 1720 2503 1790 gallus
2546 1721 2734 1775 iterum
2772 1723 3015 1775 cantavit.
3064 1720 3130 1775 Et
3160 1722 3459 1776 recordatus
3491 1732 3565 1775 est
3607 1720 3827 1777 Petrus

512 1830 644 1883 sint.

580 1927 649 1980 Et
693 1926 925 1980 videbitis
976 1926 1145 1995 ﬁlium
1196 1927 1437 1982 hominis.
1476 1922 1747 1983 Sacerdos
1799 1930 2105 2002 interrogat

511 2017 683 2072 illium
718 2017 836 2083 Dei,
878 2018 1038 2072 Jesus
1073 2027 1257 2073 autem
1294 2019 1576 2089 respondit
1616 2022 1787 2075 lilium
1824 2021 2098 2080 hominis:

508 2117 566 2163 ut
596 2108 685 2162 hic
716 2107 1076 2178 intelligamus
1104 2109 1198 2165 Dei
1223 2109 1394 2163 lilium
1418 2112 1666 2166 eumdem
1696 2126 1818 2168 esse
1848 2120 1903 2168 et
1932 2116 2099 2172 ﬁlium

508 2198 786 2253 hominis:
812 2206 958 2253 etne
985 2200 1404 2270 qnatcrnitatem
1438 2202 1700 2257 faciamus
1723 2204 1778 2257 in
1808 2204 2097 2275 Trinitate,

511 2292 608 2347 sed
640 2291 806 2346 homo
838 2291 890 2346 in
916 2292 1049 2359 Deo,
1082 2300 1134 2348 et
1165 2294 1307 2349 Deus
1340 2294 1393 2349 in
1424 2294 1644 2352 humine
1675 2311 1899 2353 necesse
1935 2300 2026 2353 sit.

582 2384 862 2439 Sedentem
889 2400 920 2436 a
951 2383 1147 2438 dextris
1170 2385 1392 2451 virtutis,
1427 2386 1479 2439 id
1506 2397 1608 2453 est,
1644 2389 1698 2442 in
1731 2390 1838 2442 vita
1866 2404 2101 2459 regnan-

505 2487 611 2534 tem
641 2481 1003 2549 scmpiterna,
1034 2490 1089 2534 et
1117 2481 1317 2535 virtute
1342 2479 1547 2535 divina.

580 2568 647 2623 Et
674 2572 956 2624 venientem
987 2585 1105 2623 cum
1133 2572 1355 2625 nubibus
1384 2572 1517 2626 caeli.
1549 2570 1607 2625 in
1654 2573 1798 2627 nube
1831 2577 2097 2643 ascendit,

506 2674 627 2715 cum
666 2662 808 2716 nube
839 2663 1043 2729 veniet,
1080 2662 1131 2715 id
1159 2671 1264 2731 est,
1298 2662 1351 2718 in
1385 2679 1615 2733 corpore
1649 2680 1749 2719 suo
1780 2668 1919 2728 solo,
1957 2667 2100 2737 qttod

507 2753 743 2819 sumpsit
776 2768 805 2805 a
837 2753 1048 2822 virgine
1074 2753 1364 2809 ascendit:
1407 2765 1608 2809 etcum
1648 2757 1967 2814 multiformi
1998 2762 2100 2815 Ec-

509 2845 695 2911 clesia,
722 2857 844 2913 quae
876 2852 959 2899 est
987 2858 1187 2915 corpus
1218 2847 1416 2921 ipsius,
1447 2857 1501 2903 et
1538 2844 1822 2920 plenitudo
1854 2853 1991 2925 ejus,
2030 2856 2099 2911 ad

505 2936 769 3004 judicium
803 2944 1071 2992 venturus
1112 2946 1236 2993 est:
1270 2940 1413 2995 sicut
1456 2941 1590 2996 dicit
1629 2945 1929 3000 secundum
1968 2949 2102 3003 Mat-

509 3026 711 3081 thaaum
738 3042 751 3081 :
781 3024 915 3082 Cum
948 3039 1130 3084 autem
1170 3032 1381 3086 venerit
1416 3031 1562 3088 illius
1593 3034 1856 3105 hominis,
1890 3047 1946 3093 ct
1982 3055 2100 3093 ont-

509 3136 607 3176 nes
642 3118 818 3191 angeli
852 3136 972 3177 cum
1012 3139 1101 3189 eo,
1132 3133 1186 3180 et
1220 3127 1452 3197 reliqua.

579 3213 829 3269 Summus
865 3224 1037 3270 autem
1078 3220 1319 3273 sacerdos
1364 3220 1606 3285 scindens
1642 3223 1943 3279 vestimenta
1977 3243 2096 3293 sua,

506 3304 581 3357 ait
605 3320 624 3357 :
656 3303 795 3369 Quid
814 3305 985 3360 adhuc
1015 3307 1369 3379 desideramus
1397 3316 1548 3365 testes
1573 3329 1590 3367 :
1622 3312 1843 3369 audistis
1867 3316 2101 3387 blasphe-

508 3396 683 3448 miam.
709 3396 847 3463 Quid
868 3396 1007 3451 vobis
1035 3399 1236 3454 videtur
1252 3400 1279 3454 1’
1299 3400 1402 3469 Qui
1424 3419 1600 3457 omnes
1625 3405 2103 3463 condemnarerunt

506 3504 622 3542 cum
650 3505 755 3543 esse
784 3506 928 3545 reum
954 3494 1152 3547 mortis.
1189 3493 1257 3548 Et
1287 3508 1551 3568 cwpcrunt
1578 3500 1794 3569 quidam
1821 3518 2101 3573 conspuere

507 3580 559 3631 in
582 3596 715 3647 eum,
740 3589 787 3633 et
819 3582 988 3636 velare
1027 3585 1212 3652 faciem
1241 3589 1377 3658 ejus,
1415 3595 1461 3642 et
1486 3589 1722 3660 colaphis
1753 3608 1872 3645 eum
1904 3594 2101 3648 credere

507 3680 554 3722 et
592 3671 761 3724 dicere
788 3674 834 3725 ei
864 3690 881 3726 :
912 3673 1249 3745 PrOphetiza.
1283 3679 1350 3732 Et
1380 3682 1605 3736 ministri
1634 3685 1805 3752 alapis
1846 3704 1961 3740 eum
2002 3704 2101 3743 ca:-

510 3759 716 3814 debant.
755 3760 865 3816 Iloc
903 3775 987 3818 est
1018 3768 1194 3836 ephod
1230 3787 1241 3821 :
1277 3770 1333 3825 in
1357 3787 1462 3839 quo
1500 3772 1775 3832 habebant
1806 3779 2093 3849 honorem,

507 3852 679 3908 Judaei
721 3855 1040 3911 amiserunt.
1098 3858 1195 3913 Hie
1238 3860 1395 3917 adest
1433 3862 1655 3921 Samuel
1709 3872 1883 3925 scisso
1930 3876 2099 3943 pallio

507 3944 575 4001 de
604 3947 856 4001 manibus
882 3947 1008 4004 Sanl
1040 3950 1091 4005 in
1120 3967 1312 4023 regno.
1340 3950 1531 4014 Milites
1554 3963 1784 4032 gentiles
1812 3982 1918 4021 non
1952 3969 2101 4024 scin-

508 4038 644 4093 dunt
695 4040 935 4095 tunicam
996 4042 1236 4100 Christi:
1289 4050 1603 4107 sacerdotes
1665 4070 1796 4111 vero
1842 4059 2099 4116 scindunt

505 4129 823 4199 dignitatem
853 4133 1146 4189 sacerdotii
1178 4138 1286 4191 sui.
1315 4138 1382 4194 Et
1422 4144 1753 4199 condemnat
1790 4163 1911 4203 eum
1945 4167 2098 4208 reum

506 4236 629 4278 esse
660 4226 875 4281 mortis.
902 4226 1021 4293 Quo
1048 4238 1201 4283 reatu
1234 4246 1354 4298 suo,
1387 4245 1598 4290 reatum
1631 4249 1881 4293 nostrum
1912 4243 2095 4299 solve-

507 4322 629 4368 ret:
691 4325 747 4370 et
802 4316 1074 4375 velamine
1122 4320 1280 4377 faciei
1338 4338 1474 4391 suae,
1537 4328 1785 4384 velamen
1850 4334 2095 4391 cordinm

510 4414 821 4462 nostrorum
853 4410 1112 4478 auferret,
1146 4420 1199 4468 et
1237 4418 1636 4483 Sputaminibus
1684 4427 1971 4496 susceptis,
2022 4428 2099 4483 fa-

507 4498 645 4553 ciem
675 4502 870 4555 animce
906 4518 1108 4560 nostra:
1142 4507 1347 4563 lavaret
1375 4525 1388 4562 :
1421 4518 1475 4563 et
1506 4511 1779 4581 colaphis,
1816 4491 2011 4584 quibus
2044 4522 2095 4576 in
2127 4491 2175 4551 D

509 4601 671 4660 caput
697 4608 988 4663 percussus
1009 4607 1114 4667 est,
1140 4610 1301 4668 caput
1334 4600 1552 4657 immani
1579 4606 1797 4675 generis
1827 4599 1990 4680 (quod
2015 4623 2099 4670 est

506 4685 700 4757 Adam)
748 4700 992 4747 sanaret.
1045 4693 1116 4747 Et
1156 4694 1328 4761 alapis
1357 4695 1553 4765 quibus
1601 4701 1942 4768 cxpalmatus
1987 4716 2094 4774 est,

505 4782 737 4835 maxima
780 4780 898 4837 laus
925 4783 1066 4853 ejus,
1113 4787 1320 4841 nostris
1352 4789 1604 4845 manibus
1653 4798 1707 4847 et
1747 4793 1908 4851 labiis
1939 4798 2093 4869 plan-

507 4869 703 4928 deret;
751 4874 917 4941 unde,
951 4874 1153 4931 Omnes
1200 4887 1391 4948 gentes
1423 4881 1665 4952 plaudite
1709 4888 1980 4945 manibus.
2031 4892 2099 4948 Et

507 4975 673 5020 cruce
724 4978 841 5035 sua,
890 4971 1188 5026 cruciatum
1234 4980 1477 5029 nostrum
1515 4977 1792 5035 solveret:
1821 4991 1876 5037 et
1920 4992 2099 5041 morte

507 5068 626 5119 sua,
662 5067 895 5114 mortem
928 5072 1167 5119 nostram
1199 5076 1424 5123 necaret
1453 5085 1465 5121 :
1500 5084 1621 5125 cum
1666 5070 1844 5143 ferum
1876 5090 2099 5146 serpen-

502 5148 573 5202 tis
613 5160 925 5218 serpentem
974 5166 1152 5223 necat,
1182 5159 1307 5231 quia
1340 5168 1597 5233 serpente
1642 5164 1709 5221 de
1745 5167 1891 5239 virga
1946 5168 2091 5227 facto

505 5241 595 5296 alii
649 5244 1009 5303 absorbentur
1062 5263 1363 5323 serpentes.
1418 5258 1571 5315 Unde
1622 5276 1717 5331 per
1779 5264 2097 5334 prophetam

505 5331 619 5402 ipse
646 5334 780 5389 dicit
816 5354 829 5391 :
863 5338 972 5393 Ero
1004 5357 1150 5399 mors
1182 5355 1293 5411 tua,
1324 5363 1355 5401 ο
1400 5366 1567 5416 mors,
1601 5364 1653 5407 et
1698 5331 1914 5409 morsus
1952 5366 2093 5427 tuus,

504 5440 536 5478 ο
575 5426 803 5485 inferne.
837 5430 1139 5503 Opprobria
1171 5438 1286 5506 ejus
1324 5450 1571 5496 nostrum
1604 5444 1874 5503 abstulere
1900 5426 2099 5517 Oppre-

494 5514 694 5573 brium.
726 5520 955 5578 Vincula
987 5526 1109 5595 ejus
1156 5544 1255 5584 nos
1304 5531 1510 5588 liberos
1560 5536 1827 5593 fecerunt.
1876 5514 2093 5595 Corona

494 5610 680 5702 ξ-Ρῖυθδ
728 5615 923 5681 Capitis
961 5619 1104 5688 ejus,
1154 5623 1400 5679 diadema
1453 5630 1606 5699 regni
1654 5633 1830 5702 adepti
1880 5654 1959 5688 sn.-

486 5696 812 5758 Vulneribus
835 5709 955 5776 ejus
977 5726 1165 5769 sumus
1192 5720 1389 5775 sanati.
1418 5696 1706 5792 Sepultum
1737 5726 1853 5795 ejus
1897 5745 1975 5783 ιο»,
1998 5742 2080 5781 ,.r-

2206 1813 2343 1865 verbi
2384 1813 2520 1882 quod
2551 1814 2751 1868 dixerat
2788 1817 2835 1868 ei
2862 1813 3052 1874 Jesus:
3087 1816 3389 1885 priusquam
3425 1814 3602 1883 gallus
3635 1824 3823 1868 cantet

2208 1903 2307 1967 bis,
2339 1914 2414 1957 ter
2452 1921 2531 1957 me
2572 1907 2818 1974 negabis:
2850 1916 2897 1960 et
2938 1908 3089 1976 capit
3118 1909 3267 1976 ﬂere.
3304 1905 3500 1960 Petrus
3538 1906 3657 1961 sine
3698 1906 3819 1974 spi-

2209 1996 2335 2065 ritu,
2368 1999 2490 2052 voci
2513 1999 2726 2052 ancilla:
2756 2000 2960 2055 cessit:
2992 2015 3115 2054 cum
3154 1998 3371 2065 Spiritu,
3406 2013 3508 2053 nec
3550 2000 3817 2066 principi-

2208 2089 2329 2155 bus,
2365 2105 2463 2143 nec
2491 2091 2713 2160 regibus
2734 2092 2897 2147 cedit.
2933 2092 3108 2145 Prima
3140 2091 3361 2156 ancilla,
3395 2092 3653 2146 titubatio
3678 2103 3765 2146 est
3798 2110 3814 2145 :

2203 2181 2469 2243 secunda,
2503 2184 2795 2237 consensio
2826 2200 2840 2236 :
2877 2184 3069 2238 tertius
3100 2184 3204 2250 vir,
3242 2194 3394 2237 actus
3423 2192 3529 2239 est.
3568 2184 3697 2238 Hmc
3725 2200 3757 2238 e
3794 2195 3811 2237 ι

2204 2273 2343 2331 trina
2385 2274 2620 2343 negatio,
2655 2290 2815 2346 quam
2846 2275 3021 2330 abluit
3067 2291 3164 2344 per
3212 2274 3378 2332 ﬂetus
3417 2276 3568 2331 verbi
3601 2276 3815 2332 Christi

2203 2364 2529 2421 recordatio.
2554 2367 2710 2422 Tune
2741 2369 2902 2424 nobis
2927 2369 3103 2439 gallus
3123 2378 3329 2433 cantat,
3359 2370 3575 2440 quando
3604 2372 3810 2441 prsidi-

2200 2467 2355 2511 cator
2372 2460 2600 2528 quisque
2631 2475 2730 2530 per
2754 2462 3133 2531 ptenitentiam
3154 2460 3323 2517 corda
3347 2472 3538 2517 nostra
3559 2462 3625 2517 ad
3646 2478 3811 2518 com-

2203 2550 2550 2617 pnnctionem
2591 2554 2811 2608 exeitat.
2858 2554 3013 2609 Tunc
3058 2554 3353 2624 incipimus
3397 2555 3550 2621 ﬂere,
3579 2554 3801 2626 quando

2205 2641 2438 2710 iguimur
2466 2643 2610 2696 intus
2641 2660 2737 2713 per
2766 2646 3061 2702 scintillam
3093 2647 3345 2703 scientias
3369 2663 3385 2701 :
3412 2656 3470 2704 et
3497 2647 3647 2706 foras
3674 2650 3796 2705 esi-

2204 2749 2323 2789 ntus
2350 2745 2502 2791 extra
2531 2737 2674 2807 quod
2707 2736 2934 2794 fuimus.

2792 2892 3023 2961 CAPUT
3061 2893 3181 2952 XV.

2274 3047 2344 3101 Et
2374 3048 2665 3119 confestim,
2696 3066 2846 3105 mane
2886 3051 3164 3106 consilium
3194 3051 3446 3121 facientes
3485 3053 3672 3106 summi
3714 3068 3803 3107 sa-

2151 3120 2169 3179 )
2203 3142 2435 3197 cerdotes
2455 3158 2567 3195 cum
2597 3144 2884 3198 senioribus
2906 3153 2951 3197 et
2972 3145 3178 3213 scribis,
3205 3152 3257 3199 et
3282 3146 3520 3199 universo
3546 3146 3801 3199 concilio:

2203 3233 2476 3287 vincientes
2503 3229 2707 3304 Iesum,
2740 3236 3022 3299 duxerunt,
3048 3243 3095 3290 et
3127 3235 3461 3289 tradiderunt
3490 3232 3689 3290 Pilato.
3734 3234 3803 3289 Et

2202 3325 2537 3396 interrogavit
2578 3343 2694 3380 cum
2728 3326 2977 3382 Pilatus:
3020 3326 3095 3381 Tu
3138 3343 3192 3381 es
3224 3342 3318 3381 rex
3341 3324 3692 3381 Iudaeorum?
3738 3327 3801 3381 At

2201 3415 2289 3469 ille.
2318 3418 2658 3485 respondens,
2694 3420 2766 3473 ait
2793 3420 2916 3473 illi:
2944 3419 3023 3473 Tu
3047 3420 3199 3473 dicis.
3238 3420 3309 3473 Et
3343 3420 3661 3474 accusabant
3684 3436 3800 3474 cum

2202 3508 2388 3561 summi
2414 3510 2703 3563 sacerdotes
2736 3511 2787 3563 in
2817 3511 3011 3565 multis.
3050 3508 3260 3565 Pilatus
3285 3521 3456 3565 autem
3485 3528 3691 3566 rursum
3720 3514 3802 3566 in-

2204 3600 2480 3669 terrogavit
2524 3616 2661 3664 eum,
2707 3601 2882 3655 dicens
2920 3618 2937 3655 :
2993 3600 3116 3655 Non
3158 3603 3437 3672 respondes
3483 3603 3804 3673 quidquam?

2214 3689 2337 3743 Vide
2369 3692 2421 3745 in
2443 3693 2652 3760 quantis
2680 3703 2726 3746 te
2745 3704 3013 3748 accusant.
3042 3692 3199 3748 Jesus
3227 3703 3399 3748 autem
3422 3697 3647 3767 amplius
3668 3696 3803 3749 nihil

2203 3783 2490 3850 respondit,
2537 3785 2611 3836 ita
2641 3794 2697 3838 ttt
2738 3786 3016 3840 miraretur
3060 3786 3296 3841 Pilatus.
3332 3785 3434 3841 Per
3458 3787 3593 3840 diem
3629 3795 3803 3842 autem

2204 3876 2391 3946 festum
2427 3876 2621 3930 solebat
2659 3878 2917 3932 dttnittcre
2947 3877 3055 3931 illis
3090 3895 3251 3933 unum
3291 3894 3354 3933 ex
3387 3880 3593 3943 vinctis,
3628 3893 3802 3943 quem-

2202 3984 2419 4038 cumque
2460 3970 2726 4037 petissent.
2777 3970 2905 4024 Erat
2943 3980 3131 4033 autem,
3169 3972 3263 4042 qui
3299 3972 3567 4026 dicebatur
3602 3969 3799 4023 Barab-

2201 4058 2325 4113 bas:
2345 4060 2431 4128 qui
2450 4077 2564 4113 cum
2588 4062 2845 4117 seditiosis
2871 4073 2980 4117 erat
3009 4064 3245 4119 cinctus:
3266 4066 3355 4133 qui
3376 4066 3428 4117 in
3451 4065 3699 4118 seditione
3719 4065 3797 4134 fe-

2201 4160 2338 4204 cerat
2387 4151 2751 4207 homicidium.
2786 4154 2853 4208 Et
2898 4172 3013 4208 cum
3060 4157 3376 4211 ascendisset
3427 4158 3576 4210 turba
3603 4196 3616 4219 ,
3649 4157 3798 4223 erepit

2202 4256 2387 4316 rogare
2417 4247 2547 4299 sicut
2590 4263 2789 4316 semper
2822 4248 3043 4318 faciebat
3082 4249 3210 4302 illis.
3250 4246 3457 4303 Pilatus
3505 4256 3676 4302 autem
3706 4262 3793 4301 rc-

2200 4338 2414 4405 spoudit
2445 4340 2545 4402 eis,
2580 4347 2627 4391 et
2658 4340 2808 4393 dixit.
2844 4340 2941 4393 llic
2984 4340 3139 4395 adest
3186 4339 3416 4395 Samson
3441 4383 3455 4406 ,
3494 4339 3549 4393 id
3585 4348 3686 4405 est,
3718 4338 3799 4391 sol

2202 4447 2418 4484 eorum:
2467 4433 2664 4501 quibus
2705 4431 2961 4489 occubuit
3014 4435 3097 4488 sol
3157 4435 3209 4488 in
3275 4433 3550 4488 meridie:
3600 4431 3798 4491 Daiila.

2201 4520 2359 4575 situla
2389 4523 2774 4592 interpretatur
2805 4543 2818 4578 :
2851 4540 2972 4593 qna-
3004 4535 3087 4581 est
3136 4538 3436 4597 synagoga,
3469 4538 3590 4594 quas
3621 4524 3802 4578 situla:

2203 4629 2357 4669 more
2396 4615 2677 4686 limpidum
2729 4616 2996 4686 liquorem
3049 4632 3156 4672 non
3194 4624 3375 4683 tenet;
3420 4628 3472 4671 et
3507 4617 3800 4686 quisquilia

2202 4707 2481 4761 immunda
2506 4707 2746 4777 collegit.
2782 4708 3014 4765 Samson
3048 4720 3233 4766 noster
3278 4711 3493 4764 maxilla
3533 4710 3684 4765 verbi
3714 4709 3799 4765 sui

2202 4797 2516 4854 innumeras
2567 4808 2817 4856 catervas
2868 4801 3183 4857 Jndaaorum
3249 4810 3304 4857 et
3350 4802 3660 4857 dtemonum
3711 4803 3801 4857 hic

2202 4891 2434 4948 sternit:
2463 4900 2518 4947 et
2552 4891 2754 4949 fontem
2795 4896 3053 4965 perennis
3089 4896 3218 4950 vita:
3266 4895 3577 4949 sitientibus
3608 4894 3797 4959 nobis,

2208 4984 2259 5040 id
2293 4992 2396 5052 est,
2427 4987 2640 5057 corpori
2673 5002 2772 5043 suo
2802 4988 3033 5057 aperiet.
3065 4986 3355 5043 Pontiﬁces
3383 4987 3801 5042 concitaverunt

2206 5078 2415 5146 turbas,
2450 5088 2507 5135 ut
2545 5089 2793 5150 peterent
2831 5078 3153 5147 Barabbam,
3196 5090 3252 5135 et
3295 5078 3677 5144 crucifigerent
3704 5077 3800 5132 ιε.

2206 5184 2347 5226 sum.
2388 5172 2488 5229 Hic
2524 5173 2635 5229 duo
2677 5174 2812 5230 hirci
2854 5173 3095 5229 adsunt:
3139 5186 3279 5229 unus
3312 5172 3699 5242 ἀππομπαίος,
3750 5172 3801 5225 id

2205 5272 2310 5332 est,
2342 5268 2680 5321 admissarius
2705 5285 2722 5321 :
2753 5282 2875 5323 cum
2904 5276 3137 5336 peccato
3167 5266 3351 5338 pepuli
3386 5266 3437 5319 in
3464 5262 3691 5319 deserto
3719 5263 3801 5318 in-

2208 5356 2341 5413 ferni
2375 5360 2654 5415 absolutus
2695 5360 3027 5415 dimittitur:
3058 5360 3201 5415 alter
3228 5373 3326 5429 pro
3366 5355 3611 5426 peccatis
3639 5356 3800 5410 abso-

2206 5450 2469 5517 lutorum,
2518 5459 2577 5505 ut
2612 5464 2780 5523 agnus
2812 5452 3107 5507 occiditur.
3154 5452 3286 5505 Pars
3332 5447 3551 5502 Domini
3586 5462 3802 5519 semper

2200 5552 2499 5609 mactatur;
2536 5558 2662 5611 pars
2685 5545 2916 5611 diaboli,
2940 5546 3031 5616 qui
3065 5554 3150 5598 est
3181 5541 3438 5612 magister
3475 5554 3695 5605 eorum,
3727 5539 3800 5595 ef-

2198 5631 2404 5687 frenata
2440 5634 2492 5686 in
2534 5641 2800 5688 tartarum
2835 5634 3224 5703 prcecipitatur.
3258 5630 3544 5688 Subditur.

2276 5725 2443 5781 Vultis
2488 5727 2742 5781 dimittam
2789 5727 2940 5782 vobis
2984 5744 3157 5798 regem
3211 5724 3559 5782 Judawrum?
3588 5724 3798 5778 Sciebat
