4030 6202
303 221 410 281 657

297 341 437 394 enim
465 341 606 411 quod
648 355 739 409 per
777 339 1028 396 invidiam
1068 327 1410 394 tradidissent
1439 355 1554 394 eum
1585 341 1775 394 summi
1809 355 1894 393 sa-
1924 339 1970 399 Α
1998 338 2137 408 ejus.
2212 339 2348 394 Dum
2435 339 2680 407 legerent
2727 357 2742 397 :

302 434 556 488 cerdotes.
602 431 885 502 Pontiﬁces
921 441 1096 487 autem
1140 436 1526 486 concitaverunt
1566 432 1796 495 turbam,
1840 439 1896 485 ut

300 525 468 594 magis
495 523 788 578 Barabbam
816 525 1096 578 dimitteret
1129 524 1223 580 eis.
1261 523 1473 577 Pilatus
1501 532 1674 576 autem
1707 525 1895 576 iterum

297 616 640 683 respondens,
694 617 770 670 ait
810 616 925 670 illis
957 633 976 670 :
1011 615 1152 683 Quid
1190 633 1311 688 ergo
1348 616 1502 669 cultis
1545 616 1738 684 faciant
1785 615 1896 686 regi

294 704 650 760 Judteorum?
696 707 759 760 At
819 707 898 761 illi
945 707 1136 761 iterum
1186 707 1584 762 clamauerunt:
1636 707 1896 776 Cruci/iga

293 813 436 850 eum.
469 796 680 851 Pilatus
701 813 817 851 vero
847 798 1052 852 dicebat
1084 798 1194 853 illis
1217 813 1236 852 :
1261 799 1398 864 Quid
1425 799 1561 853 enim
1592 800 1719 852 mali
1741 798 1898 868 fecit?

293 888 364 940 At
393 889 473 942 illi
508 890 670 959 magis
707 889 1000 944 clamabant
1027 905 1046 942 .°
1077 888 1339 961 Crueiﬁge
1375 906 1513 943 eum.
1546 887 1756 942 Pilatus
1791 905 1890 942 au-

293 989 422 1047 tem,
483 983 659 1036 nolens
703 982 898 1052 populo
931 983 1262 1053 satisfacere,
1297 981 1493 1035 dimisit
1535 981 1643 1034 illis
1687 979 1889 1033 Barab-

289 1073 430 1137 batu,
465 1083 515 1127 et
545 1075 766 1128 tradidit
794 1075 866 1128 eis
895 1073 1100 1139 Iesum,
1128 1073 1358 1146 ﬂagellis
1386 1088 1594 1138 ccesum,
1628 1080 1684 1125 ut
1717 1072 1889 1124 cruei—

289 1167 563 1235 ﬁgeretur.
589 1166 785 1220 Milites
815 1173 985 1220 autem
1013 1166 1282 1218 duxerunt
1313 1179 1427 1217 eum
1449 1165 1588 1217 intro
1615 1164 1669 1216 in
1695 1163 1890 1218 atrium

287 1259 548 1323 prtetorii,
575 1266 622 1310 et
642 1265 926 1310 convocant
955 1265 1116 1309 totam
1143 1256 1426 1318 cohortem,
1457 1262 1504 1306 et
1532 1254 1752 1307 induunt
1774 1269 1890 1307 eum

287 1365 550 1417 purpura,
574 1359 619 1401 et
645 1349 912 1418 imponunt
931 1348 1000 1412 ei,
1018 1349 1322 1412 plectentes,
1344 1347 1580 1415 spineam
1604 1359 1887 1398 coronam:

283 1449 339 1494 et
370 1450 624 1507 eruperunt
646 1441 876 1495 salutare
896 1456 1033 1507 eum,
1061 1439 1180 1506 Ave,
1215 1454 1309 1493 rex
1327 1436 1638 1492 Jndreorum
1656 1438 1678 1491 !
1700 1446 1746 1490 et
1772 1453 1888 1508 per-

283 1534 548 1588 cutiebaut
571 1543 726 1605 caput
755 1537 867 1608 ejus
901 1535 1179 1600 arundine,
1214 1543 1260 1587 et
1290 1531 1645 1603 conspuelmnt
1668 1546 1807 1597 eum,
1837 1538 1887 1583 et

283 1637 537 1696 ponentes
565 1643 755 1695 genua,
788 1627 1088 1680 adorabunt
1115 1641 1253 1679 eum.
1292 1624 1358 1678 Et
1395 1632 1668 1694 postquam
1707 1622 1886 1676 illuse-

913 219 1464 278 COMMENTARIUS
1500 219 1568 277 ΙΝ
1610 217 2067 279 EVANGELIUM
2109 217 2256 278 SEG.
2302 216 2618 279 MARCUM.
2664 221 2816 281 CAP.
2860 225 2981 283 XV.

3497 229 3604 286 638

2839 343 3161 399 maledietus
3241 344 3419 400 omnis
3507 347 3599 416 qui

2002 430 2200 500 pendet
2254 431 2308 485 in
2363 430 2546 501 ligno:
2579 431 2753 488 factus
2805 441 2889 488 est
2942 436 3284 500 malediclus,
3334 448 3390 491 ut
3435 439 3596 494 tolle-

2001 531 2082 576 ret
2147 522 2515 578 maledictum.
2579 523 2766 578 Simon
2838 525 2932 594 qui
2999 535 3178 594 portat
3244 543 3461 583 crucem
3538 531 3594 585 in

1999 615 2266 682 auguria:
2309 615 2424 684 ipse
2469 622 2554 669 est
2596 616 2688 685 qui
2744 616 2958 670 laborat
3000 633 3098 686 pro
3129 617 3289 672 laude
3332 619 3591 677 humana.

1999 703 2216 774 Cogunt
2253 720 2376 760 eum
2421 706 2673 762 homines
2716 705 2841 762 huic
2873 707 3071 774 labori,
3105 723 3267 778 quem
3311 724 3418 764 non
3455 713 3600 779 cogit

1999 799 2166 855 timor
2207 809 2260 853 et
2288 799 2511 855 dilectio
2544 800 2658 855 Dei.
2703 801 2818 870 Ipsa
2856 801 3070 871 species
3105 801 3304 868 crucis,
3341 802 3472 872 quid
3511 812 3596 858 est

2001 890 2107 944 nisi
2150 890 2318 946 forma
2360 893 2621 960 quadrata
2667 891 2889 946 mundi?
2919 893 3117 948 Oriens
3147 893 3216 947 de
3248 893 3457 948 vertice
3496 893 3596 948 lul-

1995 994 2152 1048 gens,
2175 982 2382 1035 Arcton
2409 981 2608 1036 dextra
2635 991 2783 1037 tenet
2814 1000 2826 1034 :
2854 983 3054 1038 Auster
3074 982 3128 1036 in
3164 983 3280 1036 leva
3305 983 3593 1039 consistit:

1995 1074 2266 1130 Occidens
2314 1077 2416 1131 sub
2449 1078 2650 1146 plantis
2684 1079 2952 1132 ﬁrmatur.
2988 1079 3143 1134 Unde
3181 1078 3477 1148 Apostolus
3505 1079 3592 1134 di-

1994 1165 2110 1219 cit:
2163 1165 2230 1220 Ut
2278 1167 2538 1232 sciamus,
2571 1182 2692 1236 quae
2740 1168 2811 1221 sit
2859 1169 3112 1232 altitudo,
3165 1181 3218 1224 et
3251 1170 3496 1238 latitudo,
3539 1181 3594 1227 et

1997 1255 2304 1326 longitudo,
2349 1265 2404 1310 et
2445 1258 2795 1326 profundum.
2846 1258 3010 1323 Aves,
3042 1261 3261 1329 quando
3291 1262 3479 1317 volant
3521 1263 3588 1318 ad

1993 1347 2218 1412 aethera,
2246 1347 2477 1402 formam
2501 1349 2678 1402 crucis
2708 1358 2994 1404 assumunt
3020 1368 3030 1402 :
3067 1352 3231 1405 homo
3264 1362 3462 1408 natans
3494 1370 3590 1424 per

1993 1453 2188 1508 aquas,
2221 1439 2310 1493 vel
2349 1452 2535 1506 orans,
2567 1438 2743 1493 forma
2776 1440 2956 1494 crucis
2996 1441 3237 1496 vehitur.
3282 1443 3444 1499 Navis
3496 1461 3592 1514 per

1997 1530 2203 1595 maria,
2243 1539 2480 1584 antenna
2529 1530 2681 1584 cruci
2728 1531 2964 1584 similata
2993 1531 3261 1586 sumatur.
3297 1534 3340 1586 T
3380 1533 3586 1602 littera,

1989 1622 2198 1691 signum
2243 1622 2438 1677 salutis
2467 1631 2522 1677 ct
2559 1621 2738 1678 crucis
2777 1621 3129 1677 describitur.
3171 1624 3237 1676 Et
3279 1623 3587 1692 perducunt

281 1726 411 1770 runt
449 1719 516 1778 ei,
558 1725 807 1772 exuerunt
863 1717 1017 1770 illum
1062 1730 1335 1790 purpura:
1371 1724 1418 1768 et
1451 1714 1730 1768 induerunt
1768 1727 1887 1764 eum
1920 1717 1962 1778 ῃ
1993 1728 2114 1767 eum
2171 1713 2226 1767 in
2282 1712 2577 1782 Golgotha,
2646 1713 2789 1782 quod
2858 1714 3252 1780 interpretatur
3309 1713 3583 1772 Calvaria.

280 1811 607 1864 restituentis
621 1811 747 1864 suis.
771 1808 837 1863 Et
855 1812 1079 1864 educunt
1096 1810 1270 1874 illum,
1294 1816 1346 1860 ut
1365 1806 1725 1876 cruciﬁgercnt
1746 1820 1884 1859 eum.

284 1899 490 1954 Multas
528 1901 845 1955 occasiones
876 1900 1029 1955 dedit
1063 1899 1290 1964 Pilatus,
1335 1896 1604 1952 liberandi
1641 1895 1885 1949 salvato—

285 2005 430 2045 rem.
476 1989 659 2046 Primo
708 1993 1000 2047 conterens
1045 1991 1338 2054 latronem,
1380 1987 1580 2044 deinde
1620 1985 1883 2051 inferens,

284 2082 430 2149 Quid
475 2097 606 2152 ergo
647 2083 808 2137 vultis
860 2083 1052 2136 iaciam
1101 2082 1216 2152 regi
1249 2078 1606 2136 intimorum?
1643 2078 1887 2145 Cumque

285 2174 736 2245 respondissent,
779 2175 1132 2246 cruciﬁgatur
1163 2191 1174 2227 :
1211 2189 1314 2228 non
1355 2172 1540 2228 statim
1566 2170 1837 2239 acquievit
1869 2187 1882 2223 :

284 2268 383 2323 sed
407 2267 711 2322 secundum
736 2269 1140 2337 suggestionem
1163 2267 1369 2332 uxoris,
1394 2280 1514 2334 qua:
1537 2262 1887 2318 mandaverat

289 2362 365 2426 ci,
392 2369 449 2415 ut
475 2361 757 2414 Matutinus
780 2359 918 2414 dixit
943 2376 956 2413 :
983 2358 1127 2414 Nihil
1154 2358 1252 2412 tibi
1275 2366 1328 2412 et
1349 2357 1501 2426 justo
1521 2355 1602 2409 illi
1626 2373 1638 2408 :
1663 2368 1887 2424 respom

287 2451 391 2517 dit,
422 2450 567 2519 Quid
597 2451 738 2506 enim
770 2452 897 2506 mali
930 2449 1093 2507 fecit?
1122 2450 1268 2521 quod
1296 2448 1546 2513 dicendo,
1576 2445 1762 2502 Jesum
1791 2446 1885 2501 ab-

285 2543 471 2597 solvit.
492 2543 688 2600 Milites
711 2544 938 2598 induuut
963 2559 1087 2599 eum
1117 2557 1379 2615 purpura,
1397 2549 1504 2597 etc.
1529 2537 1885 2595 Vestimcnlis

290 2636 407 2690 suis
447 2636 703 2703 nudatur,
746 2637 800 2692 id
841 2647 944 2703 est,
976 2637 1200 2694 iudicis.
1233 2637 1480 2706 Purpura
1520 2633 1785 2696 induitur,
1829 2631 1882 2686 id

287 2735 396 2788 est,
422 2726 610 2796 gentili
644 2727 909 2793 Ecclesia,
936 2743 1056 2798 qua:
1085 2727 1152 2782 de
1182 2727 1425 2795 scopulis
1460 2725 1624 2778 maris
1657 2731 1741 2777 est
1773 2721 1886 2776 col-

287 2816 447 2870 lecta.
485 2817 614 2870 ltem
639 2831 702 2872 ea
730 2817 1139 2872 scandalizante
1167 2825 1365 2872 exutus
1395 2817 1448 2869 in
1482 2816 1588 2868 line
1614 2831 1626 2866 :
1659 2812 1883 2868 Judaica

286 2924 506 2962 rursum
549 2909 791 2963 induitur
822 2909 1007 2979 plebe.
1041 2909 1173 2964 Cum
1215 2910 1361 2963 enim
1397 2907 1680 2962 intraverit
1709 2904 1884 2975 pleni-

287 3003 417 3056 tudo
447 3003 712 3069 geutium,
738 3011 866 3057 tunc
905 3006 1085 3056 omnis
1118 3001 1286 3056 Israel
1317 3001 1502 3055 salvus
1532 2999 1659 3054 erit.
1699 3000 1765 3052 Et
1791 2997 1886 3052 ad—

1992 1805 2235 1861 Tradunt
2268 1806 2466 1871 Judaei,
2501 1806 2718 1876 quando
2746 1806 2802 1860 in
2830 1805 2934 1861 hoc
2960 1806 3159 1860 montis
3184 1806 3306 1862 loco
3338 1807 3585 1863 immola-

1991 1906 2076 1954 tus
2127 1908 2210 1954 est
2260 1898 2406 1952 aries
2450 1912 2550 1967 pro
2595 1896 2764 1963 lsaac,
2799 1904 2857 1950 ut
2886 1895 2960 1949 ibi
3007 1896 3332 1964 decolletur,
3374 1897 3428 1953 id
3477 1907 3584 1963 est,

1989 1991 2241 2045 Christus
2284 2003 2316 2042 a
2345 2003 2510 2044 carina
2557 2002 2682 2055 sua,
2714 1986 2925 2043 carnali
2954 1985 3210 2042 videlicet
3254 1986 3444 2042 Iudaea
3489 2002 3580 2044 se-

1991 2091 2232 2152 paretur.

2058 2170 2128 2225 Et
2155 2171 2352 2225 dabant
2381 2171 2430 2224 ei
2457 2169 2625 2224 bibere
2652 2171 2981 2241 myrrhatum
3009 2170 3209 2238 vinum,
3236 2181 3290 2224 et
3312 2186 3418 2227 nou
3440 2187 3587 2226 aere-

1987 2264 2085 2335 pit.
2120 2262 2185 2316 Et
2216 2262 2573 2332 cruciﬁgentes
2599 2277 2737 2334 cuin.
2773 2261 2885 2316 Hoc
2924 2271 3082 2317 aceto
3121 2276 3319 2317 succus
3367 2261 3584 2319 lethalis

1988 2352 2138 2425 pomi
2162 2352 2512 2422 abstergitur.
2538 2353 2606 2408 Et
2628 2366 2736 2405 non
2759 2352 2989 2422 accepit,
3018 2351 3071 2405 id
3100 2366 3199 2421 pro
3219 2367 3327 2422 quo
3358 2354 3580 2421 patitur.

1991 2443 2149 2500 Unde
2177 2443 2248 2499 de
2273 2457 2340 2498 eo
2366 2443 2569 2498 dicitur
2598 2459 2614 2496 :
2647 2443 2778 2510 Quae
2807 2458 2914 2498 non
2942 2443 3096 2514 rapui
3116 2484 3133 2510 ,
3181 2453 3312 2499 tunc
3340 2445 3586 2502 exsolve-

1988 2536 2134 2590 bam.
2165 2535 2234 2589 Et
2263 2533 2589 2604 cruciﬁgunt
2613 2549 2760 2590 eum.
2799 2534 2898 2589 llic
2926 2534 3107 2604 ﬁgitur
3136 2535 3288 2591 salus
3316 2535 3369 2590 in
3400 2536 3546 2606 ligno
3568 2575 3584 2601 ,

1987 2627 2132 2696 ligno
2156 2627 2330 2695 primo
2351 2626 2518 2682 inﬁxa
2540 2636 2624 2684 est
2644 2642 2812 2683 mors.
2844 2628 3068 2698 Lignum
3096 2628 3350 2698 primum,
3378 2630 3585 2698 lignum

1985 2718 2235 2773 scientiae
2266 2717 2400 2772 boni
2428 2726 2483 2773 et
2511 2719 2639 2773 mali
2668 2726 2770 2772 est.
2806 2717 2877 2772 Et
2903 2718 3204 2774 secundum
3234 2719 3434 2788 lignum
3457 2720 3584 2775 boui

1990 2818 2196 2862 tantum
2228 2808 2389 2863 nobis
2413 2847 2429 2874 ,
2471 2817 2528 2864 et
2563 2808 2688 2863 vita:
2722 2809 2926 2879 lignum
2958 2819 3062 2864 est.
3095 2810 3357 2866 Extensio
3389 2827 3584 2869 manus

1989 2902 2178 2972 prima:
2216 2901 2285 2956 ad
2329 2901 2530 2971 lignum
2557 2943 2573 2970 ,
2622 2911 2853 2958 mortem
2898 2903 3262 2973 apprehendit
3293 2921 3307 2959 :
3337 2907 3584 2962 extensio

1988 3004 2166 3052 autem
2192 2993 2470 3060 secundm,
2501 2993 2665 3048 vitam
2695 2995 2839 3065 (qum
2867 2995 3130 3065 perierat)
3155 2995 3384 3052 invenit.
3412 2997 3586 3067 Ligno

283 3094 496 3149 ducunt
549 3097 724 3164 illum,
763 3101 820 3149 nt
872 3095 1254 3164 crneitigerent
1302 3109 1452 3149 eum.
1495 3093 1591 3147 llic
1639 3092 1886 3147 educitur
1914 3098 1958 3160 ς
1993 3087 2097 3142 hoc
2128 3086 2377 3144 vehimur
2405 3101 2502 3156 per
2531 3101 2684 3141 mare
2726 3084 2994 3140 undosum
3039 3086 3111 3144 ad
3158 3095 3361 3141 terram
3392 3088 3580 3144 viven-

282 3185 421 3240 Abel
467 3186 523 3238 in
574 3201 763 3254 agrum
816 3200 846 3239 a
893 3185 1081 3248 fratre,
1116 3192 1176 3238 ut
1220 3184 1555 3253 perimatur:
1592 3183 1688 3236 llic
1728 3181 1886 3237 adest

281 3281 434 3335 Isaae
460 3295 580 3335 cum
619 3281 799 3349 lignis,
829 3291 883 3335 et
916 3279 1191 3335 Abraham
1221 3293 1344 3332 cum
1369 3278 1541 3331 ariete
1578 3276 1630 3330 in
1663 3276 1878 3332 Sabech

284 3371 558 3425 haerente.
603 3371 698 3425 llic
741 3371 896 3426 adest
931 3370 1132 3439 Joseph
1168 3384 1290 3424 cum
1330 3369 1473 3422 fasce
1503 3367 1711 3437 gremio
1739 3381 1884 3420 som-

284 3466 460 3526 niato,
512 3472 570 3518 et
627 3465 806 3517 tunica
868 3463 1024 3517 talari
1084 3463 1347 3533 sanguine
1404 3461 1519 3514 lita.
1577 3459 1676 3513 Hic
1728 3459 1883 3512 adest
1949 3525 1952 3528 ,

283 3555 502 3624 Moyses
550 3569 672 3609 cum
705 3555 874 3624 virga,
915 3561 969 3607 et
1009 3561 1264 3622 serpente
1303 3564 1570 3619 suspenso
1610 3549 1662 3603 in
1709 3550 1879 3618 ligno.

285 3647 386 3701 llic
432 3646 589 3701 adest
635 3648 825 3700 hotrus
856 3647 908 3700 in
949 3646 1098 3716 ligno
1138 3651 1403 3714 portatus.
1438 3644 1535 3698 llic
1577 3643 1734 3696 adest
1775 3642 1883 3694 lili-

285 3751 432 3792 steus
459 3752 582 3791 cum
609 3738 754 3808 ligno
781 3737 848 3791 ad
879 3735 1226 3806 qumrendam
1256 3735 1513 3801 securim,
1545 3748 1665 3802 qua:
1687 3732 1742 3785 in
1775 3732 1880 3784 ima

282 3829 535 3882 demersa
568 3839 673 3893 est,
701 3837 757 3882 et
785 3829 995 3881 natavit
1019 3827 1082 3879 ad
1114 3827 1340 3894 lignum,
1370 3825 1421 3878 id
1446 3831 1552 3889 est,
1578 3837 1748 3892 genus
1779 3822 1876 3876 hu-

288 3933 508 3974 manum
542 3935 554 3971 :
602 3918 742 3987 quod
788 3933 815 3970 a
861 3918 1016 3986 ligno
1056 3917 1224 3970 vetito
1256 3917 1309 3969 in
1352 3913 1628 3970 infernum
1662 3912 1878 3976 cecidit,

285 4025 384 4079 per
414 4011 620 4079 lignum
656 4011 836 4065 crucis
863 4009 1091 4073 Christi,
1125 4018 1175 4062 et
1219 4023 1313 4075 per
1351 4005 1676 4076 baptismum
1721 4021 1880 4076 aqua:

283 4102 348 4155 ad
379 4102 688 4171 paradisum
721 4101 944 4154 natavit.
978 4099 1079 4155 llic
1101 4098 1254 4154 adest
1277 4097 1464 4163 Jonas,
1491 4097 1560 4152 de
1585 4097 1732 4166 ligno
1756 4111 1878 4152 sor-

285 4193 352 4249 tis
379 4195 433 4249 in
466 4211 638 4261 mare,
669 4196 720 4249 in
748 4206 1104 4263 ventremque
1132 4192 1242 4248 ceti
1273 4193 1452 4247 triduo
1477 4192 1698 4248 missus.

357 4288 426 4341 Et
473 4290 884 4357 angariaueruut
933 4296 1324 4358 prattereuntem
1367 4286 1664 4356 quempiam
1696 4284 1877 4340 Simo-

285 4395 403 4432 nem
430 4377 755 4450 Cyrenteum,
781 4380 1063 4433 venientem
1094 4379 1158 4432 de
1181 4377 1327 4445 villa,
1359 4388 1560 4448 patrem
1593 4378 1877 4432 Alexandri

1991 3181 2146 3236 tium.

2062 3272 2362 3327 Diviserunt
2390 3273 2685 3326 vestimenta
2713 3273 2824 3343 ejus
2848 3312 2864 3336 ,
2913 3273 3174 3326 mittentes
3209 3281 3402 3326 sortem
3428 3289 3583 3344 super
3621 3249 3627 3259 '

1987 3366 2106 3420 eis:
2149 3368 2268 3437 quis
2306 3366 2446 3436 quod
2489 3364 2714 3418 tolleret.
2767 3364 3100 3420 Vestimenta
3150 3365 3411 3433 Domini,
3463 3367 3582 3435 ejus

1988 3459 2238 3514 mandata
2270 3469 2392 3514 sunt
2419 3496 2434 3522 ,
2465 3457 2660 3525 quibus
2691 3456 2890 3526 tegitur
2917 3472 3114 3525 corpus
3140 3457 3256 3526 ejus
3279 3498 3292 3522 ,
3325 3458 3468 3526 quod
3497 3468 3583 3512 est

1986 3549 2230 3604 Ecclesia
2252 3589 2267 3614 ,
2297 3563 2418 3617 qua:
2448 3547 2766 3602 dividuntur
2793 3548 2934 3603 inter
2959 3548 3158 3604 milites
3187 3549 3427 3618 gentium
3461 3594 3474 3618 ,
3522 3558 3582 3606 ut

1986 3640 2096 3695 sint
2122 3648 2352 3710 quatuor
2382 3639 2606 3696 ordines
2636 3655 2758 3696 cum
2791 3656 2893 3695 una
2924 3641 3051 3706 ﬁde,
3084 3641 3138 3696 id
3164 3651 3278 3707 est,
3305 3642 3577 3713 eonjugati

1985 3742 2040 3787 et
2077 3731 2323 3798 viduali,
2373 3731 2647 3802 praepositi
2692 3741 2749 3788 et
2786 3733 3021 3801 separati
3068 3749 3082 3787 :
3128 3735 3306 3788 sortiti
3339 3736 3575 3789 tunicam

1984 3828 2272 3883 indivisam
2298 3868 2314 3892 ,
2367 3842 2488 3893 qua:
2527 3834 2613 3882 est
2650 3841 2750 3896 pax
2781 3836 2836 3882 et
2869 3828 3088 3896 unitas,
3135 3828 3482 3885 inconsutilis
3523 3830 3574 3884 in

1985 3921 2202 3975 modum
2230 3920 2416 3974 annuli
2451 3919 2668 3989 regalis.

2057 4015 2186 4068 Erat
2217 4024 2392 4067 autem
2415 4013 2548 4067 liora
2575 4015 2729 4067 tertia
2754 4054 2769 4078 ,
2815 4022 2864 4068 et
2892 4015 3266 4082 cruciﬁmerunt
3295 4029 3429 4066 eum.
3465 4012 3579 4069 Hoc

1983 4120 2114 4161 vere
2160 4116 2216 4160 et
2261 4106 2479 4174 preprie
2521 4105 2734 4160 Marcus
2764 4105 2944 4160 intulit
2993 4122 3007 4159 :
3059 4121 3183 4160 nam
3238 4115 3391 4159 sexta
3440 4105 3571 4160 hora

1986 4197 2223 4251 tenebras
2254 4196 2599 4251 suﬁuderuut
2628 4205 2827 4251 terram
2857 4237 2871 4262 ,
2915 4205 2974 4251 ut
3013 4211 3119 4252 non
3159 4196 3282 4264 quis
3313 4195 3578 4263 potuisset

1984 4304 2203 4344 movere
2246 4299 2427 4360 caput.
2470 4288 2518 4345 A
2557 4289 2834 4346 tricesimo
2878 4302 3112 4356 namque
3155 4286 3335 4341 fructu
3365 4285 3576 4340 Marcus

1980 4381 2224 4438 ascendit
2250 4381 2320 4436 ad
2341 4381 2698 4437 centesimum
2716 4421 2731 4448 ,
2765 4380 2816 4434 id
2841 4388 2954 4444 est,
2986 4393 3016 4433 a
3045 4377 3202 4434 tertia
3230 4375 3364 4430 liora
3389 4375 3570 4431 crucis

283 4481 328 4525 et
364 4472 505 4541 Ruﬁ,
539 4480 594 4524 nt
616 4472 813 4525 tolleret
839 4487 1040 4524 crucem
1071 4472 1202 4541 ejus.
1235 4469 1300 4523 Et
1339 4470 1628 4541 perducunt
1655 4471 1803 4524 illum
1825 4470 1876 4524 in
1910 4481 1961 4540 Ι)
1987 4489 2158 4545 usque
2193 4474 2259 4529 ad
2292 4476 2509 4530 tertiam
2542 4471 2966 4530 resurrectionis
2996 4479 3119 4540 post
3150 4479 3260 4524 tres
3287 4467 3426 4523 dies.
3457 4466 3578 4522 Tri-

283 4563 548 4636 Golgotlta
599 4563 792 4630 locum,
845 4562 989 4634 quod
1039 4572 1109 4616 est
1160 4564 1573 4632 interpretatum,
1623 4561 1877 4617 Caloarite

285 4655 450 4710 locus.
504 4655 607 4709 Alii
643 4671 738 4723 per
777 4656 968 4709 merita
1016 4664 1228 4723 patrum
1265 4669 1490 4709 suorum
1541 4669 1876 4710 commemo-

286 4753 477 4800 rantur
506 4764 518 4799 :
555 4744 645 4798 alii
679 4761 776 4815 per
805 4746 1000 4800 merita
1027 4744 1261 4799 ﬁliorum
1295 4761 1538 4800 suorum.
1575 4746 1671 4800 llic
1693 4755 1874 4800 autem

283 4835 500 4900 Simon,
529 4837 620 4908 qui
659 4852 878 4894 crucem
915 4837 968 4890 in
995 4838 1221 4906 angaria
1259 4846 1460 4906 portat,
1496 4837 1708 4892 meritis
1732 4837 1876 4893 ﬁlio-

285 4916 404 4982 rum
441 4943 694 4994 suorum,
735 4929 826 4998 qui
876 4936 1036 4984 erant
1075 4926 1352 4996 discipuli,
1388 4940 1871 4986 commemoratur.

283 5017 385 5074 Per
417 5020 522 5076 hoc
556 5035 658 5074 nos
689 5021 745 5075 in
782 5023 1040 5088 praesenti
1067 5022 1176 5074 vita
1204 5019 1584 5087 admonemur,
1621 5029 1876 5089 parentes

283 5110 528 5182 adjuvari
571 5128 669 5182 per
700 5123 947 5170 natorum
982 5127 1206 5168 suorum
1241 5113 1587 5182 sapientiam,
1621 5125 1674 5168 ut
1703 5129 1875 5184 popu-

283 5203 369 5261 lus
396 5205 678 5270 Judaicus,
721 5217 942 5276 propter
984 5208 1439 5274 patriarcharum,
1482 5216 1539 5262 et
1575 5208 1870 5277 propheta-

281 5311 423 5360 rum,
450 5309 504 5354 et
545 5299 922 5368 apostolorum
963 5301 1177 5366 merita,
1216 5315 1434 5370 seraper
1474 5315 1875 5356 commemora-

285 5393 392 5442 tur.
445 5389 525 5445 De
572 5391 934 5446 amaritudine
983 5393 1128 5446 enim
1183 5393 1378 5448 radicis
1424 5393 1598 5462 surgit
1641 5393 1876 5448 dulcedo

283 5482 462 5540 olivae.
495 5483 653 5539 Unde
684 5500 778 5553 per
802 5484 1104 5542 Jeremiam
1130 5486 1197 5542 ad
1220 5486 1462 5542 Judtcam
1490 5485 1696 5542 dicitur
1722 5506 1734 5542 :
1763 5486 1874 5541 Oli-

282 5587 404 5628 vam
427 5575 676 5637 uberem,
707 5575 1012 5643 pulchram,
1043 5577 1398 5644 fructiferam,
1429 5579 1740 5647 speciosam
1773 5595 1863 5634 vo-

281 5667 422 5723 cavit
474 5667 737 5726 Dominus
781 5682 978 5727 nomen
1035 5681 1207 5728 tuum.
1258 5671 1327 5728 Ut
1377 5672 1590 5730 tolleret
1635 5686 1853 5728 crucem

1983 4569 2220 4624 cesimus
2253 4568 2460 4623 fructus
2485 4605 2501 4630 ,
2543 4576 2628 4622 est
2659 4567 2713 4619 in
2741 4577 2948 4618 cruce:
2976 4559 3350 4632 sexagesimus
3395 4559 3447 4613 in
3491 4558 3576 4613 in-

1985 4662 2142 4716 ferno
2169 4678 2183 4715 :
2213 4659 2551 4716 centesimus
2580 4658 2632 4712 in
2666 4655 2943 4727 paradiso.

2053 4752 2124 4807 Et
2154 4762 2263 4806 erat
2291 4751 2472 4806 titulus
2501 4766 2674 4805 cantat
2699 4753 2812 4821 ejus
2839 4749 3125 4817 inscriptus
3144 4786 3162 4814 ,
3211 4745 3322 4802 Rex
3355 4745 3573 4804 Judteo-

1982 4861 2120 4900 rum.
2146 4845 2302 4911 Quod
2327 4846 2382 4899 in
2407 4844 2580 4899 titulis
2602 4853 2930 4914 praenotatur
2952 4843 3310 4909 Psalmorum,
3336 4843 3389 4896 in
3414 4842 3574 4896 ﬁnem

1987 4951 2054 4992 ne
2074 4950 2410 5005 corrumpas.
2433 4936 2501 4989 Et
2520 4935 2624 4989 hoc
2645 4937 2815 4990 tribus
2836 4936 3065 5004 linguis:
3089 4935 3313 4990 Musca
3334 4935 3530 4990 Jeumu
3552 4951 3566 4988 :

1983 5029 2229 5089 Βασιλεὺς
2272 5027 2640 5100 ἐξομολογητῶν
2683 5041 2700 5080 :
2748 5026 2862 5082 Rex
2909 5028 3283 5096 conﬁtentium.
3326 5026 3422 5082 lla:
3467 5036 3575 5081 tres

1981 5118 2178 5188 lingute
2202 5161 2217 5185 ,
2265 5118 2317 5172 in
2361 5118 2538 5171 crucis
2566 5116 2723 5171 titulo
2750 5117 3062 5186 conjuncta:
3099 5126 3264 5185 sunt,
3313 5125 3374 5173 ut
3397 5116 3572 5172 omnis

1983 5212 2164 5281 lingua
2195 5220 2591 5266 commemoret
2620 5209 2901 5280 perﬁdiam
2929 5210 3262 5274 Judazorum.

2055 5301 2126 5356 Et
2147 5319 2262 5357 cum
2277 5318 2337 5357 eo
2361 5302 2672 5373 cruciﬁgunt
2696 5300 2829 5358 duos
2850 5301 3078 5358 latrones
3093 5319 3112 5356 :
3131 5316 3291 5356 unum
3307 5317 3338 5354 a
3355 5300 3568 5366 dextris,

1981 5405 2028 5450 et
2075 5396 2236 5449 alium
2263 5411 2294 5446 a
2317 5394 2544 5448 sinistris
2570 5398 2700 5466 ejus.
2749 5393 2820 5448 Et
2850 5397 3056 5468 impleta
3079 5403 3152 5450 est
3176 5395 3434 5464 scriptura
3460 5409 3576 5463 qua:

1982 5487 2104 5540 dicit
2134 5502 2150 5538 :
2178 5486 2247 5539 Et
2275 5501 2392 5538 cum
2419 5485 2610 5554 iniquis
2638 5495 2906 5556 reputatae
2947 5495 3040 5541 est.
3092 5485 3159 5540 Et
3203 5496 3568 5556 pratereuntes

1983 5578 2398 5650 blaspltemabant
2425 5591 2564 5642 eum,
2594 5589 2849 5632 moventes
2881 5581 3054 5648 capita
3077 5595 3195 5643 sua,
3227 5589 3274 5633 et
3304 5579 3526 5632 dicentes
3548 5592 3568 5632 .'

1989 5671 2131 5742 Vah,
2161 5672 2246 5743 qui
2270 5670 2486 5725 destruit
2511 5670 2789 5740 templum,
2821 5681 2867 5727 et
2891 5675 2947 5727 iu
2970 5671 3130 5730 tribus
3159 5671 3342 5728 diebus
3371 5670 3554 5726 raedi-
