4056 6364
441 322 550 382 659

1459 318 1517 376 S.
1560 315 1947 375 IllERONYMl
1984 314 2269 375 OPERUM
2306 312 2673 374 MANTISSA.

3638 322 3772 385 640

445 440 592 508 ﬁcat.
623 436 843 495 Salvum
869 440 954 508 fac
978 436 1218 507 teipsum,
1251 431 1564 488 descendens
1589 433 1652 486 de
1678 448 1848 487 cruce.
1879 431 2041 488 Simi-
2065 437 2116 498 Α
2143 430 2197 486 in
2229 443 2355 496 eas,
2384 429 2688 486 conﬁtebor
2713 428 2947 486 Domino
2973 446 2985 485 :
3015 444 3138 488 cum
3171 431 3277 488 ima
3307 445 3441 491 voce
3462 479 3477 507 ,
3510 433 3603 492 vel
3633 437 3771 495 sine

445 532 562 587 liter
589 540 639 587 et
662 531 845 587 summi
884 528 1174 582 sacerdotes
1199 565 1214 589 ,
1263 523 1539 579 illudentes
1576 523 1647 577 ad
1687 523 1997 578 alterutrum
2019 562 2035 590 ,

446 639 566 678 cum
593 622 775 678 scribis
799 620 1076 673 dicebant:
1104 616 1251 672 Alios
1278 617 1449 672 salvos
1477 616 1598 686 fecit
1623 656 1639 684 ,
1680 617 1908 687 seipsum
1935 631 2041 670 non

446 722 617 784 potest
658 713 856 766 salvum
905 711 1094 780 facere.
1142 708 1377 762 Christus
1416 723 1508 761 rex
1544 705 1717 762 Israel
1765 706 2042 761 descendat

447 821 585 861 nunc
619 805 682 857 de
709 818 890 869 cruce,
926 810 981 855 ut
1010 801 1279 857 videamus
1304 809 1353 855 et
1381 799 1672 855 credamus.
1711 798 1779 853 Et
1808 799 1896 869 qui
1922 814 2041 853 cum

446 914 506 953 eo
536 895 776 965 cruciﬁxi
817 904 1006 959 erant,
1054 894 1474 949 conviciabantur
1509 894 1579 948 ei.
1629 891 1695 945 Et
1720 894 1877 963 ffacta
1907 892 2040 946 liora

447 998 595 1044 sexta
621 1030 636 1056 ,
682 987 903 1042 tenebrae
942 991 1096 1057 factce
1123 996 1239 1040 sunt
1269 1001 1360 1057 per
1389 992 1551 1038 totam
1579 992 1775 1039 terram
1804 1001 1959 1056 usque
1988 986 2040 1040 in

446 1083 631 1136 horam
670 1096 883 1135 nonam.
914 1079 1050 1136 Cum
1083 1078 1281 1149 iniquis
1308 1078 1513 1134 veritas
1543 1078 1797 1147 deputata
1828 1096 1841 1133 :
1872 1094 2036 1135 unum

445 1173 669 1244 reliquit
699 1173 1003 1239 sinistrum,
1039 1171 1274 1227 alterum
1306 1170 1538 1227 assumit
1566 1170 1819 1226 dextrum
1852 1189 1865 1225 :
1898 1172 2041 1227 sicut

450 1266 505 1321 in
538 1264 626 1321 die
662 1263 855 1335 judicii
898 1263 1098 1319 faciet:
1129 1277 1197 1318 ex
1228 1260 1392 1317 simili
1432 1261 1662 1317 crimine
1688 1302 1702 1328 ,
1748 1262 2039 1317 dissimiles

449 1359 751 1415 sortiuntur
790 1359 949 1414 ﬁnes.
995 1357 1150 1413 Alter
1184 1355 1458 1413 antecedit
1491 1356 1712 1412 Petrum
1743 1357 1798 1413 in
1824 1357 2040 1428 paradi-

448 1463 570 1505 sum
596 1495 612 1519 ,
664 1448 801 1504 alter
842 1447 1038 1503 Judam
1079 1447 1133 1501 in
1167 1446 1460 1502 infernum.
1497 1446 1787 1503 Confessio
1812 1448 1996 1504 brevis
2018 1491 2035 1517 ,

448 1540 614 1596 vitam
637 1540 927 1611 acquisivit
947 1540 1164 1611 longam
1190 1558 1202 1593 :
1228 1548 1283 1595 et
1310 1538 1653 1611 blasphemia
1673 1540 1847 1608 ﬁnita,
1879 1557 2039 1613 poena

450 1639 711 1708 plectitur
742 1646 968 1694 aeterna.
1002 1637 1101 1693 Hic
1132 1637 1314 1709 pullus
1340 1636 1492 1693 Judae
1522 1637 1723 1708 ligatur
1750 1640 1818 1694 ad
1849 1639 2038 1696 vitem.

450 1732 551 1787 Hic
577 1733 877 1788 ἀναϐολαίον
899 1772 913 1797 ,
946 1731 999 1786 id
1034 1740 1120 1787 est
1140 1773 1155 1799 ,
1190 1731 1410 1801 pallium
1445 1731 1668 1802 tingitur
1698 1733 1751 1788 in
1776 1735 2042 1804 sanguine

2141 536 2274 579 voce
2306 523 2567 585 morimur
2594 567 2609 593 ,
2649 523 2741 593 qui
2787 524 2856 579 de
2888 533 3033 581 terra
3058 540 3286 583 sumus.
3323 525 3420 584 Ille
3450 543 3587 585 vero
3617 545 3755 587 cum

2141 614 2378 671 exaltata
2403 628 2549 685 ,voce
2587 616 2930 687 exspiravit,
2973 617 3066 689 qui
3108 618 3177 674 de
3221 620 3365 676 ctelo
3412 621 3701 679 descendit
3736 642 3757 680 :

2143 705 2337 762 Velum
2369 708 2559 778 templi
2586 708 2894 778 scinditur,
2948 709 3001 765 id
3051 720 3175 780 est,
3227 712 3427 769 caelum
3476 716 3753 785 aperitur.

2140 794 2401 853 Centurio
2428 798 2505 852 ait
2546 816 2560 853 :
2603 799 2745 855 Vere
2771 798 2869 856 Dei
2902 799 3045 855 ﬁlius
3068 812 3210 858 erat.
3257 801 3552 860 Novissimi
3585 807 3756 876 primi

2142 902 2284 944 nunc
2315 888 2648 945 efﬁciuntur.
2679 890 2913 947 Gentilis
2935 891 3230 949 conﬁtetur
3255 895 3494 965 populus
3520 914 3532 950 :
3556 896 3755 957 Judma

2143 988 2347 1036 crecata
2376 989 2562 1051 negat,
2597 990 2655 1036 ut
2685 982 2777 1038 ﬁat
2803 984 2885 1039 eis
2915 998 3072 1039 error
3100 984 3257 1055 pejor
3283 987 3491 1057 priore.

2211 1069 2379 1125 Erant
2408 1082 2581 1127 autem
2606 1082 2657 1128 et
2686 1075 2948 1142 mulieres,
2979 1076 3045 1129 de
3069 1077 3219 1150 longe
3246 1080 3581 1149 aspicientes,
3614 1082 3753 1139 inter

2140 1180 2268 1234 quas
2295 1174 2406 1219 erat
2434 1166 2611 1222 Maria
2640 1166 2972 1240 Magdalene,
3004 1179 3055 1225 et
3086 1169 3260 1225 Maria
3290 1171 3481 1229 Jacobi
3508 1179 3741 1249 minoris,

2142 1264 2189 1310 et
2215 1256 2412 1329 Joseplt
2442 1268 2631 1327 mater,
2662 1269 2710 1314 et
2737 1260 2969 1317 Salome.
3001 1262 3069 1317 Et
3099 1280 3217 1318 cum
3247 1276 3381 1321 esset
3410 1269 3466 1321 in
3498 1267 3741 1336 Galila'a,

2141 1351 2484 1419 sequebantur
2525 1368 2643 1407 eum
2670 1392 2685 1420 ,
2738 1362 2785 1408 et
2830 1356 3196 1411 ministrabant
3222 1358 3270 1411 ei
3295 1374 3314 1413 :
3344 1370 3393 1413 et
3421 1361 3545 1416 alia:
3571 1363 3749 1416 multte

2142 1456 2258 1511 quae
2286 1443 2444 1496 simul
2472 1459 2590 1497 cum
2620 1459 2678 1498 eo
2706 1446 3050 1503 ascenderant
3077 1445 3483 1520 Jerosolymam.
3512 1452 3585 1507 Et
3627 1471 3745 1508 cum

2132 1536 2250 1605 jam
2279 1550 2396 1599 sero
2427 1546 2555 1591 esset
2584 1538 2778 1608 factum
2805 1582 2820 1605 ,
2861 1540 2985 1611 quia
3012 1548 3120 1595 erat
3146 1558 3417 1612 parasceve
3437 1585 3452 1610 ,
3494 1548 3637 1614 quod
3662 1557 3745 1601 est

2142 1635 2266 1681 ante
2293 1628 2607 1697 sabbatum,
2653 1632 2791 1686 venit
2830 1631 3030 1704 Ioseph
3073 1634 3139 1688 ab
3173 1635 3497 1708 Arimatltic't',
3550 1640 3741 1695 nobilis

2144 1718 2354 1773 decurio
2378 1760 2394 1785 ,
2432 1721 2523 1791 qui
2565 1732 2613 1776 et
2646 1722 2760 1791 ipse
2788 1732 2899 1777 erat
2926 1733 3233 1797 exspectans
3260 1743 3473 1800 regnum
3514 1727 3617 1783 Dei
3648 1745 3667 1784 .'
3696 1741 3745 1784 et

450 1838 572 1879 uva:
597 1840 610 1876 :
635 1823 726 1877 hic
755 1824 962 1878 lacerat
990 1822 1132 1877 haedi
1151 1823 1389 1879 vineam.
1415 1823 1868 1893 Blasphemantes
1891 1841 2036 1896 eum,

2147 1811 2395 1866 audacter
2421 1813 2651 1867 introivit
2680 1815 2749 1868 ad
2777 1813 3017 1871 Pilatum
3041 1861 3056 1885 ,
3107 1826 3154 1872 et
3192 1819 3340 1890 petiit
3368 1835 3557 1891 corpus
3587 1820 3737 1877 Jesu.

450 1923 507 1971 et
536 1922 824 1971 moventes
850 1915 1029 1984 capita
1071 1928 1191 1969 sua.
1221 1914 1501 1969 Emittitnr
1530 1916 1583 1969 in
1611 1916 1789 1984 capita
1820 1917 2038 1988 iniquo-

453 2023 574 2063 rum
607 2021 779 2072 mors,
813 2005 1027 2077 quando
1053 2006 1361 2061 excitantur
1381 2005 1595 2062 vincula
1620 2006 1840 2076 inferni,
1871 2026 2042 2079 usque

450 2100 517 2154 ad
540 2100 831 2165 cervicem,
846 2098 937 2168 qui
954 2106 1034 2152 est
1060 2098 1250 2153 cervix
1264 2098 1482 2168 generis
1504 2098 1747 2156 humani.
1763 2100 2042 2159 Descende

455 2191 525 2246 de
556 2204 717 2246 cruce
748 2209 761 2245 :
792 2204 860 2245 ne
904 2188 1108 2245 faceret
1151 2190 1380 2246 salutem
1402 2230 1417 2257 ,
1447 2205 1610 2261 quam
1638 2191 1938 2249 inchoaret.
1974 2196 2043 2252 Et

449 2282 705 2339 viderunt
734 2289 923 2351 postea
955 2290 1334 2353 resurgentem
1360 2281 1429 2338 de
1458 2283 1712 2353 sepulcro
1733 2329 1748 2353 ,
1781 2300 1942 2355 quem
1974 2288 2044 2343 de

449 2374 628 2431 crucis
648 2373 985 2429 descendere
1008 2389 1115 2429 non
1142 2374 1438 2432 credebant
1463 2389 1624 2444 posse
1646 2376 1912 2446 patibulo.
1938 2378 2042 2435 Ubi

448 2474 551 2534 est,
574 2466 772 2532 Judaei,
787 2466 1076 2522 inﬁdelitas
1096 2466 1523 2523 vestra?Adhuc
1535 2467 1603 2523 de
1614 2468 1738 2523 vivo
1754 2468 2038 2541 dicebatis,

447 2558 494 2613 si
521 2573 614 2614 rex
644 2556 811 2613 Israel
839 2566 946 2624 est,
977 2556 1275 2613 descendat
1298 2557 1367 2613 de
1390 2571 1573 2614 cruce.
1601 2558 1712 2614 Vos
1738 2559 1886 2630 ipsos
1912 2576 2043 2617 con-

446 2651 607 2716 sulo,
659 2664 755 2706 vos
800 2650 953 2721 ipsos
993 2649 1257 2720 judicium
1301 2659 1470 2721 peto:
1502 2661 1709 2722 quanto
1739 2653 2043 2710 mirabilius

448 2749 554 2809 est,
588 2750 861 2795 mortuum
895 2754 1055 2810 posse
1086 2756 1379 2812 resurgere
1401 2783 1417 2808 ,
1463 2758 1625 2810 quam
1652 2743 1831 2801 adhuc
1859 2744 2041 2801 vivum

448 2833 518 2889 de
543 2840 706 2887 cruce
745 2833 884 2887 velle
909 2833 1278 2889 descendere!
1311 2832 1480 2888 Parva
1510 2834 1742 2903 petistis,
1770 2836 1899 2893 dum
1930 2854 2043 2895 ma-

442 2926 563 2995 jora
607 2925 984 2993 provenerint.
1030 2924 1138 2981 Sed
1182 2925 1474 2983 inﬁdelitas
1506 2938 1696 2985 vestra
1729 2946 1835 2987 non
1868 2935 2044 3004 potuit

448 3016 630 3074 sanari
661 3015 835 3086 signis
879 3015 1050 3071 multo
1080 3016 1393 3074 fortioribus
1421 3060 1435 3085 ,
1480 3036 1642 3091 quam
1675 3025 1907 3093 petistis.
1944 3026 2041 3084 llic

449 3123 645 3164 omnes
665 3108 1105 3177 declinaverunt,
1132 3111 1295 3167 simul
1318 3112 1534 3169 inutiles
1557 3114 1685 3170 facti
1707 3125 1854 3173 sunt.
1876 3118 2042 3176 Facta

2144 1900 2353 1958 Pilatus
2382 1914 2553 1960 autem
2582 1906 2890 1979 mirabatur,
2919 1910 2962 1963 si
2986 1913 3096 1981 iam
3127 1911 3332 1967 obiisset
3349 1954 3364 1981 ,
3396 1922 3445 1968 et
3497 1919 3742 1971 accersito

2142 1994 2449 2049 centurione
2472 2036 2489 2063 ,
2539 1996 2876 2070 interrogavit
2905 2015 3019 2054 eum
3040 2039 3055 2066 ,
3095 2000 3141 2054 si
3160 2003 3279 2070 jam
3316 2011 3552 2059 mortuus
3594 2015 3740 2063 esset.

2144 2085 2211 2139 Et
2233 2102 2349 2140 cum
2371 2089 2687 2158 cognovisset
2708 2106 2741 2145 a
2761 2093 3076 2153 centurione.
3092 2094 3301 2149 donavit
3322 2112 3510 2168 corpus
3524 2095 3555 2151 J
3564 2098 3738 2169 oseph.

2142 2176 2337 2247 Joseph
2366 2190 2535 2234 autem
2563 2190 2825 2237 mercatus
2853 2185 3129 2239 sindonem
3151 2227 3166 2253 ,
3210 2195 3262 2240 et
3286 2188 3556 2258 deponens
3585 2206 3701 2243 eum
3724 2232 3740 2255 ,

2140 2271 2350 2327 involvit
2378 2275 2585 2330 sindoni
2610 2315 2625 2341 ,
2658 2284 2709 2329 et
2749 2278 2927 2346 posuit
2957 2294 3074 2333 eum
3102 2280 3156 2333 in
3185 2291 3517 2337 monumento
3539 2323 3556 2350 ,
3607 2285 3741 2351 quod

2142 2374 2252 2420 erat
2275 2367 2503 2422 excisum
2533 2368 2598 2423 de
2628 2377 2774 2439 petra
2815 2386 2835 2424 :
2871 2380 2920 2425 et
2945 2372 3171 2426 advolvit
3203 2371 3430 2443 lapidem
3457 2374 3528 2428 ad
3551 2376 3739 2429 ostium

2141 2459 2481 2512 monumenti.
2513 2456 2688 2513 Maria
2714 2467 2884 2515 autem
2928 2460 3246 2533 Magdalene
3266 2473 3317 2517 et
3344 2463 3517 2519 Maria
3539 2464 3736 2534 Joseplt

2142 2548 2462 2617 aspiciebant
2491 2550 2577 2604 ubi
2608 2560 2904 2621 poneretur.
2944 2550 3102 2608 Sicut
3134 2568 3243 2609 non
3285 2555 3587 2611 excluditur
3615 2572 3737 2612 mu-

2140 2638 2328 2696 liebris
2372 2646 2534 2697 sexus
2575 2656 2608 2697 a
2653 2642 2830 2698 salute
2897 2658 2994 2714 per
3044 2644 3271 2700 Mariam
3310 2647 3573 2718 virginem
3608 2666 3622 2701 :
3663 2652 3738 2705 ita

2146 2744 2253 2785 non
2283 2731 2565 2801 repellitur
2589 2748 2620 2788 a
2657 2733 2927 2805 mysterio
2956 2736 3136 2791 crucis
3175 2738 3421 2795 scientiae
3456 2749 3513 2795 et
3556 2756 3740 2797 resur-

2144 2821 2409 2877 rectionis
2432 2837 2530 2893 per
2550 2823 2769 2880 viduam
2786 2825 3010 2882 Mariam
3026 2827 3425 2898 Magdalenam,
3440 2839 3494 2887 et
3513 2840 3740 2887 canoras

2145 2922 2371 2971 matres.
2401 2914 2605 2986 Joseph
2636 2916 2789 2974 venit
2815 2932 2941 2975 sero
2969 2934 3287 2991 parasceve,
3317 2922 3387 2978 ab
3408 2924 3736 2992 Arimatbia,

2144 3022 2264 3078 quae
2292 3009 2686 3080 interpretatur
2714 3011 3001 3083 deponens,
3035 3014 3103 3069 ad
3128 3014 3513 3086 deponendum
3540 3032 3739 3088 corpus

2144 3100 2198 3155 in
2221 3112 2634 3159 monumentnm
2660 3120 2675 3157 :
2701 3104 2898 3161 nobilis
2921 3106 3167 3173 decurio,
3192 3118 3521 3179 exspectans
3543 3120 3599 3167 et
3623 3112 3741 3181 ipse

450 3202 586 3257 hora
612 3212 764 3259 sexta
792 3243 808 3269 ,
852 3204 1091 3259 tenebras
1135 3204 1294 3260 factae
1332 3217 1456 3268 sunt
1485 3221 1584 3276 per
1612 3217 1779 3264 totam
1812 3220 2031 3268 terram.
2063 3197 2109 3262 C
2139 3207 2367 3263 ι’θεηυπη
2396 3194 2494 3250 θεῖ
2527 3212 2541 3250 ³
2573 3197 2737 3251 inm"
2765 3196 2833 3252 ad
2860 3196 3095 3254 Pilatum
3121 3239 3137 3265 ν
3183 3203 3319 3269 Pam
3347 3215 3550 3272 corpus
3586 3200 3737 3257 ’35“-

449 3294 550 3350 Ilic
578 3294 732 3350 adest
760 3294 898 3364 Noe,
934 3294 1232 3351 inebriatus
1259 3310 1323 3352 ac
1351 3296 1615 3365 nudatus,
1646 3300 1787 3356 coelo
1811 3311 1868 3358 et
1900 3312 2042 3362 terra

450 3388 616 3458 pallio
648 3389 944 3445 tenebroso
977 3398 1189 3456 tectus,
1223 3398 1278 3446 et
1301 3389 1524 3446 homine
1554 3392 1767 3449 irrisus.
1802 3395 1901 3452 llic
1925 3398 2044 3454 stil-

451 3482 585 3538 lavit
608 3483 828 3554 sanguis
856 3482 925 3539 de
958 3483 1122 3554 ligno.

521 3573 590 3627 Et
612 3573 742 3629 hora
761 3591 920 3641 nona,
951 3576 1257 3631 exclamavit
1276 3575 1427 3631 Jesus
1447 3594 1566 3635 voce
1589 3596 1800 3651 magna,
1830 3581 2005 3639 dicens
2022 3601 2041 3640 :

452 3664 561 3731 Eli,
592 3664 703 3731 Eli,
735 3667 922 3720 lamma
949 3666 1271 3731 Sabacthani
1294 3709 1309 3734 ,
1343 3670 1480 3739 quod
1510 3680 1585 3725 est
1610 3672 1997 3743 interpretatum
2022 3691 2041 3728 :

450 3754 593 3809 Deus
624 3772 763 3811 meus
789 3799 802 3822 ,
840 3757 983 3812 Deus
1012 3776 1151 3814 meus
1175 3804 1189 3829 ,
1231 3769 1288 3814 ut
1315 3761 1443 3831 quid
1476 3779 1553 3816 me
1580 3764 1904 3837 dereliquisti
1925 3768 1948 3821 ?
1972 3765 2043 3821 Et

451 3845 661 3913 quidam
690 3844 755 3898 de
796 3847 1251 3902 circumstantibus
1287 3850 1556 3907 audientes
1594 3855 1834 3909 dicebant
1861 3872 1878 3908 :
1909 3854 2044 3911 Ecce

450 3936 629 3991 Etiam
660 3947 826 3991 vocat.
871 3937 1098 3994 Currens
1126 3948 1295 3996 autem
1326 3958 1462 3997 unus
1484 3968 1505 4009 ,η
1541 3952 1587 3999 et
1627 3945 1846 4017 impleas
1887 3964 2045 4019 spon-

449 4031 593 4100 giam
619 4039 789 4098 aceto,
818 4032 1312 4103 circumponensque
1338 4035 1561 4103 calamo,
1592 4046 1772 4108 potum
1796 4040 1952 4095 dabat
1971 4043 2041 4110 ei,

453 4123 626 4177 dicens
650 4138 669 4176 :
699 4122 901 4189 Sinite,
932 4123 1199 4178 videamus
1234 4127 1279 4179 si
1311 4127 1479 4180 veniat
1506 4125 1656 4182 Elias
1687 4130 1755 4183 ad
1781 4131 2044 4202 deponen-

453 4218 577 4267 dum
614 4230 753 4268 eum.
802 4214 930 4270 Inde
967 4215 1231 4270 scribitur
1276 4217 1519 4287 psalmus
1545 4219 1649 4274 iste
1696 4236 1794 4290 pro
1836 4236 2046 4278 assum-

444 4303 638 4372 ptione
667 4306 955 4371 matutina,
1001 4321 1105 4376 qua
1136 4304 1385 4362 Christus
1422 4308 1489 4362 ad
1532 4323 1754 4365 crucem
1801 4310 2039 4368 ducitur.

453 4397 629 4453 Verba
654 4399 869 4468 propria
891 4409 1019 4454 sunt
1043 4399 1136 4454 ﬁlii
1160 4399 1427 4455 hominis:
1455 4400 1600 4456 unde
1624 4402 1871 4472 Sequitur
1889 4403 2044 4473 juxta

452 4489 651 4544 Lucam
690 4506 703 4543 :
736 4488 796 4545 In
826 4505 1019 4545 manus
1050 4501 1167 4545 tuas
1192 4491 1518 4546 commendo
1547 4490 1799 4561 spiritum
1834 4508 2040 4550 meum.

2145 3286 2354 3358 Joseph
2394 3299 2669 3346 mercatur
2709 3291 2998 3348 sindonem
3030 3335 3046 3362 ,
3097 3294 3397 3350 involutum
3445 3310 3646 3366 corpus
3686 3297 3739 3352 in

2145 3378 2376 3434 sindone
2419 3382 2571 3450 ponit
2619 3382 2672 3436 in
2715 3393 3095 3453 monumento,
3148 3384 3293 3455 quod
3337 3395 3457 3443 erat
3498 3387 3739 3443 excisum

2144 3471 2216 3526 de
2257 3481 2433 3541 petra.
2477 3474 2735 3531 Advolvit
2766 3477 3001 3547 lapidem
3034 3479 3101 3534 ad
3131 3481 3329 3536 ostium
3378 3484 3735 3539 monumenti.

2144 3561 2326 3617 Mariae
2347 3564 2614 3632 aspiciunt
2639 3566 2731 3621 ubi
2754 3577 3070 3637 poneretur.
3092 3569 3218 3626 llaec
3233 3572 3415 3626 omnia
3432 3583 3743 3644 congruunt

2145 3652 2213 3707 ad
2244 3654 2499 3723 populum
2523 3655 2847 3725 Iudaicum,
2889 3660 2942 3715 in
2972 3660 3080 3718 ﬁne
3105 3662 3425 3719 credentem
3460 3682 3472 3718 :
3504 3666 3594 3737 qui
3632 3680 3738 3721 no-

2145 3743 2393 3802 bilitatur
2422 3748 2564 3815 ﬁde,
2598 3758 2658 3804 ut
2686 3748 2925 3806 Abrahae
2962 3754 3035 3809 sit
3064 3755 3230 3811 ﬁlius.
3282 3756 3520 3827 Deponit
3546 3758 3743 3828 despe-

2148 3835 2438 3901 rationem,
2470 3847 2751 3907 exspectat
2773 3855 2997 3910 regnum
3030 3843 3164 3899 Dei:
3194 3845 3363 3901 intrat
3387 3847 3454 3902 ad
3477 3847 3743 3903 Christia-

2157 3941 2278 3994 nos,
2314 3937 2371 3982 ut
2397 3930 2720 3999 baptizetur.
2747 3933 2904 4000 Quod
2929 3935 3200 4007 signiﬁcat
3228 3953 3427 3994 nomen
3460 3939 3651 4005 Pilati,
3686 3942 3739 3997 id

2146 4027 2229 4075 est
2252 4061 2267 4086 ,
2298 4020 2624 4078 malleatoris
2647 4066 2664 4093 ,
2699 4025 2751 4080 id
2777 4034 2862 4082 est
2884 4069 2899 4091 ,
2932 4028 3025 4097 qui
3051 4028 3241 4085 domat
3269 4029 3480 4088 ferreas
3506 4043 3697 4103 gentes
3723 4075 3737 4099 ,

2147 4120 2206 4167 ut
2244 4124 2397 4184 regat
2432 4129 2527 4171 eas
2563 4117 2614 4171 in
2649 4117 2800 4189 virga
2839 4119 3012 4176 ferrea
3038 4163 3053 4189 ,
3110 4132 3164 4178 et
3204 4124 3339 4193 petit
3366 4126 3737 4185 sacriﬁcium:

2145 4208 2289 4278 quod
2312 4209 2548 4266 donatur
2566 4213 2959 4281 paenitentibus
2988 4215 3042 4272 in
3066 4216 3174 4272 ﬁne
3194 4218 3477 4285 viaticum,
3502 4228 3556 4275 et
3576 4221 3742 4277 corde

2148 4300 2351 4355 mundo
2376 4341 2392 4368 ,
2436 4312 2493 4357 et
2528 4302 2768 4372 peccatis
2802 4313 3018 4361 mortuo
3052 4324 3063 4358 :
3100 4306 3329 4363 involvit
3356 4309 3408 4363 in
3440 4308 3742 4365 munimine

2150 4393 2299 4459 ﬁdei,
2332 4395 2635 4451 stabilitum
2666 4398 2926 4467 operculo
2953 4402 3070 4469 spei
3097 4441 3112 4467 ,
3144 4415 3243 4470 per
3267 4416 3433 4472 opera
3462 4401 3741 4458 cbaritatis

2146 4485 2443 4541 concludit.
2460 4486 2613 4542 Finis
2636 4487 2779 4543 enim
2804 4492 3064 4561 praecepti
3086 4500 3171 4549 est
3186 4492 3448 4550 charitas.
3464 4493 3739 4564 Aspicien-

453 4578 606 4634 Nona
639 4579 771 4635 hora
802 4580 1073 4636 invenitur
1101 4595 1293 4637 eversa
1336 4582 1500 4636 domo
1527 4582 1737 4639 decima
1760 4583 2041 4655 drachma,

2150 4574 2295 4628 tibus
2315 4590 2345 4629 a
2371 4577 2531 4647 longe
2554 4577 2767 4647 electis,
2800 4581 2892 4651 qui
2919 4590 3047 4637 sunt
3068 4584 3243 4639 stellae
3262 4584 3432 4641 maris
3456 4603 3470 4640 :
3499 4585 3744 4656 quando,

453 4687 573 4742 quae
600 4670 859 4741 perierat.
898 4670 1139 4729 Currens
1173 4666 1353 4729 aute'm
1384 4690 1524 4731 unus
1559 4691 1627 4733 ex
1672 4678 1755 4735 eis
1777 4723 1793 4746 ,
1837 4682 2046 4740 invenit

454 4768 868 4825 similitudinem
899 4784 1091 4826 eorum
1124 4770 1409 4842 spongiam
1452 4786 1641 4830 cavam
1667 4816 1682 4841 ,
1729 4775 1999 4835 inﬁrmam
2025 4821 2042 4848 ,

430 4862 687 4927 aridam,
722 4862 934 4933 ignibus
964 4874 1143 4933 aptam
1173 4880 1186 4918 :
1217 4863 1406 4934 implet
1431 4876 1586 4921 aceto
1608 4911 1622 4937 ,
1654 4866 1758 4923 hoc
1785 4879 1892 4940 est,
1925 4887 2041 4927 ma-

454 4954 568 5008 litia
600 4966 654 5010 et
682 4954 810 5011 dolo
844 4974 858 5009 :
891 4957 960 5012 de
1002 4973 1110 5027 quo
1156 4957 1353 5014 dicitur
1397 4977 1410 5013 :
1457 4960 1708 5017 Plantavi
1748 4971 1801 5019 te
1832 4965 2041 5021 vineam

456 5045 659 5100 Sorech
686 5085 702 5111 ,
756 5054 813 5101 et
849 5049 1122 5117 quomodo
1151 5064 1416 5106 conversa
1447 5066 1506 5107 es
1537 5052 1592 5108 in
1624 5056 2041 5115 amaritudinem

456 5136 584 5192 vitis
613 5135 846 5191 alienat?
876 5140 942 5194 Et
970 5144 1280 5212 exspectavi
1311 5151 1371 5199 ut
1394 5144 1595 5202 faceret
1628 5163 1783 5217 uvas,
1818 5159 1873 5207 et
1914 5152 2044 5210 fecit

456 5232 667 5300 spinas.

525 5321 680 5378 Jesus
701 5329 875 5378 autem
895 5326 1075 5380 emissa
1100 5344 1219 5383 voce
1240 5346 1449 5402 magna,
1472 5334 1773 5403 exspiravit.
1792 5332 1857 5392 Et
1880 5339 2047 5395 velum

458 5413 639 5483 templi
663 5414 882 5469 scissum
911 5426 984 5470 est
1008 5418 1061 5471 in
1094 5420 1197 5475 duo
1220 5461 1238 5489 ,
1285 5440 1316 5476 a
1351 5440 1551 5479 summa
1588 5442 1747 5495 usque
1782 5431 2044 5487 deorsum.

464 5504 659 5560 Videns
688 5516 861 5562 autem
888 5512 1121 5565 centurio
1147 5553 1161 5578 ,
1204 5515 1293 5582 qui
1328 5531 1396 5568 ea:
1437 5516 1653 5572 adverso
1676 5520 1887 5590 stabat,
1928 5526 2048 5595 quia

460 5594 534 5646 sic
562 5596 789 5650 clamans
816 5599 1127 5667 exspirasset
1154 5646 1169 5669 ,
1200 5604 1273 5655 ait
1313 5620 1331 5657 :
1381 5604 1508 5659 Vere
1537 5605 1621 5661 ltic
1648 5609 1800 5664 homo
1826 5650 1842 5679 ,
1874 5611 2046 5668 Filius

463 5681 557 5735 Dei
585 5698 715 5739 erat.
751 5689 1025 5745 Inﬁrmata
1055 5693 1200 5748 enim
1227 5710 1415 5762 carne,
1448 5712 1553 5754 vox
1585 5700 1814 5758 invaluit
1840 5704 2043 5775 divina,

464 5784 583 5839 qua:
601 5772 729 5833 dicit
755 5794 769 5833 :
796 5780 1019 5849 Aperite
1040 5784 1171 5838 mihi
1194 5795 1376 5856 portas
1394 5788 1644 5859 justitize,
1679 5804 1736 5850 et
1767 5772 2043 5866 ingressus

2147 4663 2195 4720 si
2215 4664 2332 4723 ﬁeri
2354 4674 2552 4737 potest,
2583 4670 3103 4730 scandalizabuntur
3126 4674 3310 4731 electi.

2740 4846 2968 4905 CAPUT
3009 4846 3152 4906 XVI.

2218 4974 2290 5029 Et
2315 4991 2434 5029 cum
2464 4978 2732 5033 transisset
2758 4978 3052 5047 sabbatum,
3088 4979 3265 5037 Maria
3297 4980 3609 5054 Magdalene
3632 5025 3649 5051 ,
3689 4996 3746 5041 et

2152 5066 2325 5121 Maria
2340 5067 2547 5137 Jacobi,
2568 5078 2617 5123 et
2638 5069 2867 5138 Salome,
2892 5082 3119 5126 emerunt
3139 5082 3395 5142 aromata,
3410 5084 3468 5129 ut
3488 5076 3745 5132 venientes

2148 5170 2399 5232 ungerent
2441 5176 2579 5213 eum.
2623 5161 2777 5217 Nunc
2819 5165 3156 5220 aromatibus
3197 5166 3569 5224 redolentibus
3612 5184 3743 5225 cum

2150 5264 2382 5321 sponsa,
2416 5261 2471 5307 et
2496 5252 2929 5310 adolescentibus
2955 5300 2969 5326 ,
3018 5272 3139 5327 qua:
3176 5269 3401 5316 currunt
3433 5269 3553 5330 post
3589 5275 3740 5329 eam,

2151 5343 2561 5413 conspergimus
2606 5345 2807 5401 librum
2845 5357 2899 5402 et
2932 5348 3247 5405 cubiculum
3275 5353 3472 5408 mentis
3513 5361 3742 5410 nostrae.

2150 5434 2302 5491 Nunc
2333 5436 2628 5493 introducit
2652 5453 2753 5493 nos
2781 5455 2879 5495 rex
2910 5439 2963 5493 in
2994 5441 3212 5497 cellaria
3245 5457 3361 5497 sua.
3392 5443 3545 5500 Nunc
3569 5446 3746 5516 surgit

2148 5526 2321 5582 amica
2350 5528 2515 5583 Maria
2541 5570 2556 5594 ,
2601 5529 2781 5585 hiems
2811 5531 2983 5598 abiit,
3032 5532 3205 5602 pluvia
3238 5537 3467 5590 recessit
3498 5554 3511 5590 :
3575 5536 3746 5593 ﬂores

2148 5616 2249 5675 visi
2280 5632 2406 5674 sunt
2436 5622 2488 5675 in
2519 5630 2661 5676 terra
2694 5639 2705 5675 :
2733 5638 2838 5679 vox
2883 5624 3109 5680 turturis
3151 5624 3329 5679 audita
3369 5633 3455 5681 est
3500 5627 3553 5681 in
3597 5635 3742 5682 terra

2149 5721 2356 5766 nostra.
2410 5712 2592 5769 Vineae
2641 5713 2903 5770 florentes
2953 5715 3223 5772 dederunt
3276 5714 3527 5771 odorem.
3579 5716 3744 5773 Redit

2147 5817 2379 5873 sponsus
2405 5804 2472 5863 de
2504 5805 2715 5875 umbra,
2746 5806 2846 5862 sub
2874 5821 2975 5876 qua
3007 5806 3206 5862 dormit
3238 5807 3290 5862 in
3323 5804 3575 5862 meridie.
3607 5808 3741 5863 Post
