4030 6202
296 197 391 263 6M

899 194 1448 261 COMMENTARIUS
1490 195 1555 259 ΙΝ
1592 191 2049 271 EVANGELIUM
2086 195 2239 256 SEC.
2281 190 2596 258 MARCUM.
2635 193 2790 257 CAP.
2829 191 2971 257 XVI.

3478 192 3585 258 642

294 318 519 376 sabbata
551 315 729 375 tristia
754 314 886 374 felix
916 318 1147 375 irradiat
1171 317 1288 375 dies
1313 361 1328 387 ,
1361 332 1483 390 qua:
1513 318 1802 390 primatum
1828 314 1885 371 in
1910 313 1962 376 Α
1987 314 2267 385 quidquam
2316 314 2603 370 dixerunt:
2632 314 2878 369 timebant
2928 313 3083 369 enim.
3136 314 3372 387 Surge'ns
3416 327 3590 375 autem

295 412 491 470 diebus
512 420 665 470 tenet
688 429 702 468 :
725 413 845 467 luce
868 411 1039 481 prima
1062 411 1115 468 in
1137 428 1203 469 eo
1222 412 1555 477 luccscente,
1582 422 1636 466 et
1660 410 1888 466 Domino

297 520 419 563 meo
446 521 571 563 cum
603 504 877 575 triumpho
902 513 1244 575 resurgente,
1272 513 1327 561 et
1350 505 1569 561 dicente
1605 522 1618 558 :
1650 504 1779 560 Haec
1806 511 1891 559 est

296 600 416 657 dies
439 639 455 667 ,
495 614 656 671 quam
684 597 818 656 fecit
848 596 1111 655 Dominus
1148 616 1161 653 :
1191 599 1531 656 exsultemus
1557 606 1610 655 et
1645 597 1890 654 laetemur

243 680 250 687 ’
297 690 348 747 in
372 704 461 748 ea.

367 782 437 835 Et
468 780 620 836 valde
648 797 797 837 mane
836 796 942 835 una
978 779 1309 837 sabbatorum
1353 780 1565 835 veniunt
1598 779 1669 833 ad
1704 795 1890 834 monu-

296 883 559 941 mentum,
591 882 703 929 orto
720 878 839 947 jam
863 874 1005 942 sole,
1036 885 1087 929 et
1112 874 1346 929 dicebant
1377 874 1447 927 ad
1473 874 1687 927 invicem
1712 889 1730 927 :
1764 872 1891 939 Quis

296 970 523 1023 revolvet
555 968 701 1023 nobis
731 968 957 1039 lapidem
984 968 1048 1022 ab
1081 969 1215 1023 ostio
1246 966 1605 1023 monumenti?
1634 964 1702 1019 Et
1727 965 1894 1035 respi-

294 1062 485 1117 cientes
505 1062 743 1117 viderunt
764 1062 1051 1116 revolutum
1073 1062 1320 1132 lapidem.
1343 1057 1513 1114 Valde
1533 1071 1713 1123 mane,
1744 1056 1891 1128 quod

299 1152 438 1208 alius
467 1152 817 1224 Evangelista
848 1151 1091 1208 diluculo
1115 1151 1270 1207 dicit.
1309 1148 1613 1204 Diluculum
1636 1156 1720 1203 est
1750 1148 1893 1203 inter

298 1245 553 1301 tenebras
580 1247 789 1315 noctis,
823 1253 879 1300 et
906 1243 1013 1299 diei
1038 1243 1361 1300 claritatem.
1391 1239 1448 1295 ln
1474 1255 1577 1311 qua
1610 1239 1761 1295 salus
1790 1239 1892 1294 htt-

298 1349 464 1390 mano
493 1336 682 1405 generi
713 1335 996 1405 provenit,
1040 1333 1183 1390 felici
1211 1330 1489 1388 vicinitate
1515 1330 1843 1387 declaranda
1871 1374 1887 1399 ,

296 1439 449 1482 more
478 1425 611 1481 solis
652 1442 667 1479 :
713 1426 805 1496 qui
832 1423 1083 1495 proxima
1116 1424 1242 1480 luce
1271 1437 1644 1495 consurgens,
1675 1437 1890 1479 roseam

296 1516 578 1587 praemittit
612 1529 868 1571 auroram
894 1556 911 1584 ,
956 1524 1017 1570 ut
1056 1514 1228 1585 gratia
1262 1513 1508 1584 praeclari
1534 1513 1847 1584 splendoris
1871 1558 1885 1583 ,

295 1610 619 1680 praeparatis
640 1610 816 1667 oculis
843 1610 1016 1680 possit
1047 1610 1271 1676 intueri,
1303 1608 1519 1681 quando
1547 1619 1760 1679 tempus
1787 1609 1893 1663 Do-

1991 403 2149 462 Iesus
2200 423 2355 463 mane
2383 407 2554 480 prima
2594 406 2821 472 sabbati,
2882 407 3121 477 apparuit
3175 409 3345 477 primo
3400 408 3589 465 Maria:

1991 498 2344 570 Magdalenen,
2374 497 2439 553 de
2466 514 2569 569 qua
2594 501 2816 570 ejecerat
2846 507 3037 569 septem
3064 499 3339 555 daemonia.
3366 500 3472 557 Illa
3496 519 3586 557 va-

1990 592 2115 648 dens
2164 594 2416 648 nuntiavit
2443 593 2543 660 Iris,
2590 595 2826 664 quicum
2874 610 2932 648 eo
2972 594 3177 663 fuerant
3221 598 3511 669 lugentibus
3540 613 3589 657 et

1989 685 2253 754 ﬂentibus.
2279 682 2349 739 Et
2370 686 2450 741 illi
2474 685 2744 741 audientes
2764 686 2885 757 quia
2912 686 3120 753 viveret,
3149 697 3197 741 et
3216 689 3352 743 visus
3374 701 3498 747 esset
3522 693 3585 747 ab

1991 795 2073 845 ea,
2110 795 2211 832 non
2248 780 2599 834 crediderunt.
2647 778 2778 834 Post
2824 779 2934 833 htec
2976 779 3146 833 autem
3176 779 3379 836 duobus
3415 800 3480 838 ex
3516 786 3588 839 eis

1992 871 2381 927 ambulantibus
2410 882 2646 927 ostensus
2674 880 2750 926 est
2773 871 2829 925 in
2867 871 2975 925 alia
3016 871 3210 944 efﬁgie,
3258 875 3496 929 euntibus
3534 877 3587 931 in

1992 964 2193 1032 villam,
2246 975 2294 1019 et
2346 967 2428 1020 illi
2472 974 2649 1020 euntes
2685 966 3053 1021 nuntiaverunt
3098 967 3293 1021 caeteris
3328 983 3465 1023 :nec
3485 969 3589 1023 illis

1994 1056 2350 1113 crediderunt.
2385 1058 2571 1113 Brevis
2599 1060 2867 1114 sententia
2899 1059 2954 1114 in
2982 1059 3228 1131 syllabis,
3265 1060 3360 1117 sed
3394 1062 3585 1132 ingens

1994 1146 2051 1202 in
2081 1148 2385 1217 quantitate
2416 1151 2725 1220 promissio.
2767 1152 2845 1207 lbi
2888 1160 2973 1207 est
3003 1154 3184 1223 gaudii
3232 1155 3404 1211 nostri
3441 1155 3585 1226 fons,

1994 1246 2053 1295 ct
2082 1238 2273 1294 salutis
2301 1248 2523 1296 aeternae
2553 1242 2705 1311 origo
2728 1252 3053 1313 przeparata.
3082 1245 3157 1301 lbi
3190 1257 3587 1318 congregantur

1994 1330 2391 1403 dispersiones,
2443 1343 2498 1389 et
2542 1344 2805 1390 sanantur
2851 1335 3073 1392 contriti
3107 1339 3293 1395 corde.
3342 1341 3419 1396 Ibi
3465 1357 3587 1397 eum

1996 1424 2277 1493 videbitis,
2306 1442 2414 1484 non
2459 1428 2600 1483 sicut
2640 1427 2877 1485 vidistis.
2906 1431 2977 1484 At
3006 1431 3114 1485 illae
3143 1444 3404 1490 exeuntes
3436 1434 3591 1508 fuge-

1995 1528 2146 1576 runt.
2173 1520 2382 1576 Dicitur
2408 1521 2475 1577 de
2503 1521 2678 1577 futura
2710 1524 2839 1577 vita.
2885 1522 2953 1578 Et
3001 1522 3169 1593 fugiet
3215 1526 3372 1581 dolor
3401 1542 3463 1583 ac
3497 1544 3591 1599 ge-

1996 1610 2184 1666 mitus.
2213 1611 2501 1669 imitantur
2522 1614 2780 1671 mulieres
2808 1624 2934 1670 ante
2964 1617 3424 1673 resurrectionem
3474 1635 3591 1676 om-

294 1703 513 1758 miuiczc
542 1701 966 1758 resurrectionis
994 1701 1189 1757 eluxit.
1224 1701 1292 1758 Ut
1316 1709 1442 1756 tunc
1467 1700 1659 1756 laudes
1686 1699 1888 1755 Christi
1919 1698 1968 1759 B
1993 1701 2165 1767 nium,
2217 1703 2361 1773 quod
2412 1704 2616 1759 faciunt
2659 1714 2781 1775 post
2833 1704 3291 1763 resurrectionem
3325 1727 3338 1763 :
3380 1708 3592 1781 fugiunt

296 1803 409 1852 tota
457 1804 684 1851 caneret
732 1792 1041 1851 secundum
1072 1793 1379 1863 exemplum
1420 1792 1613 1847 barum
1661 1791 1891 1847 femina-

296 1902 420 1942 rum
446 1886 713 1954 Ecclesia,
740 1886 958 1957 quando
984 1901 1153 1957 genus
1182 1886 1476 1941 humanum
1506 1885 1756 1954 exemplo
1781 1899 1895 1941 sua:

297 1979 722 2035 resurrectionis
752 1977 1011 2033 animavit
1043 1994 1057 2033 :
1090 1978 1308 2050 quando
1336 1978 1503 2033 vitam
1532 1976 1806 2048 praestitit,
1839 1985 1894 2033 et

296 2072 485 2128 lumen
522 2072 866 2129 credulitatis
898 2071 1153 2127 infundit.
1194 2071 1287 2128 Sol
1313 2087 1447 2128 vero
1481 2080 1606 2143 post
1642 2086 1894 2128 occasum

298 2163 549 2234 corporis
571 2163 765 2218 oritur.
800 2161 897 2218 Hic
917 2160 1128 2233 Aquila:
1149 2160 1216 2216 ad
1238 2176 1437 2231 corpus
1459 2168 1892 2231 congregantur:

300 2262 508 2311 matres
532 2262 587 2311 et
614 2253 852 2325 apostoli
877 2253 1063 2311 vident
1084 2254 1386 2311 revolutum
1409 2253 1669 2324 lapidem,
1702 2254 1899 2334 quiest

299 2350 389 2407 lex
415 2350 629 2420 mortis,
653 2365 716 2407 ac
734 2350 780 2406 si
802 2349 1012 2406 diceret
1034 2368 1047 2405 :
1068 2350 1193 2417 Ubi,
1214 2364 1383 2418 mors,
1414 2348 1635 2405 aculeus
1660 2346 1818 2404 tuus?
1842 2356 1897 2403 et

208 2431 216 2445 ’
298 2445 535 2516 reliqua.

373 2535 508 2591 Erat
531 2537 721 2608 quippe
747 2552 968 2611 magnus
994 2535 1165 2591 valde.
1196 2532 1263 2587 Et
1289 2534 1607 2589 introeuntes
1634 2533 1689 2587 in
1716 2548 1898 2587 monu-

303 2635 531 2681 mentum
557 2667 573 2693 ,
623 2628 853 2682 viderunt
874 2628 1121 2699 juvenem
1151 2625 1410 2681 sedentem
1437 2624 1494 2679 in
1526 2624 1721 2679 dextris
1744 2665 1759 2690 ,
1806 2640 1897 2677 co-

304 2725 543 2789 apertum
588 2717 725 2772 stola
769 2719 994 2773 candida
1020 2759 1037 2786 ,
1091 2726 1139 2771 et
1184 2717 1571 2788 obstupuerunt.
1603 2716 1703 2784 Qui
1735 2714 1899 2770 etiam

305 2810 543 2865 infantes
571 2811 623 2866 in
657 2818 811 2867 utero
840 2812 1009 2882 tangit
1036 2828 1050 2864 :
1078 2810 1311 2881 gemitus
1342 2810 1607 2875 omnium,
1642 2817 1697 2863 et
1726 2808 1901 2863 omni-

1996 1801 2228 1849 mortem
2251 1802 2307 1849 et
2333 1808 2612 1863 pavorem.
2647 1794 2717 1849 Et
2747 1796 2951 1852 nemini
2982 1796 3277 1869 quidquam
3310 1799 3589 1868 dixerunt,

1996 1885 2125 1954 quia
2170 1884 2271 1956 ipsi
2302 1886 2402 1941 soli
2435 1886 2756 1957 mysterium
2788 1890 3214 1946 resurrectionis
3248 1892 3463 1961 vident,
3494 1896 3586 1964 qui

1997 1976 2183 2032 videre
2235 1977 2337 2047 ipsi
2386 1977 2520 2032 illud
2567 1988 2903 2035 meruerunt.
2955 1980 3110 2036 Unde
3156 1983 3399 2053 sequitur
3436 1986 3590 2056 juxta

1997 2066 2264 2124 Joannem
2297 2086 2309 2122 :
2351 2068 2544 2124 Petrus
2574 2078 2755 2125 autem
2786 2070 3027 2125 cucurrit
3055 2071 3122 2126 ad
3153 2085 3589 2145 monumentum,

1998 2170 2057 2217 ut
2086 2161 2297 2217 videret
2326 2160 2443 2232 ipse
2480 2162 2624 2232 quod
2653 2162 2879 2217 audivit.
2915 2162 3159 2233 Surgens
3204 2174 3387 2220 autem
3434 2166 3592 2225 Jesus

1999 2256 2175 2326 primo
2199 2271 2357 2311 mane
2382 2256 2618 2323 sabbati,
2644 2255 2828 2312 Mariae
2848 2255 3178 2327 Magdalenae
3210 2256 3385 2328 primo
3412 2268 3594 2316 osten-

1998 2348 2183 2404 ditur:
2214 2348 2283 2405 de
2323 2364 2426 2419 qua
2457 2349 2693 2417 ejecerat
2733 2358 2940 2419 septem
2970 2350 3234 2406 darmonia
3258 2395 3273 2421 ,
3313 2353 3438 2423 quia
3480 2371 3594 2412 me-

1999 2437 2250 2505 retrices,
2292 2448 2348 2494 et
2386 2438 2661 2508 publicani
2690 2439 3003 2508 praecedunt
3032 2456 3362 2513 synagOgam
3406 2445 3460 2500 in
3504 2462 3591 2503 rc-

1998 2544 2163 2601 gnum
2192 2528 2333 2586 Dei:
2376 2540 2432 2585 ut
2476 2530 2615 2585 latro
2656 2532 2935 2599 praecessit
2988 2534 3289 2603 apostolos.
3336 2536 3495 2592 Fient
3540 2549 3594 2594 et

2000 2621 2214 2694 lugent,
2250 2621 2340 2692 qui
2374 2622 2605 2679 necdum
2638 2623 2911 2692 viderunt,
2944 2624 3041 2681 sed
3084 2640 3190 2681 non
3220 2636 3344 2697 post
3366 2628 3592 2685 multum

2001 2715 2449 2772 consolabuntur.
2498 2715 2649 2771 Beati
2697 2718 2842 2772 enim
2879 2720 2971 2788 qui
3024 2719 3212 2789 lugent
3242 2737 3424 2790 nunc,
3451 2738 3591 2794 quo-

2002 2809 2147 2863 niam
2178 2808 2281 2878 ipsi
2312 2807 2764 2864 consolabuntur.
2794 2810 2860 2863 Et
2896 2808 2969 2864 illi
3012 2810 3299 2867 audientes
3336 2829 3443 2868 non
3473 2830 3596 2871 ere-

306 2900 409 2957 bus
436 2902 635 2973 gravis.
671 2903 737 2957 Et
760 2903 1097 2960 introeuntes
1125 2903 1177 2959 in
1208 2909 1621 2959 monumentum
1652 2901 1905 2957 viderunt
2004 2898 2281 2955 diderunt.
2313 2899 2475 2954 Fides
2522 2908 2701 2955 autem
2734 2899 2821 2955 hic
2866 2898 3097 2968 laborat,
3147 2917 3317 2973 agens
3363 2906 3595 2963 activam

301 2992 583 3063 juvenem,
614 3009 722 3050 non
754 3009 970 3064 senem,
1001 3010 1110 3050 non
1140 2994 1401 3050 infantem
1426 3034 1441 3061 ,
1476 2992 1573 3049 sed
1598 2993 1900 3063 jucundum

2004 2991 2171 3046 vitam
2209 3008 2223 3045 ε
2276 2992 2386 3047 illic
2431 2992 2851 3063 centemplativa
2898 3004 3084 3050 secuta
3130 2996 3338 3054 visione
3384 3010 3591 3071 regnat.

310 3094 471 3142 mtate
495 3130 512 3155 ,
545 3097 602 3142 ut
629 3087 863 3143 dicitur:
894 3087 1130 3154 Latare,
1168 3087 1406 3156 juvenis,
1439 3086 1495 3141 in
1535 3086 1901 3143 adolescentia
1929 3070 1974 3133 C
2011 3084 2108 3140 Hie
2134 3099 2232 3155 per
2261 3087 2543 3157 speculum
2576 3095 2904 3142 contucmur
2952 3088 3240 3161 imaginem
3274 3108 3288 3145 :
3320 3093 3431 3148 illic
3454 3070 3596 3151 facie

302 3185 420 3245 tua,
451 3192 575 3248 qua:
604 3194 710 3233 non
739 3187 824 3235 est
854 3178 945 3233 bic
972 3194 1121 3244 vera,
1153 3177 1283 3233 dum
1311 3192 1433 3232 cum
1460 3178 1614 3234 senio
1639 3188 1719 3233 est
1750 3192 1899 3233 com-

301 3270 499 3324 mixta.
530 3269 823 3326 Sedentem
852 3270 906 3325 in
936 3270 1144 3325 dextris
1172 3268 1407 3335 virtutis,
1439 3268 1490 3324 id
1519 3277 1635 3335 est,
1668 3285 1897 3340 regnan-

304 3366 417 3415 tem
441 3360 494 3414 in
520 3360 815 3431 prosperis.
842 3360 941 3417 llic
965 3360 1184 3431 juvenis
1207 3360 1435 3415 formam
1459 3361 1894 3428 resurrectionis,

302 3452 626 3507 timentibus
666 3460 895 3508 mortem
929 3453 1188 3509 ostendit.
1240 3452 1572 3523 Coopertum
1601 3454 1738 3509 stola
1764 3468 1895 3509 can-

303 3544 456 3613 dido,
491 3560 615 3616 quae
646 3561 774 3602 vera
803 3546 987 3601 laetitia
1016 3554 1121 3614 est,
1153 3546 1309 3601 hoste
1338 3545 1587 3617 depulso,
1621 3561 1899 3616 regnoque

302 3636 505 3707 adepto
524 3677 540 3701 ,
574 3650 703 3708 rege
730 3637 881 3707 pacis
910 3637 1140 3708 qutesito
1161 3678 1177 3705 ,
1209 3638 1431 3694 invento
1456 3680 1472 3706 ,
1507 3648 1561 3694 et
1604 3654 1897 3709 numquam

302 3727 555 3784 dimisso.
587 3727 657 3783 Et
686 3729 1127 3799 obstupuerunt,
1157 3728 1212 3785 id
1242 3740 1324 3786 est
1350 3772 1365 3798 ,
1394 3729 1541 3801 quod
1572 3731 1762 3786 oculus
1791 3748 1898 3786 non

305 3821 463 3887 vidit,
492 3834 596 3876 nec
619 3820 767 3876 auris
788 3820 1018 3889 audivit,
1050 3836 1151 3877 nec
1171 3821 1226 3877 in
1251 3836 1346 3877 cor
1368 3822 1604 3878 hominis
1630 3822 1898 3891 ascendit,

305 3930 424 3984 quae
452 3915 779 3986 praeparavit
809 3915 953 3971 Deus
982 3914 1328 3985 diligentibus
1354 3930 1431 3970 se.

384 4008 485 4072 Qui
522 4009 647 4063 dicit
676 4009 782 4063 illis
808 4025 827 4063 .'
862 4006 1043 4063 Nolite
1080 4023 1429 4079 expavescere.
1459 4005 1638 4061 Iesum
1676 4008 1903 4078 qua’rt'tis

314 4099 651 4155 Nazarenum
680 4100 991 4169 cruciﬁxum
1025 4116 1043 4154 :
1083 4100 1307 4155 surrexit
1334 4139 1349 4165 ,
1399 4114 1503 4152 non
1530 4108 1604 4152 est
1631 4100 1713 4153 Itic
1740 4116 1757 4152 :
1792 4116 1905 4153 ecce

312 4194 458 4249 locus
490 4195 575 4249 ubi
601 4204 880 4267 posuerunt
904 4211 1040 4249 eum.
1090 4192 1197 4249 Sed
1230 4194 1300 4247 ite
1326 4234 1339 4259 ,
1381 4201 1427 4246 et
1454 4192 1607 4246 dicite
1633 4193 1903 4262 discipulis

308 4288 439 4357 ejus,
473 4295 521 4339 et
550 4284 731 4341 Petro.
762 4285 909 4341 Deus
936 4284 1173 4341 charitas
1201 4293 1306 4341 est.
1335 4283 1452 4340 Non
1481 4292 1564 4341 est
1591 4299 1718 4356 ergo
1743 4286 1903 4341 timor

312 4382 364 4435 in
401 4380 690 4436 cliaritate.
724 4380 863 4448 Quid
894 4386 1353 4449 expavescerent,
1384 4393 1506 4450 quae
1537 4379 1863 4435 invenerunt
1886 4421 1901 4445 _.

2002 3179 2068 3231 ad
2100 3176 2291 3232 faciem
2324 3178 2629 3233 videbimus
2650 3180 2957 3235 veritatem.
2982 3180 3137 3237 Unde
3159 3185 3439 3254 sequitur:
3468 3187 3597 3244 Post

2004 3271 2120 3326 limo
2163 3270 2377 3326 duobus
2433 3287 2499 3326 ex
2546 3271 2655 3327 illis
2699 3272 3131 3339 ambulantibus,
3192 3276 3243 3330 id
3280 3288 3403 3345 est,
3454 3279 3595 3335 labo-

2003 3363 2289 3431 rantibus,
2341 3372 2593 3419 ostensus
2628 3372 2711 3419 est
2758 3364 2813 3418 in
2864 3365 2966 3419 alia
3010 3366 3207 3438 efﬁgie.
3256 3369 3325 3425 Et
3354 3371 3460 3427 illis
3500 3389 3595 3429 an-

2004 3456 2378 3511 nuntiantibus
2431 3471 2537 3511 non
2570 3464 2654 3510 est
2681 3456 2943 3511 creditum
2980 3474 2992 3510 :
3041 3458 3167 3514 dum
3199 3462 3339 3516 sicut
3382 3465 3595 3536 Moyses

2003 3545 2289 3613 viderunt,
2336 3548 2479 3616 quod
2531 3562 2635 3601 non
2685 3547 2988 3603 sufﬁciebat
3030 3550 3133 3606 eis.
3186 3552 3338 3610 Unde
3383 3556 3596 3629 Moyses

2006 3637 2136 3692 dicit
2183 3655 2196 3691 :
2260 3636 2498 3693 Ostende
2551 3638 2683 3693 mihi
2749 3641 3113 3711 temetipsum.
3169 3642 3378 3701 Oblitus
3418 3650 3597 3705 carnis

2006 3744 2139 3795 sum,
2174 3729 2409 3799 postulat
2438 3730 2491 3785 in
2525 3731 2630 3786 vita
2658 3730 2760 3786 ista
2783 3732 2926 3804 quod
2954 3745 3077 3805 post
3122 3736 3271 3794 illam
3314 3754 3598 3811 speramus

2008 3820 2061 3875 in
2089 3820 2287 3875 futura.

2079 3910 2373 3967 Novissime
2418 3921 2591 3969 autem
2640 3916 3047 3972 recumbentibus
3082 3919 3191 3976 illis
3232 3923 3471 3978 undecim
3505 3943 3601 3997 ap-

2008 4008 2213 4077 paruit,
2238 4017 2286 4061 et
2316 4009 2640 4078 exprobravit
2669 4011 3079 4067 incredulitatem
3109 4015 3317 4069 illorum
3357 4027 3402 4070 et
3452 4019 3601 4073 duri-

2009 4102 2133 4155 tiam
2163 4103 2333 4156 cordis
2360 4118 2379 4156 :
2409 4103 2532 4173 quia
2560 4103 2660 4169 Itis,
2692 4104 2777 4175 qui
2805 4106 3037 4161 viderant
3067 4125 3184 4161 eum
3230 4111 3595 4181 resurrexisse,

2007 4211 2111 4249 non
2138 4196 2487 4251 crediderunt.
2516 4195 2591 4253 Ut
2619 4212 2812 4255 omnes
2850 4209 3017 4256 testes
3054 4211 3374 4257 enarrareut
3417 4207 3592 4261 omnis

2007 4288 2126 4355 bus,
2144 4288 2288 4359 quod
2307 4293 2671 4347 communiter
2694 4292 2943 4348 viderunt
2969 4302 3022 4349 et
3052 4293 3364 4349 audierunt.
3387 4294 3594 4365 Expro-

2010 4378 2129 4433 brat
2144 4380 2601 4446 incredulitatem,
2624 4383 2947 4437 utsuccedat
2966 4383 3282 4439 credulitas:
3299 4385 3599 4454 exprobrat

309 4489 472 4544 quem
496 4474 867 4546 quaesierunt?
888 4472 1071 4529 Jesum
1093 4473 1335 4543 quaeritis
1356 4471 1714 4528 Nazarenum.
1730 4472 1898 4527 Radix
1928 4462 1979 4523 Β
2006 4471 2258 4527 duritiam
2283 4472 2462 4528 cordis
2486 4473 2706 4543 lapidei,
2727 4482 2784 4527 ut
2805 4476 3057 4531 succedat
3081 4490 3177 4529 cor
3192 4490 3446 4531 carneum
3470 4478 3600 4533 eba-

309 4568 454 4622 enim
486 4582 672 4622 amara
705 4566 886 4624 crucis
915 4566 1132 4621 evanuit
1157 4582 1171 4620 :
1198 4564 1301 4620 ﬂos
1322 4565 1468 4620 enim
1490 4566 1614 4620 vitae
1636 4581 1759 4621 cum
1790 4564 1902 4619 fru-

310 4659 489 4715 ctibus
520 4659 720 4729 erupit,
749 4658 805 4714 id
832 4667 935 4723 est,
967 4659 1057 4728 qui
1083 4657 1253 4726 jacuit
1283 4656 1338 4711 in
1367 4666 1562 4723 morte,
1591 4658 1827 4712 surrexit
1848 4656 1901 4713 in

310 4752 504 4820 gloria.
542 4751 683 4807 Ecce
714 4751 889 4807 locus.
921 4748 1240 4805 Ostenditur
1278 4748 1577 4804 mortalitas
1623 4750 1903 4803 immorta-

311 4844 453 4899 libus
482 4843 553 4899 ad
585 4844 882 4914 gratiarum
913 4841 1182 4897 actionem
1209 4839 1388 4895 debita
1415 4857 1427 4893 :
1461 4847 1519 4893 ut
1543 4839 1905 4908 intelligamus

314 4934 439 5005 quid
469 4934 733 4990 fuerimus
754 4976 770 5000 ,
806 4941 864 4990 et
885 4932 1122 4989 sciamus
1142 4973 1156 4997 ,
1184 4931 1312 5002 quid
1346 4930 1513 4985 futuri
1537 4930 1760 4986 erimus.
1795 4931 1903 4988 Sed

314 5030 385 5084 ite
410 5073 424 5098 ,
464 5029 654 5084 dicite.
694 5026 1010 5084 Muiieribus
1051 5024 1248 5080 dicitur
1272 5064 1288 5090 ,
1331 5033 1388 5077 ut
1418 5024 1733 5079 annuntient
1780 5038 1907 5094 apo-

312 5120 466 5175 stolis
496 5138 510 5175 :
555 5120 679 5190 quia
704 5134 800 5191 per
829 5118 1111 5174 mulierem
1149 5129 1296 5171 mors
1323 5114 1640 5169 annuntiata
1666 5123 1781 5181 est,
1810 5130 1907 5185 per

316 5212 576 5269 nnrlieres
606 5212 715 5267 vita
747 5224 1061 5281 resurgens.
1092 5208 1163 5265 Et
1192 5208 1375 5263 Petro.
1401 5206 1504 5276 Qui
1535 5221 1595 5263 se
1625 5208 1903 5279 indignum

308 5302 519 5372 judicat
537 5303 886 5375 discipulatu,
916 5302 1044 5358 dum
1070 5311 1152 5357 ter
1172 5299 1391 5371 negavit
1412 5298 1746 5370 magistrum.
1773 5300 1906 5358 Pec-

316 5408 434 5453 cata
466 5396 746 5469 praterita
780 5412 885 5452 non
920 5406 1138 5461 nocent,
1171 5393 1389 5466 quando
1419 5409 1529 5450 non
1561 5396 1795 5465 placent.

387 5493 523 5558 Quia
550 5490 803 5563 praecedet
828 5506 915 5544 vos
952 5491 1003 5543 in
1034 5486 1309 5543 Galilteam
1339 5505 1357 5542 :
1389 5488 1457 5542 ibi
1494 5505 1612 5542 eum
1650 5488 1904 5554 videbitis,

314 5582 443 5636 sicut
474 5582 611 5636 dixit
641 5580 797 5634 vobis.
821 5580 885 5633 At
916 5580 1022 5635 illa:
1050 5589 1319 5648 exeuntes,
1359 5580 1602 5651 fugerunt
1631 5580 1695 5634 de
1717 5596 1904 5634 monu-

314 5683 504 5732 mento.
534 5670 811 5731 Invaserat
849 5671 985 5729 enim
1030 5687 1114 5728 eas
1158 5672 1309 5728 timor
1349 5678 1396 5727 et
1437 5686 1617 5747 pavor,
1642 5680 1688 5728 et
1714 5671 1907 5727 nemini

2008 4566 2167 4623 ritate
2181 4568 2423 4637 plenum.
2444 4567 2577 4621 llinc
2606 4574 2710 4630 est,
2725 4566 2870 4636 quod
2895 4574 3188 4637 martyrum
3200 4579 3433 4624 catervae
3450 4586 3595 4626 moro

2007 4668 2116 4713 tem
2161 4658 2319 4726 hujus
2362 4656 2547 4711 saeculi
2595 4656 2825 4712 libenter
2852 4656 3140 4711 affectant:
3180 4657 3305 4729 quia
3336 4671 3602 4719 noverunt

2009 4765 2109 4820 pro
2130 4750 2231 4804 isto
2260 4748 2542 4818 temporali
2570 4749 2788 4804 interitu
2820 4760 3077 4819 perpetuo
3103 4764 3162 4806 se
3187 4766 3307 4807 esse
3336 4753 3597 4812 victuros.

2083 4841 2150 4894 Et
2182 4842 2313 4895 dixit
2358 4842 2429 4894 eis
2453 4856 2472 4894 :
2496 4838 2694 4894 Euntes
2720 4841 2773 4894 in
2810 4842 3059 4895 mundum
3086 4842 3381 4899 universum
3405 4848 3600 4918 praedi-

2010 4942 2121 4985 cate
2170 4929 2513 5001 Evangelium
2558 4934 2695 4985 onmi
2723 4944 2993 4989 creaturte.
3018 4932 3174 4989 Nunc
3202 4938 3433 5006 primum
3480 4949 3601 5009 post

2011 5030 2287 5090 acceptum
2337 5022 2609 5092 spiritum,
2658 5038 2723 5078 ac
2774 5026 2819 5078 si
2870 5040 2997 5080 vasa
3046 5026 3241 5085 limosa
3287 5045 3385 5101 per
3412 5030 3593 5102 ignem

2009 5113 2323 5169 conﬁrmata
2353 5132 2365 5167 :
2396 5116 2543 5169 omni
2575 5124 2863 5184 creaturae,
2896 5116 2947 5171 id
2975 5127 3075 5187 est,
3106 5123 3253 5177 omni
3279 5123 3467 5193 generi
3501 5124 3600 5178 Ιιιι-

2008 5218 2188 5269 mano,
2223 5205 2365 5274 quod
2413 5206 2465 5259 in
2510 5221 2569 5261 se
2605 5222 2897 5264 commune
2927 5210 3128 5283 aliquid
3162 5214 3322 5267 habet
3354 5214 3422 5268 ab
3448 5216 3595 5270 omni

2005 5305 2275 5363 creatura,
2306 5296 2548 5366 jubetu‘r,
2580 5297 2633 5352 id
2660 5306 2764 5365 est,
2797 5301 3024 5371 angelis,
3062 5304 3371 5373 pecoribus,
3400 5303 3583 5374 lignis,

2008 5389 2298 5459 lapidibus,
2325 5391 2434 5459 igni
2464 5398 2520 5445 et
2547 5405 2706 5461 aqua,
2741 5394 2917 5450 calido
2944 5406 2997 5451 et
3039 5396 3252 5467 frigido,
3292 5398 3513 5453 humido
3545 5411 3599 5457 et

2010 5480 2203 5535 arido:
2236 5480 2358 5551 quia
2398 5481 2630 5537 mundus
2668 5484 2846 5538 minor
2875 5485 3039 5541 homo
3070 5489 3288 5544 dicitur.
3331 5489 3596 5548 Dominus

2010 5575 2198 5645 utique
2227 5575 2407 5643 Jesus,
2438 5577 2529 5645 qui
2556 5575 2623 5632 de
2665 5576 2805 5632 caelo
2834 5578 3117 5636 descendit
3160 5582 3227 5637 ad
3258 5582 3593 5642 liberandam

2011 5670 2341 5732 inﬁrmitatis
2370 5681 2571 5732 nostra:
2600 5679 2893 5735 naturam:
2924 5676 3040 5753 ipse
3077 5678 3240 5739 etiam
3280 5694 3443 5758 super
3482 5696 3590 5744 coe-
