4030 6202
430 176 536 233 645

1466 170 1526 227 S.
1571 167 1955 229 HIERONYMI
1994 167 2279 224 OPERUM
2318 164 2695 225 MANTISSA.

3665 163 3792 223 6M

428 290 607 344 lorum
635 286 805 343 caelos
828 283 1095 347 ascendit,
1126 281 1216 353 qui
1239 279 1390 336 sedet
1420 279 1488 333 ad
1520 279 1798 333 dexteram
1823 278 2017 335 Patris.
2048 285 2103 341 Α
2201 276 2303 345 Qui
2329 277 2627 343 crediderit,
2654 286 2701 331 et
2733 278 3021 347 baptizatus
3051 278 3231 350 fuerit,
3278 282 3458 337 salvus
3486 282 3598 337 erit
3629 296 3655 333 :
3684 278 3792 350 qui

431 380 897 439 Considerandum
926 385 1009 432 est
1035 384 1212 429 autem
1231 412 1248 440 ,
1282 371 1423 441 quod
1451 372 1766 440 frequenter
1799 371 1852 424 in
1880 370 2027 425 Scri-

435 476 611 546 pturis
641 474 838 527 divinis
866 468 1058 538 plurali
1088 480 1315 521 numero
1346 464 1514 519 etelos
1545 463 1719 518 dictos
1751 461 2022 529 invenies,

437 569 562 621 dum
594 566 790 635 legitur
818 579 831 613 :
865 560 918 615 In
948 559 1215 629 principio
1247 556 1373 612 fecit
1410 556 1553 610 Deus
1581 556 1778 609 cmlum
1820 564 1873 608 et
1916 564 2023 609 ler-

438 672 571 721 ram,
623 669 746 708 cum
797 662 975 707 tamen
1009 650 1294 719 pluraliter
1342 648 1468 702 dicti
1501 648 1625 703 (‘(B|i
1679 647 1926 715 legantur
1973 654 2027 700 et

443 760 618 803 terra.
668 745 858 799 Modus
899 743 1045 798 enim
1078 743 1179 797 iste
1222 742 1513 797 locutionis
1558 740 1717 793 latius
1748 747 1913 807 patet,
1969 746 2027 792 ut

439 839 658 893 abusive
685 834 975 906 singularia
1010 834 1204 903 plurali
1238 848 1466 888 numero
1496 832 1768 897 dicamus,
1818 841 1871 885 et
1903 829 2021 899 piu-

441 929 569 983 ralia
620 927 900 997 singulari.
937 926 1019 980 Ad
1048 926 1322 980 Orientem
1368 940 1520 991 vero,
1568 923 1712 994 quod
1744 922 2025 992 psalmista

439 1020 567 1075 dicit
599 1039 613 1073 :
643 1018 1009 1089 Evangelista:
1038 1028 1219 1072 Iacent
1247 1035 1259 1070 :
1294 1016 1685 1088 Jerosolymam
1733 1013 2027 1084 significat,

439 1130 559 1187 qua:
590 1122 675 1168 est
706 1113 758 1166 in
790 1111 1029 1167 Orientis
1061 1111 1309 1180 partibus
1339 1110 1625 1164 collocata.
1663 1107 1816 1163 Unde
1850 1105 2031 1161 Domi-

439 1221 557 1271 nus,
584 1203 849 1273 apostolis
876 1202 1209 1271 videntibus,
1242 1202 1487 1257 ascendit
1528 1200 1594 1254 ad
1637 1199 1831 1254 caelos.
1862 1197 2030 1252 Terra

440 1298 621 1354 multis
650 1297 805 1366 plena
847 1295 1153 1361 miraculis,
1189 1294 1278 1351 ubi
1321 1294 1563 1351 ﬁdelium
1593 1293 1886 1349 credulitas
1911 1291 2030 1362 plus

440 1392 669 1454 actibus,
700 1404 862 1460 quam
895 1389 1220 1446 lectionibus
1248 1387 1517 1444 eruditur.

2129 388 2245 427 vero
2277 387 2379 424 non
2403 371 2701 439 crediderit,
2734 374 3181 430 condemnabitur.
3224 374 3395 446 Signa
3424 386 3616 430 autem
3653 389 3784 440 eos,

2127 466 2218 535 qui
2246 462 2579 529 crediderint,
2614 463 2723 517 lure
2746 474 3047 534 sequentur.
3077 463 3144 518 In
3176 468 3387 521 nomine
3408 485 3525 522 meo
3550 466 3787 520 dento-

2129 558 2217 609 nia
2243 556 2471 627 ejicient,
2504 556 2698 625 linguis
2726 556 3001 622 loquentur
3043 558 3207 625 novis,
3237 570 3501 627 serpentes
3533 556 3783 611 tollent.

2129 645 2196 699 Et
2224 647 2266 697 si
2296 646 2617 713 mortiferum
2640 646 2765 715 quid
2797 646 3035 713 biberint,
3066 664 3169 702 non
3199 651 3270 703 eis
3311 650 3540 703 nocebit.
3577 649 3789 714 Super

2130 753 2292 809 (egros
2321 755 2511 793 manus
2542 738 2828 809 imponent,
2852 749 2900 793 et
2925 740 3050 795 bene
3077 741 3354 798 trahebant.
3386 741 3452 795 Et
3480 741 3781 796 Dominus

2130 832 2337 902 quidem
2365 829 2515 887 Iesus
2563 842 2834 903 postquam
2861 834 3065 888 locutus
3090 844 3166 888 est
3206 836 3299 900 eis,
3343 846 3670 905 assumptus
3696 844 3784 887 est

2130 925 2185 979 in
2228 925 2430 989 (telum,
2453 937 2503 980 et
2533 926 2671 981 sedet
2718 941 2749 979 a
2800 927 2996 982 dextris
3040 926 3159 983 Dei.
3201 927 3295 983 Illi
3323 938 3498 986 autem
3524 926 3785 1000 profecti

2131 1019 2545 1090 prwdicaeerunt
2584 1019 2791 1088 ubique,
2839 1019 3062 1081 Domino
3107 1034 3434 1095 cooperante,
3466 1036 3511 1079 et
3541 1040 3778 1079 sermo-

2134 1128 2253 1166 nem
2313 1113 2653 1181 conﬁrmante
2718 1115 3045 1182 sequentibus
3110 1117 3295 1190 signis.
3351 1118 3778 1179 Ducentesimo

2139 1203 2417 1259 tricesimo
2447 1205 2636 1272 quinto
2668 1206 2909 1275 capitulo
2939 1207 3150 1263 Marcus
3180 1210 3331 1281 signa
3362 1212 3731 1267 credentium
3752 1251 3770 1278 ,

2138 1310 2260 1351 cum
2294 1297 2550 1355 Matthaeo
2580 1308 2635 1355 et
2662 1298 2813 1356 Luca
2844 1302 3209 1372 concordans,
3240 1316 3479 1365 enarrat.

435 1503 3737 1533 ___________________________.____.___________________________

1783 1626 2393 1721 PREFATIO

730 1782 913 1845 Falso
945 1778 1225 1858 ascripta
1257 1775 1430 1837 beato
1463 1771 1854 1849 Hieronymo
1894 1768 2257 1847 presbytero
2290 1773 2358 1832 in
2388 1772 2809 1852 Evangelium
2835 1773 3171 1836 secundum
3198 1774 3453 1840 Lucam.

511 2035 707 2093 Lucas.
737 2031 909 2103 Syrus
936 2027 1158 2084 natione
1188 2020 1596 2090 Antiochensis,
1626 2028 1742 2101 arte
1772 2018 2036 2086 medicus,
2071 2020 2118 2079 B
2147 2023 2377 2078 rationis
2406 2022 2457 2077 in
2490 2023 2705 2079 Christo
2745 2026 3003 2097 impletre,
3049 2028 3362 2098 repetenda:
3406 2044 3433 2093 a
3470 2029 3756 2101 principio

439 2122 740 2191 discipulus
770 2119 1165 2189 apostolorum,
1213 2124 1402 2186 postea
1430 2113 1657 2169 Paulum
1700 2120 1919 2166 secutus
1948 2125 2035 2163 us-

438 2232 541 2286 que
572 2214 640 2269 ad
672 2212 1201 2268 consummationem
1232 2208 1371 2277 ejus,
1397 2206 1641 2260 serviens
1662 2203 1893 2257 Domino
1918 2202 2037 2255 sine

436 2307 686 2363 crimine.
718 2304 853 2359 Nam
877 2317 1053 2373 neque
1075 2315 1303 2355 uxorem
1330 2310 1584 2367 umquam
1609 2293 1840 2357 habens,
1862 2305 2035 2360 neque

439 2400 621 2455 ﬁlios:
648 2396 989 2467 septuaginta
1023 2402 1079 2448 et
1107 2400 1345 2464 quatuor
1375 2402 1638 2443 annorum
1675 2384 1812 2439 obiit
1854 2385 1906 2436 in
1946 2382 2037 2436 Bi-

442 2490 624 2561 thynia
654 2488 855 2557 plenus
880 2485 1086 2557 Spiritu
1116 2490 1329 2538 sancto.
1373 2478 1475 2547 Qui
1516 2492 1636 2532 cum
1672 2476 1784 2545 jam
1828 2473 2029 2544 scripta

437 2594 621 2641 essent
646 2582 938 2653 Evangelia
970 2598 983 2633 :
1012 2594 1107 2648 per
1130 2575 1441 2633 Matthaeum
1470 2571 1689 2643 quidem
1720 2570 1773 2623 in
1804 2567 1987 2622 Judzea
2015 2583 2028 2619 :

434 2695 531 2749 per
555 2678 794 2733 Marcum
827 2682 1007 2729 autem
1039 2672 1092 2726 in
1135 2670 1289 2725 Italia
1320 2686 1334 2721 :
1367 2676 1561 2722 sancto
1595 2662 1886 2732 instigante
1912 2660 2033 2730 Spi-

437 2773 565 2835 ritu,
596 2770 648 2825 in
680 2768 898 2825 Achaiae
942 2766 1192 2839 partibus
1236 2764 1339 2817 hoc
1369 2759 1588 2829 scripsit
1629 2756 1981 2824 Evangelium
2013 2770 2026 2807 :

434 2861 743 2933 signiﬁcans
792 2859 955 2913 etiam
997 2858 1114 2928 ipse
1146 2854 1199 2909 iu
1250 2850 1539 2924 principio,
1585 2858 1711 2903 ante
1743 2861 1897 2900 suum
1926 2844 2029 2899 alia

434 2968 555 3008 esse
582 2951 877 3021 descripta.
922 2948 1020 3003 Cui
1064 2954 1217 3003 extra
1270 2960 1331 3000 ea
1377 2958 1496 3013 quze
1526 2940 1659 2995 ordo
1690 2936 2029 3005 Evangelicze

435 3043 810 3114 dispositionis
841 3040 1111 3112 exposcit,
1147 3054 1207 3093 ea
1240 3036 1474 3091 maxime
1500 3031 1795 3088 necessitas
1824 3028 2027 3084 laboris

436 3137 558 3202 fuit,
589 3143 646 3189 ut
675 3135 909 3205 primum
934 3130 1145 3186 Graecis
1168 3127 1421 3183 ﬁdelibus
1445 3125 1589 3179 omni
1618 3120 2028 3193 proplielalione

434 3230 648 3285 venturi
702 3227 756 3282 in
788 3240 1008 3280 carnem
1042 3221 1133 3277 Dei
1160 3219 1365 3277 Christi
1398 3216 1744 3273 manifestata
1776 3214 2029 3270 humani-

436 3330 568 3387 tate,
601 3337 669 3375 ne
716 3318 955 3375 Judaicis
989 3315 1182 3370 fabulis
1213 3312 1404 3368 attenti
1457 3311 1510 3365 in
1543 3311 1659 3364 solo
1710 3308 1846 3378 legis
1882 3307 2027 3362 desi-

2148 2113 2443 2169 nativitalis
2485 2115 2759 2182 humanm,
2801 2128 3042 2187 potestas
3086 2122 3353 2192 permissa
3396 2130 3478 2177 est
3519 2140 3533 2177 :
3569 2132 3628 2177 ut
3655 2138 3755 2179 re-

2143 2206 2494 2275 quirentibus
2541 2209 2981 2280 demonstraret,
3049 2213 3101 2267 in
3158 2228 3267 2283 quo
3322 2214 3751 2285 apprehendens

2144 2306 2258 2353 erat
2304 2313 2401 2368 per
2428 2300 2638 2355 Nathan
2692 2302 2860 2357 ﬁlium
2894 2303 3060 2358 David
3107 2304 3357 2371 introitu,
3390 2308 3737 2363 recurrentis

2143 2388 2196 2443 in
2232 2388 2397 2443 Deum
2440 2394 2811 2461 generationis
2863 2395 3125 2463 admisso,
3182 2398 3558 2467 inseparabilis
3602 2397 3729 2463 Dei,

2138 2489 2199 2534 ut
2253 2482 2554 2551 prtedicans
2606 2486 2654 2538 in
2701 2487 2957 2543 omnibus
2993 2486 3267 2543 Christum
3307 2505 3467 2546 suum
3508 2491 3739 2561 perfecti

2135 2586 2270 2642 Opus
2321 2572 2552 2630 hominis
2600 2575 2780 2633 redire
2813 2578 2864 2633 in
2908 2595 2970 2636 se
2999 2596 3095 2650 per
3137 2581 3307 2638 ﬁlium
3356 2582 3563 2640 faceret
3597 2601 3611 2638 :
3642 2584 3741 2656 qui

2132 2678 2231 2735 per
2288 2666 2452 2720 David
2510 2677 2718 2738 patrem
2780 2671 3126 2728 venientibus
3180 2675 3280 2729 iter
3340 2675 3616 2745 prmbebat
3665 2676 3738 2749 ic_

2132 2752 2371 2811 Christo.
2424 2756 2519 2812 Cui
2574 2760 2707 2814 lucae
2746 2778 2855 2816 non
2906 2762 3177 2819 immerito
3206 2766 3370 2821 etiam
3413 2766 3737 2822 scribendo-

2132 2864 2252 2903 rum
2317 2849 2547 2907 Actuum
2600 2854 2975 2922 apostolorum
3033 2866 3271 2926 potestas
3324 2858 3378 2912 in
3431 2859 3739 2914 ministerio

2132 2940 2418 2996 datur:ut
2448 2942 2559 2998 Deo
2609 2944 2661 2998 in
2694 2944 2864 3001 Deum
2906 2949 3094 3017 pleno,
3143 2956 3199 3004 et
3249 2948 3363 3003 ﬁlio
3414 2950 3739 3019 perditionis

2132 3032 2401 3088 exstincto
2433 3051 2447 3088 :
2477 3036 2729 3092 oratione
2774 3038 2845 3093 ab
2881 3038 3016 3108 ipsis
3068 3040 3330 3110 apostolis
3371 3039 3536 3104 facta,
3588 3050 3735 3097 sorte

2132 3126 2345 3182 Domini
2404 3127 2689 3185 electionis
2763 3146 3021 3187 numerus
3080 3135 3470 3205 compleretur.
3536 3133 3735 3204 Sicque

2131 3221 2331 3277 Paulus
2362 3224 2891 3281 consummationem
2921 3225 3238 3296 apostolicis
3288 3225 3503 3281 actibus
3532 3225 3685 3282 daret
3716 3243 3731 3280 :

2132 3314 2385 3383 quamdiu
2435 3323 2627 3370 contra
2674 3315 2950 3371 stimulum
2996 3318 3428 3374 recalcitrantem
3475 3320 3734 3375 Dominus

435 3415 590 3470 derio
619 3423 959 3477 tenerentur,
992 3410 1077 3464 vel
1112 3423 1180 3463 ne
1212 3406 1483 3461 haereticis
1511 3402 1730 3469 fabulis,
1773 3412 1827 3457 et
1849 3401 2025 3456 stultis
2053 3399 2097 3460 C
2133 3403 2413 3474 elegisset.
2484 3406 2640 3474 Quod
2701 3416 2757 3463 et
2824 3408 3129 3480 legentibus
3197 3425 3261 3465 ac
3324 3411 3736 3483 requirentibus

436 3506 907 3564 sollicitationibus
935 3504 1147 3561 seducti
1174 3500 1493 3557 exciderent
1515 3514 1541 3550 a
1568 3498 1818 3563 veritate,
1845 3493 2027 3550 elabo-

435 3609 601 3656 raret.
630 3600 839 3655 Dehinc
867 3608 921 3652 ut
954 3599 1006 3653 in
1053 3597 1321 3666 principio
1350 3591 1630 3663 Evangelii
1665 3590 1895 3647 Joannis
1928 3604 2024 3643 ua-

439 3692 648 3747 tivitate
697 3698 1026 3758 przesumpta
1059 3707 1071 3742 :
1102 3690 1188 3743 eui
1234 3686 1587 3756 Evangelium
1638 3685 1924 3748 scriberet,
1972 3692 2029 3738 et

437 3784 491 3836 in
515 3797 622 3850 quo
654 3778 863 3833 electus
888 3778 1178 3841 scriberet,
1211 3771 1473 3831 indicaret
1502 3795 1513 3828 :
1546 3784 1860 3830 contestans
1892 3774 1945 3829 in
1968 3790 2027 3829 se

435 3871 706 3941 completa
744 3884 885 3937 esse,
938 3884 1057 3937 qua:
1108 3878 1290 3923 essent
1320 3867 1389 3922 ab
1436 3866 1558 3921 aliis
1600 3868 1872 3922 inchoata.
1926 3866 2025 3921 Cui

436 3962 558 4018 ideo
588 3971 709 4033 post
734 3944 1066 4033 baptismum
1098 3959 1221 4015 Filii
1268 3960 1382 4026 Dei,
1430 3975 1459 4014 a
1497 3959 1832 4030 perfectione
1857 3974 2026 4031 gene-

2138 3497 2307 3551 Deum
2340 3514 2353 3549 :
2386 3503 2443 3551 et
2468 3497 2513 3552 si
2544 3514 2640 3567 per
2672 3498 2881 3569 singula
2913 3500 3161 3571 expediri
3193 3517 3220 3555 a
3253 3502 3412 3557 nobis
3441 3502 3572 3558 utile
3614 3502 3732 3557 fue—

2136 3594 2256 3655 rat;
2286 3588 2468 3644 sciens
2498 3598 2702 3657 tamen,
2736 3590 2881 3661 quod
2911 3603 3231 3663 operantem
3259 3594 3550 3663 agricolam
3575 3609 3734 3664 opor-

2135 3686 2244 3734 teat
2268 3678 2501 3750 primum
2530 3678 2597 3735 de
2639 3672 2902 3737 fruetibus
2931 3686 3045 3738 suis
3078 3685 3271 3755 edere,
3311 3685 3608 3741 vitavimus
3637 3702 3735 3756 pu-

2133 3771 2331 3827 blicam
2376 3774 2747 3830 curiositatem
2783 3791 2797 3830 :
2828 3791 2896 3832 ne
2927 3792 3034 3833 non
3068 3786 3176 3833 tam
3216 3778 3522 3835 volentibus
3565 3780 3731 3835 Deum

2133 3863 2542 3923 demonstrasse
2574 3868 2913 3941 videremur,
2959 3886 3118 3941 quam
3162 3871 3568 3929 fastidientibus
3607 3888 3733 3944 pro-

2133 3958 2359 4016 didisse.

615 4217 1297 4307 ADMONITIO
1371 4219 1492 4303 IN
1569 4216 2483 4327 SUBSEQUENTES
2563 4186 3552 4306 COMMENTARIUS;

507 4452 677 4508 Nemo
701 4458 771 4506 est
795 4449 1083 4525 hominum,
1108 4448 1201 4525 qui
1228 4446 1418 4501 eruditi
1445 4446 1685 4525 audiunt,
1714 4446 2128 4525 cui-subsequens
2146 4446 2553 4525 Cortimentarius
2585 4449 2710 4503 liber
2744 4451 2798 4504 in
2821 4450 3103 4525 stttgPauli
3127 4451 3411 4525 Epistolas,
3453 4452 3515 4508 S.
3540 4451 3723 4506 Hiero-

436 4542 589 4598 nymo
619 4539 885 4598 perperam
915 4522 1036 4598 olim
1059 4516 1352 4598 attributas,
1382 4534 1482 4598 non
1504 4516 1747 4598 _videt_t.lur
1774 4516 1863 4569 ille
1894 4516 2048 4598 idem,
2073 4519 2305 4598 quem
2331 4520 2652 4598 Augustinus
2675 4536 2787 4598 eum
2812 4523 2957 4598 alibi,
2992 4534 3098 4598 tum
3129 4516 3218 4598 lib.
3243 4540 3300 4579 tu
3324 4526 3385 4577 de
3400 4516 3725 4596 peccatorum

436 4585 630 4650 nieritis
671 4585 723 4648 et
740 4593 1033 4646 remissione
1064 4606 1181 4665 gap.
1217 4590 1268 4665 l,
1298 4596 1344 4665 et
1374 4585 1576 4665 Marius
1622 4585 1877 4639 Mercator
1905 4588 1957 4641 in
1996 4585 2539 4665 Commonitorio'non
2582 4591 2773 4656 semel,
2809 4585 3149 4648 Cassiodorus
3182 4597 3301 4648 item
3324 4637 3339 4659 ,
3377 4585 3527 4665 atque
3554 4603 3725 4647 auctor

436 4666 799 4721 Prtedestinati
821 4666 981 4735 fuisse
1000 4681 1030 4715 a
1060 4660 1272 4737 Pelagio
1292 4659 1654 4737 elucubratum
1686 4666 1957 4737 testantur.
1989 4659 2202 4737 [itaque
2229 4662 2304 4729 (id
2325 4664 2469 4737 quod
2501 4670 2700 4737 tantum
2728 4680 2830 4717 non
2864 4664 3071 4718 evidens
3102 4667 3153 4718 in
3181 4682 3291 4719 eam
3319 4683 3425 4719 rem
3443 4659 3727 4737 argumen-

436 4747 539 4792 tum
565 4740 667 4809 est)
692 4729 831 4800 loca,
849 4750 963 4809 qua:
990 4748 1053 4787 ex
1078 4731 1172 4809 illo
1193 4729 1409 4799 Pelagii
1440 4744 1620 4799 opere,
1649 4738 1823 4809 utpote
1848 4729 2077 4809 htzretici
2107 4729 2361 4809 dogmatis
2386 4748 2580 4787 veneno
2612 4734 2828 4809 infecta,
2860 4738 3077 4809 recitent
3115 4736 3196 4791 illi
3219 4747 3372 4809 atque
3397 4729 3723 4808 impugnant,

437 4801 660 4863 totidem'
676 4814 781 4880 fere
808 4801 996 4880 iuliae
1015 4802 1507 4880 rerbis-oecuriunt,
1532 4810 1683 4880 atque
1713 4801 1804 4855 illa
1838 4817 1953 4855 eum
1976 4801 2188 4880 primis,
2206 4820 2318 4880 qua:
2339 4820 2406 4880 etc
2424 4822 2559 4880 cap._
2574 4801 2967 4880 v_Epistolte_ad
2998 4806 3262 4861 Romanos
3285 4801 3567 4877 desumpta'
3582 4816 3717 4869 sunt,

437 4891 482 4932 et
505 4881 566 4932 ab
595 4872 851 4949 impressa
879 4877 1119 4949 lectione,
1154 4872 1239 4927 via:
1267 4881 1517 4949 quantum
1560 4872 1755 4925 tribuas
1789 4872 2495 4949 amanuensiumLlicentite,
2527 4872 2803 4949 differunt.
2854 4875 2935 4931 Ea
2978 4893 3070 4949 nos
3107 4880 3313 4947 singula
3348 4880 3418 4930 ibi
3454 4872 3723 4948 diligenter

434 4937 869 5017 comparavimus,
902 4962 1018 5019 qua?
1042 4937 1140 5019 huc
1171 4937 1405 5019 conferre
1434 4942 1645 5019 longum
1669 4952 1798 5019 erat.
1836 4942 2173 5019 _Veragitaque_
2194 4946 2289 5019 illa
2312 4937 2567 5000 sententia
2585 4937 2685 5013 est,
2710 4948 2963 5019 adeovnon
2993 4948 3176 5019 habere
3193 4937 3363 5001 libros
3386 4950 3510 5001 istos
3539 4937 3720 5001 ducto-

433 5015 973 5089 rem—Hieronymum,
1008 5026 1063 5071 ut
1092 5018 1193 5089 sint
1221 5018 1377 5068 immo
1396 5021 1561 5089 certis
1592 5015 1801 5068 indiciis
1824 5015 1956 5082 fetus
1979 5016 2317 5083 infensissimi
2357 5021 2492 5085 eius,
2536 5018 2899 5089 etAcatltolica’
2930 5018 3051 5087 ﬁdei
3082 5019 3267 5073 hostis.
3305 5020 3412 5074 Sed
3445 5030 3517 5072 est
3555 5030 3719 5071 tamen

433 5091 703 5146 assertioni
729 5087 907 5143 modus
934 5088 1275 5161 adhibendus,
1307 5103 1370 5140 ne
1390 5087 1511 5161 inde
1537 5088 1840 5161 conclusum
1867 5103 1975 5161 eas,
2009 5089 2147 5157 quod
2169 5105 2355 5155 purum
2384 5098 2564 5159 putum
2589 5087 2863 5160 Pelagium
2900 5098 3168 5144 contextus
3200 5090 3407 5161 referat.
3442 5089 3574 5143 Cum
3598 5088 3721 5141 olim

436 5163 581 5217 bonte
603 5162 787 5233 frugis,
821 5178 908 5233 nec
933 5159 1119 5233 passim
1147 5158 1385 5233 indoctus
1416 5156 1826 5233 Commentarius
1849 5156 2131 5233 videretur,
2156 5175 2216 5211 ea
2241 5176 2353 5233 (βιῳ
2377 5156 2482 5233 prte
2503 5162 2699 5213 caeteris
2725 5156 2959 5215 ltwresim
2982 5156 3337 5228 insinuabant,
3369 5177 3547 5214 cavere
3570 5161 3724 5212 lecto-

432 5236 574 5288 ribus
603 5227 833 5303 religiosi
859 5230 1095 5303 homines
1120 5231 1426 5303 studtterun-t
1456 5244 1472 5279 :
1505 5238 1552 5282 et
1575 5227 1832 5282 nonnulla
1861 5228 2157 5303 sanioribus
2195 5230 2361 5283 verbis
2379 5227 2796 5303 interpolarunt,
2822 5233 2926 5285 alia
2948 5232 3148 5303 penitus
3173 5233 3522 5286 exsciderunt.
3558 5230 3724 5300 Argu-

432 5315 603 5358 menta
634 5297 742 5357 haec
770 5304 895 5369 sint,
927 5316 1042 5371 qua:
1062 5297 1644 5371 descripsitbtercator,
1670 5316 1807 5353 nunc
1831 5314 1949 5353 vero
1974 5300 2333 5353 desiderantur
2364 5317 2381 5354 :
2413 5300 2473 5352 Hi
2501 5297 2707 5364 autem,
2734 5304 2921 5371 inquit,
2948 5297 3045 5369 'qui
3068 5312 3252 5357 contra
3285 5305 3565 5356 traducem
3599 5297 3722 5370 pec-

431 5379 537 5430 cati
568 5375 828 5442 scntiunt,
857 5369 1016 5427 aliter
1046 5386 1167 5439 eos,
1199 5370 1289 5439 qui
1317 5369 1615 5442 defendunt
1637 5372 1935 5442 traducem,
1966 5372 2283 5442 impugnare
2311 5377 2599 5442 conantur.
2636 5372 2691 5426 Si
2726 5369 3026 5438 peecatutn,
3051 5372 3234 5441 inquit,
3262 5374 3393 5427 Αιιω
3422 5369 3721 5427 ειὶειιιιιιοιι

434 5446 782 5515 pert-antibus
812 5439 1017 5505 nocuit,
1054 5458 1182 5515 ergo
1223 5453 1275 5495 et
1303 5440 1504 5515 Christi
1538 5439 1746 5509 justitia
1800 5457 1904 5495 non
1948 5440 2292 5496 credentibus
2327 5440 2579 5515 prodest;
2630 5445 2889 5515 quoniam
2935 5439 3209 5515 similiter,
3242 5444 3411 5496 immo
3443 5446 3568 5512 plus
3593 5444 3721 5515 dicit

430 5507 751 5585 Apostolus,
779 5532 876 5586 per
902 5530 1065 5567 unum
1102 5507 1344 5577 liberari,
1375 5507 1658 5581 quam—per
1681 5522 2000 5586 uuumante
2028 5507 2338 5586 perierunt,
2374 5507 2819 5586 Deindedicunt,
2862 5513 3050 5586 inquit,
3086 5512 3145 5586 Si
3172 5507 3469 5581 baptismus
3500 5514 3723 5567 mundat

431 5577 716 5657 antiquum
740 5577 877 5642 'il'ltul
904 5594 1358 5657 veternosnmque
1391 5577 1691 5651 peccatum,
1720 5586 1809 5649 qui
1837 5583 1906 5637 de
1944 5577 2156 5657 duobus
2187 5579 2469 5657 baptizatis
2490 5579 2610 5657 pati
2641 5577 2873 5657 fuerint,
2907 5577 3106 5657 debent
3135 5577 3445 5657 hoc'carere
3477 5592 3719 5651 peceato.

426 5647 732 5715 Nou'enini
760 5665 1048 5729 potuerunt
1071 5655 1137 5711 ad
1164 5647 1417 5725 posteros
1440 5647 1837 5723 transmittere,
1866 5655 2013 5724 quod
2035 5656 2139 5725 ipsi
2165 5647 2388 5713 minime
2417 5647 2749 5707 habuerunt.
2778 5652 2836 5708 lu
2860 5653 2963 5711 hoc
2987 5650 3210 5719 addunt,
3242 5654 3431 5721 inquit,
3458 5647 3721 5724 quoniam
