4030 6202
258 145 360 205 Bis

955 143 1498 203 COMMENTARIUS
1534 144 1602 202 IN
1639 144 2025 205 EPISTOLMI
2067 147 2158 206 AD
2196 146 2544 210 ROMANOS.
2586 153 2740 212 CAP.
2783 155 2825 211 Ι.

3429 158 3535 218 646

259 258 516 346 ξίρηῑηη
546 272 654 312 non
682 265 766 340 est
791 273 857 314 ex
891 260 1135 346 traduce,
1168 262 1308 316 sicut
1337 278 1439 343 nec
1469 272 1571 330 cst,
1593 264 1686 319 sed
1714 266 1829 319 sola
1856 281 1983 321 caro
2012 267 2179 346 habet
2214 269 2506 346 traducem
2533 273 2762 339 peccati,
2791 274 2906 328 sola
2937 283 2991 329 et
3024 288 3236 346 poenam
3279 288 3545 334 meretur.

254 328 520 409 lnjusutm
564 340 643 409 est
674 332 845 415 enim,
898 344 957 385 ut
997 328 1156 415 hodie
1188 341 1310 386 nata
1355 334 1534 414 anima
1559 328 1668 415 non
1702 352 1768 391 ex
1808 353 1984 415 massa
2034 338 2199 415 _Adac,
2244 348 2349 394 tam
2399 328 2995 415 antiqttuurpeccatum
3025 328 3233 415 'pbrtﬁct
3265 328 3543 406 alienum:

253 400 375 467 quia
413 416 511 481 nec
540 401 862 490 ritilOIljlllll‘C
887 411 1059 490 estlut
1090 402 1251 465 Deus,
1288 404 1396 490 qui.
1422 409 1635 490 prppria
1671 416 1886 475 peccata
1916 408 2161 490 dimittit,
2187 400 2365 464 unum
2403 400 2927 490 imputet_alicttutu.
2961 400 3539 490 ΔΗαῖιξ-διλίιιξὶὶτῆἇιᾙῆιξ

253 486 284 523 a
304 472 494 523 nostris
525 471 906 556 exemplaribus
944 474 1290 556 abrasannon
1310 471 1431 556 alia
1459 471 1737 556 (lc—causa,
1756 494 1911 546 quam
1940 481 2081 556 quod
2106 471 2418 556 in__apertam
2464 471 2705 536 Iia'resim
2743 486 3073 556 erumpebant
3108 504 3124 541 :
3154 471 3341 541 indicio
3370 471 3544 544 'auten't

247 549 385 601 sunt.
409 542 670 612 ejusmodi
688 543 800 622 alia
829 544 1057 625 eamdem
1092 545 1323 625 subiisse
1352 547 1615 625 fortunam
1647 564 1665 601 :
1698 542 1960 625 Craterum
1986 542 2323 625 Pelagti_ésse
2354 555 2470 621 jam
2499 571 2529 604 α
2567 570 2665 607 xm
2695 571 2855 625 usque
2889 542 3081 611 sa’culo
3113 560 3418 613 credebatur
3450 577 3469 614 :
3498 571 3545 615 et

246 612 563 697 luculentum
590 628 648 691 ea
680 612 816 697 in're
850 612 1137 697 scriptoris
1160 616 1331 697 nostri
1353 612 1664 697 Veronensis
1693 621 2037 697 testimonium
2061 612 2156 697 est,
2187 612 2410 697 Joaun'is
2441 641 2512 689 se,
2538 612 2853 697 diaconi,'ut
2885 624 3140 682 Panut'nio
3168 630 3383 695 dicitur,
3415 633 3541 697 sive,

252 690 306 761 ul
335 679 700 771 Palstrengicot,‘
720 680 945 736 Joannis
970 679 1252 771 presbyteri
1276 685 1630 771 Mattsionarii
1647 690 1698 742 in
1728 690 1973 771 Historia
2002 679 2233 771 nondum
2267 695 2426 771 edita,
2458 679 2572 764 qua:
2597 679 2866 771 apttd'nos
2892 679 2987 771 est.
3163 679 3399 771 ξῖηᾳμὶί,
3437 679 3540 771 θεά

245 751 358 819 ipse
400 752 633 805 Joannes
660 751 1356 838 Cornnieutarium'Pelagii
1390 760 1652 826 praedicti,
1684 776 1848 838 super
1880 760 2375 838 Epistolasfauli,
2411 751 2481 818 in.
2509 751 2774 835 quo'licet
2804 768 2973 822 multa
3007 751 3232 825 hene'et
3261 751 3540 838 eleganter

243 831 497 902 exponat,
548 832 729 878 tamen
775 826 1054 881 subtiliter
1100 826 1339 882 infundit
1386 843 1655 886 venenum
1705 826 1938 887 haeresis
1970 848 2105 887 suat.
2156 826 2720 906 Praefationem-porro
2764 838 2918 891 istam
2957 840 3187 894 melioris
3235 826 3377 893 ηοιιὲ
3422 858 3545 897 mss.

243 894 504 963 ignorant.

241 997 3520 1033 MM

257 1038 315 1052 ι.-

1238 1024 2547 1230 COMMENTARII

402 1316 604 1457 IN
700 1316 1801 1470 EPISTOLAS
1898 1326 2613 1477 SANCTI
2711 1331 3359 1484 PAULI.

1443 1746 2273 1857 PRIEFATIO
2296 1816 2333 1857 .

300 1951 534 2006 Litteris
563 1949 669 2005 tuis
701 1948 901 2005 cursim
948 1947 1082 2003 mihi
1123 1947 1322 2012 allatis,
1365 1954 1418 2001 ct
1460 1944 1739 2001 laboribus
1788 1956 1838 2001 et
1868 1948 1920 2006 A
1945 1948 2101 2013 serit,
2134 1950 2238 2005 hoc
2262 1962 2343 2008 est
2372 1970 2540 2028 usque
2566 1958 2633 2014 ad
2661 1962 2877 2019 tertiam
2926 1964 3099 2036 legem
3139 1970 3346 2027 veteris
3383 1972 3538 2028 novi-

228 2042 379 2096 curis
428 2042 483 2095 in
523 2041 692 2095 saetis
738 2039 1016 2094 codicibus
1055 2037 1325 2094 desudare
1366 2052 1451 2091 me
1499 2037 1678 2107 cogis,
1723 2036 1835 2107 jam

230 2133 362 2187 mihi
409 2140 729 2189 senescente
778 2145 1009 2201 corpore
1050 2140 1103 2185 et
1143 2127 1349 2184 viribus
1393 2127 1835 2193 lassesceutibus,

225 2224 524 2279 ileliodore
561 2234 795 2279 sancte:
846 2222 1015 2292 idque
1055 2223 1108 2275 in
1158 2218 1419 2292 Epistolis
1466 2219 1605 2273 beati
1657 2218 1828 2283 Pauli,

226 2331 344 2385 qure
375 2324 431 2370 et
456 2315 681 2370 scientia
727 2313 1132 2383 praedicatori's,
1175 2322 1229 2366 et
1272 2312 1397 2365 lima
1446 2309 1679 2380 iustitiae
1723 2320 1830 2365 tam

224 2422 461 2479 magnae,
494 2417 549 2464 et
577 2407 946 2478 praedicando,
983 2414 1038 2461 et
1070 2404 1339 2469 docendo,
1369 2402 1683 2458 tesﬁmonio
1710 2402 1830 2473 Spi-

228 2504 367 2557 titus
398 2503 577 2557 sancti
610 2503 836 2572 prolatae
867 2510 1029 2571 atque
1060 2500 1301 2554 dilatatze
1336 2505 1485 2563 sunt,
1518 2508 1576 2552 ut
1604 2512 1829 2566 compa-

226 2609 376 2656 rare,
408 2603 501 2646 aut
532 2606 816 2662 coaequare
838 2593 1009 2647 veteri
1041 2591 1395 2645 Testamento
1418 2598 1473 2643 et
1503 2587 1830 2656 evangelica:

226 2683 501 2737 doctrina:
545 2698 655 2738 non
690 2684 1022 2738 dubitemus.
1070 2682 1193 2751 Ipse
1225 2681 1389 2746 enim,
1419 2681 1698 2736 revelaute
1726 2681 1828 2736 sibi

224 2774 442 2841 Spiritu
473 2784 686 2841 sancto,
721 2776 999 2845 cognovit.
1032 2774 1159 2829 dum
1183 2788 1242 2829 se
1263 2782 1477 2843 raptum
1507 2786 1631 2828 esse
1658 2788 1828 2844 usque

222 2866 288 2918 ad
321 2866 543 2920 tertium
584 2866 780 2921 castum
814 2866 866 2920 in
912 2880 1143 2936 corpore
1164 2907 1179 2931 ,
1211 2872 1305 2919 aut
1331 2871 1483 2919 extra
1512 2879 1714 2934 corpus
1742 2878 1827 2920 as-

1952 2056 2055 2109 que
2077 2040 2435 2103 Tcstamenti.
2466 2048 2522 2104 in
2545 2066 2791 2123 corpore,
2819 2064 2913 2111 aut
2932 2068 3085 2113 extra
3112 2074 3333 2130 corpus,
3363 2061 3532 2133 idest,

1947 2148 2123 2202 neque
2167 2151 2265 2206 per
2292 2139 2464 2210 legem
2509 2155 2735 2212 natura},
2788 2164 2965 2219 neque
2994 2165 3089 2221 per
3116 2151 3289 2222 legem
3320 2153 3537 2223 litterae,

1944 2230 2039 2279 sed
2074 2241 2166 2295 per
2198 2227 2463 2298 Spiritutu
2492 2248 2763 2305 sanctum,
2796 2240 2845 2294 ci
2874 2241 3126 2296 omnibus
3150 2244 3412 2313 apostolis
3440 2246 3539 2301 mi-

1942 2316 2089 2369 nimo
2128 2320 2420 2379 novissime
2446 2325 2626 2381 datum
2676 2345 2771 2398 per
2800 2332 2984 2388 Jcsum
3022 2334 3301 2392 Christum
3333 2337 3523 2393 Domi-

1940 2421 2067 2461 num
2096 2421 2359 2478 nostrum,
2394 2432 2491 2486 per
2532 2434 2691 2489 quem
2734 2420 2994 2479 habemus
3026 2440 3304 2483 accessum
3336 2430 3388 2483 in
3422 2429 3522 2485 ista

1941 2501 2133 2568 gratia,
2166 2502 2217 2558 in
2252 2519 2357 2575 qua
2404 2517 2460 2563 ct
2508 2520 2735 2581 stamus,
2785 2525 2838 2569 et
2881 2517 3200 2586 gloriamur.
3246 2516 3356 2575 Nos
3406 2536 3534 2577 vero

1937 2593 2259 2662 simpliciter
2305 2603 2659 2670 exposuisse,
2720 2606 3083 2680 brevibusque
3136 2614 3522 2681 sermonibus,

1938 2687 2260 2755 comperies.
2294 2690 2427 2761 Ejus
2454 2710 2647 2766 nempe
2673 2698 2929 2770 Epistolas
2970 2703 3401 2773 magnificentius
3455 2705 3522 2760 ab

1934 2780 2185 2835 omnibus
2212 2774 2566 2855 sapientibus
2619 2800 2672 2846 et
2709 2791 3138 2864 interpretantur
3165 2839 3178 2864 ,
3239 2806 3295 2853 et
3334 2798 3533 2867 prcedi-

1944 2881 2157 2927 cantur.

227 3001 3514 3039 Mum

988 3078 1114 3162 IN
1188 3072 1853 3163 EPISTOLAM
1927 3082 2085 3165 AD
2164 3085 2762 3178 ROMANOS.

749 3372 975 3432 CAPUT
1005 3372 1297 3430 PRIMUM.

293 3467 531 3524 Paulus.
557 3468 865 3536 Quaerimus
886 3481 1055 3538 quare
1076 3465 1279 3520 Paulus
1300 3464 1524 3530 scribat,
1550 3480 1673 3521 cum
1690 3465 1821 3522 Sau-

217 3563 303 3616 lus
332 3569 499 3616 antea
535 3560 608 3614 sit
640 3558 901 3614 vocatus‘t
938 3557 1091 3625 Quod
1123 3572 1188 3613 ex
1220 3572 1372 3612 more
1404 3568 1717 3613 sanctorum
1750 3559 1827 3614 fe-

215 3656 356 3706 cisse
388 3649 729 3705 credendum
761 3658 865 3715 est,
896 3650 986 3720 qui
1027 3648 1081 3703 in
1127 3648 1424 3703 virtutibus
1454 3648 1822 3718 proﬁcientes,

214 3751 422 3798 mutato
468 3743 694 3798 nomine
734 3750 859 3796 sunt
903 3740 1123 3809 vocati,
1174 3748 1235 3794 ut
1277 3752 1461 3795 essent
1506 3742 1670 3796 etiam
1707 3743 1824 3814 ipso

1928 3377 2145 3437 Christo
2173 3384 2225 3439 in
2251 3390 2652 3457 apostolatum;
2685 3403 3006 3464 segregatus
3034 3405 3212 3453 autem
3236 3397 3290 3454 in
3324 3401 3525 3470 praedi-

1930 3475 2200 3531 cationem
2231 3480 2473 3546 gentium
2495 3523 2509 3548 ,
2538 3493 2597 3539 ttt
2631 3487 2882 3541 ostendat
2921 3503 3082 3543 unam
3116 3505 3239 3547 esse
3264 3493 3523 3551 substan-

1932 3566 2057 3621 tiam
2092 3569 2287 3639 Patris,
2320 3580 2373 3627 et
2402 3573 2549 3641 Filii,
2582 3586 2637 3632 et
2667 3577 2901 3648 Spiritus
2930 3583 3127 3637 sancti.

2003 3658 2341 3731 Segregatus.
2372 3665 2523 3721 Sicut
2554 3669 2605 3722 in
2636 3669 2857 3726 Actibus
2882 3674 3256 3739 aposmlorum
3287 3675 3528 3747 Spiritus

1929 3762 2151 3808 sanctus
2181 3754 2351 3824 dicit,
2389 3757 2682 3830 Segregate
2714 3761 2845 3817 mihi
2876 3764 3176 3822 Barnabam
3207 3778 3261 3823 et
3289 3767 3521 3826 Paulum

211 3836 436 3889 nomine
495 3835 650 3898 novi,
708 3842 767 3887 ut
816 3831 1111 3898 Abraham,
1142 3841 1222 3887 .et
1274 3832 1429 3898 Sara,
1477 3840 1533 3887 et
1585 3833 1821 3902 Cephas.
1857 3822 1904 3881 Β
1930 3842 1985 3898 in
2016 3859 2152 3913 Opus
2181 3847 2246 3902 ad
2276 3822 2418 3919 quod
2445 3822 2588 3922 elegi
2616 3868 2733 3909 eos.

211 3929 403 3986 Aliter.
438 3930 675 3986 Paulus.
705 3930 857 3985 Sicut
883 3931 1115 3985 aliorum
1141 3937 1455 3985 sanctorutn
1496 3938 1601 3983 tant
1644 3929 1696 3983 in
1727 3943 1821 3985 vc-

211 4029 331 4095 teri,
364 4043 540 4099 quam
575 4028 627 4082 in
660 4043 799 4083 novo
821 4027 1195 4094 Testamento,
1222 4025 1274 4080 id
1305 4034 1407 4091 est,
1437 4024 1738 4089 Abraham,
1768 4033 1824 4080 et

210 4118 371 4187 Petri,
408 4132 465 4176 et
493 4129 851 4182 cacterorum,
873 4118 1116 4190 proiectu
1140 4127 1196 4174 et
1225 4119 1562 4173 incremento
1595 4117 1820 4174 merito-

207 4228 323 4267 rum
359 4221 578 4268 mutala
630 4221 757 4267 sunt
804 4212 1026 4266 nomina
1059 4228 1072 4263 :
1108 4212 1180 4265 ita
1211 4219 1267 4265 et
1311 4209 1507 4265 Paulus
1555 4211 1609 4264 in
1647 4209 1820 4277 gratia

212 4306 534 4375 proﬁciens,
572 4321 771 4361 nomen
802 4305 904 4361 sibi
931 4305 1049 4377 ipse
1078 4304 1329 4360 mutavit.

282 4402 478 4457 Servus
500 4400 633 4455 Jesu
665 4400 879 4455 Christi.
910 4401 955 4455 A
980 4415 1139 4456 servo
1167 4400 1353 4469 cmpit,
1384 4398 1697 4469 exemplum
1722 4413 1824 4454 no-

214 4493 292 4547 bis
338 4494 671 4550 humilitatis
696 4493 991 4550 ostendens
1024 4512 1038 4549 :
1069 4494 1225 4565 quasi
1275 4492 1513 4549 imitator
1556 4493 1696 4562 ejus,
1729 4494 1819 4562 qtti

211 4588 511 4644 exinauivit
544 4588 789 4657 seipsum
812 4630 827 4653 ,
862 4586 1090 4641 formam
1118 4587 1261 4641 servi
1304 4586 1599 4656 accipiens,
1633 4593 1690 4640 et
1716 4584 1819 4639 hu-

213 4679 445 4735 miliavit
489 4679 758 4749 seipsum,
812 4677 986 4733 factus
1037 4678 1301 4733 obediens
1340 4691 1510 4747 usque
1559 4675 1624 4730 ad
1676 4690 1820 4729 mor-

212 4779 321 4823 tetu
357 4787 372 4825 :
407 4779 635 4842 propter
665 4767 830 4839 quod,
866 4776 920 4823 et
947 4767 1092 4822 Deus
1123 4767 1272 4821 illum
1312 4767 1597 4822 exaltavit.
1635 4765 1701 4819 Et
1729 4766 1819 4821 hic

215 4876 307 4931 per
352 4861 517 4923 ﬁdele
568 4862 805 4933 primum
851 4860 1131 4916 servitiunt
1182 4860 1381 4915 meruit
1430 4858 1817 4929 apostolatum.

223 4958 381 5020 Item,
414 4971 528 5010 non
569 4954 872 5009 secundum
904 4954 1153 5027 timorem
1180 4994 1193 5017 ,
1231 4940 1327 5008 sed
1357 4952 1652 5008 secundum
1683 4952 1818 5033 dile-

213 5049 477 5115 ctionem,
501 5047 644 5104 sicut
676 5048 791 5117 ipse
809 5046 947 5102 dicit
977 5064 991 5099 :
1024 5046 1160 5102 Vivo
1182 5053 1388 5113 autem,
1416 5044 1527 5116 jam
1561 5060 1665 5099 non
1687 5058 1809 5117 ego,

212 5138 336 5195 vivit
370 5154 510 5196 vero
541 5139 598 5195 in
628 5156 717 5195 me
749 5140 1021 5196 Christus.

1998 3936 2065 3990 In
2095 3937 2436 4010 Evangelium
2465 3942 2586 4000 Dei.
2616 3947 2987 4021 Evangelium,
3038 3951 3232 4009 Latine
3260 3954 3393 4007 bona
3423 3972 3525 4011 an-

1926 4030 2203 4098 nuntiatio,
2230 4033 2432 4090 dicitur
2457 4054 2469 4090 :
2497 4036 2791 4095 nativitatis
2815 4043 3036 4098 scilicet
3055 4044 3279 4111 Christi,
3312 4049 3523 4115 passio-

1926 4121 2035 4187 nis,
2067 4133 2122 4177 et
2145 4129 2587 4196 resurrectionis,
2624 4141 2677 4187 et
2704 4132 2754 4188 in
2785 4135 2979 4191 caelum
3011 4137 3371 4192 ascensionis.

2001 4214 2153 4279 Quod
2179 4227 2297 4272 ante
2336 4222 2641 4289 promiserat
2669 4243 2757 4294 per
2786 4230 3067 4297 prapltetas
3096 4244 3241 4283 suos.
3272 4228 3523 4286 Ostendit

1924 4318 1986 4361 se
2015 4305 2293 4364 Christum
2318 4326 2424 4365 non
2449 4313 2613 4369 alium
2649 4317 2971 4388 praedicare,
2997 4335 3157 4389 quam
3184 4335 3332 4388 eum,
3363 4322 3520 4392 cujus

1926 4396 2031 4452 Eva
2042 4402 2276 4471 ngelium
2300 4406 2580 4477 propheta:
2600 4408 2987 4467 ablerusalem
3010 4412 3376 4483 promiserant
3396 4429 3517 4471 esse

1923 4500 2234 4554 venturum.

1996 4591 2063 4647 In
2095 4594 2383 4667 Seripturis
2423 4602 2634 4656 sanctis.
2678 4601 2828 4672 Ipsos
2868 4603 3064 4660 asserit
3105 4604 3201 4661 Dei
3226 4605 3520 4675 prophetas

1922 4706 2045 4749 esse
2077 4712 2090 4747 :
2116 4704 2171 4750 et
2199 4696 2317 4752 illas
2344 4698 2650 4769 Scripturas
2678 4710 2896 4758 sanctas
2924 4704 2990 4761 de
3014 4704 3235 4761 Christo
3275 4717 3399 4762 ante
3427 4725 3516 4765 ce-

1922 4792 2195 4851 cinerunt.
2230 4797 2426 4852 Verum
2459 4808 2603 4854 totus
2636 4801 2725 4856 hic
2768 4804 2920 4860 locus
2960 4816 3148 4860 contra
3183 4807 3512 4868 Mauicltceos

1922 4889 2071 4957 facit,
2107 4892 2195 4948 ubi
2228 4894 2377 4963 dicit,
2418 4899 2562 4969 quod
2595 4901 2944 4972 Evangelium
2985 4913 3112 4962 aute
3157 4909 3227 4964 sit
3272 4912 3511 4981 promis-

1922 5004 2062 5059 sum,
2088 5002 2142 5049 et
2180 5010 2278 5065 per
2309 4999 2603 5069 prophetas
2638 5002 2759 5069 Dei,
2790 5014 2844 5059 et
2872 5006 2923 5060 in
2954 5010 3155 5065 sanctis
3186 5014 3506 5085 Scripturis,

1922 5094 2063 5162 quod
2091 5093 2336 5153 Christus
2366 5101 2663 5159 secundum
2696 5120 2915 5161 carnem
2947 5123 3014 5163 ex
3036 5108 3202 5167 David
3233 5114 3427 5186 stirpe,
3464 5114 3515 5168 id

291 5232 524 5289 Vocatus
558 5234 849 5306 apostolus.
884 5233 1001 5289 Jam
1029 5233 1081 5288 in
1110 5234 1402 5305 presentia
1432 5235 1499 5291 ad
1532 5234 1634 5292 hoc
1659 5250 1809 5293 voca-
1845 5200 1891 5264 C
1922 5204 2023 5262 es"
2058 5196 2129 5306 ile
2165 5198 2331 5306 Maria
2362 5201 2583 5306 Ϋίνείηθ
2616 5207 2687 5261 sit
2732 5219 2975 5281 creatus,
3021 5216 3321 5270 secundum
3359 5216 3506 5286 (ἰυοδ

220 5334 324 5396 tus,
352 5335 414 5382 ut
448 5336 598 5382 esset
621 5327 920 5396 apostolus.
947 5328 1079 5383 Item
1102 5328 1360 5395 ostendit,
1385 5345 1490 5384 non
1520 5330 1696 5385 solum
1724 5346 1819 5386 vo-

210 5428 395 5473 catum
420 5432 484 5473 se
511 5416 581 5471 ad
606 5417 948 5483 apostolatus
973 5420 1198 5489 gratiam
1228 5438 1239 5472 :
1269 5420 1362 5475 sed
1394 5429 1448 5476 ct
1477 5432 1816 5493 segregatum

209 5507 264 5565 in
290 5509 751 5581 praedicationem
783 5511 1050 5581 gentium,
1078 5522 1134 5567 ut
1161 5513 1275 5583 ipse
1302 5525 1587 5571 memorat.
1623 5514 1737 5569 Nos
1763 5518 1818 5571 in

203 5602 444 5675 gentibus
467 5616 491 5655 :
512 5602 629 5673 ipse
648 5612 821 5658 autent
846 5603 901 5659 in
927 5604 1344 5663 circumcisione.
1374 5606 1609 5666 Vocatus
1633 5624 1762 5682 ergo
1786 5625 1818 5666 a

1926 5299 2257 5369 praedixerat
2281 5300 2468 5359 Isaias.

1994 5396 2075 5453 De
2102 5400 2245 5456 Filio
2275 5418 2388 5457 suo.
2420 5404 2569 5461 Multi
2600 5408 2695 5465 lilii
2731 5412 2903 5482 gratia
2924 5453 2940 5479 ,
2973 5414 3063 5470 hic
3093 5423 3324 5481 natura;
3363 5416 3519 5487 cujus

1924 5502 2086 5558 etiam
2111 5504 2163 5561 in
2190 5520 2354 5563 carne
2383 5510 2637 5568 nativitas
2667 5514 2949 5572 dissimilis
2978 5519 3200 5575 caeteris
3227 5520 3498 5579 invenitur

1923 5619 1992 5664 eo
2021 5606 2163 5678 quod
2194 5624 2259 5665 ex
2292 5609 2503 5685 virgine
2532 5625 2693 5678 natus
2724 5628 2830 5676 est.
