4030 6202
498 141 602 201 ϐυ
1302 138 1305 139 ⁷
1528 133 1586 193 S.
1629 128 2017 190 HIERONYMI
2057 128 2089 188 Ο

2217 125 2338 187 lUM
2372 123 2736 187 MANTISSA.
3697 125 3808 187 διε

574 256 681 322 Qui
706 260 879 324 factus
907 265 983 313 est
1011 256 1058 312 ei
1084 266 1148 310 ex
1175 251 1369 307 semine
1400 245 1592 303 David.
1623 246 1820 302 Factus
1846 260 1945 315 per
1976 244 2099 315 Spi-
2125 245 2178 307 A
2203 242 2503 316 profectum
2554 259 2568 296 :
2615 242 2744 299 Sive
2800 240 2927 312 quia
2983 239 3130 297 omni
3180 239 3383 299 mundo
3440 240 3646 299 mirum
3704 244 3813 301 fuit

504 349 670 406 ritum
703 358 972 406 sanctum.
2201 337 2476 393 Romanos
2519 334 2843 401 credidisse,
2890 334 2985 405 qui
3039 335 3309 392 idolorum
3359 335 3536 392 nimia
3585 337 3812 394 fuerant

584 444 882 499 Secundum
921 451 1144 492 carnem.
1198 430 1463 490 Addendo
1509 428 1810 486 secundum
1857 440 2096 494 carnem,
2201 428 2411 485 cultura
2446 428 2707 498 possessi,
2749 425 2823 481 ita
2861 435 2919 483 ut
2949 427 3196 482 omnium
3227 427 3472 499 gentium
3506 426 3638 495 diis,
3668 443 3807 500 quas

511 547 565 595 et
593 537 877 592 Photinum
908 529 1167 591 excludit.
1211 536 1266 582 et
1297 525 1506 581 Arium.
1540 523 1597 581 Si
1628 522 1772 579 enim
1803 519 2098 577 secundum
2202 520 2488 586 vicerant;
2542 517 2904 576 deservirent.
2957 517 3063 574 Sed
3120 527 3176 575 et
3223 519 3555 591 simpliciter
3612 535 3801 576 eorum

508 644 725 687 carnem
757 629 924 681 tactus
969 630 1076 689 est,
1110 619 1408 678 secundum
1437 615 1602 674 Verbi
1634 616 1822 687 utique
1849 614 2101 671 substan-
2204 612 2371 669 ﬁdem
2403 611 2657 668 laudasse
2693 609 3023 667 credendum
3062 619 3169 678 est,
3199 609 3358 680 cujus
3396 623 3544 667 nunc
3581 608 3802 667 devotio

507 725 634 779 tiam
664 720 841 776 factus
865 732 972 772 non
1000 725 1105 772 est.
2203 705 2630 761 demonstratur.

583 811 685 879 Qui
728 809 1125 881 prtedestinatus
1175 814 1249 861 est
1297 801 1478 858 Filius
1521 800 1619 856 Dei
1665 800 1722 855 in
1769 801 1977 855 virtute.
2008 795 2101 852 Di-
2278 796 2442 852 Testis
2468 797 2605 851 enim
2643 795 2772 851 mihi
2797 804 2872 851 est
2900 794 3045 850 Deus
3072 795 3154 850 cui
3182 795 3350 850 sewio
3379 795 3434 849 in
3473 795 3665 866 spiritu
3691 810 3796 849 meo

513 902 688 960 cendo
730 902 783 957 in
829 900 1030 956 virtute
1056 940 1070 964 ,
1120 895 1361 953 ostendit
1418 909 1524 949 non
1570 892 1793 949 solitum
1849 889 2102 945 humana:
2202 893 2257 949 in
2284 891 2569 964 Evangelia
2601 890 2734 946 Filii
2763 892 2896 963 ejus.
2934 890 3049 945 Hoc
3080 896 3185 957 est,
3216 890 3270 944 in
3314 896 3430 945 toto
3456 888 3626 945 corde
3656 902 3795 955 meo,

510 1004 717 1049 natura:
746 1006 869 1048 esse
896 998 1242 1058 conceptum,
1275 985 1372 1042 sed
1404 985 1609 1055 abSQUe
1634 982 1778 1038 virili
1800 981 2008 1039 semine
2033 995 2101 1036 ex
2204 993 2259 1041 et
2288 992 2535 1055 prompta
2562 981 2851 1039 devotione
2884 996 3004 1037 mea
3033 980 3313 1038 deservio.
3346 979 3405 1037 Si
3433 979 3581 1037 enim
3610 979 3795 1036 volens

510 1086 718 1156 virgine
747 1089 1122 1154 procreatum.
1154 1077 1441 1134 Inierendo
1473 1085 1654 1131 autem
1680 1092 1694 1130 :
2205 1076 2309 1133 hoc
2354 1090 2478 1147 ago,
2506 1073 2815 1131 mercedem
2845 1072 3043 1129 habeo.
3090 1072 3221 1130 Sive
3248 1073 3473 1129 verbum
3508 1072 3598 1128 hic
3641 1073 3794 1142 spiri-

581 1177 881 1236 Secundum
912 1174 1169 1245 Spiritum
1197 1169 1646 1239 sanctificationis.
1676 1164 1927 1223 Ostendit
1952 1176 2103 1219 crea—
2205 1178 2319 1226 tum
2372 1169 2693 1236 nominavit,
2740 1176 2803 1223 ut
2848 1174 2934 1223 est
2980 1166 3113 1222 illud
3158 1184 3171 1220 :
3224 1166 3398 1223 Verbo
3429 1164 3644 1221 Domini
3678 1164 3796 1221 caeli

508 1281 681 1329 torem
710 1284 866 1325 suum
898 1267 1159 1338 Spiritum
1189 1271 1453 1320 sanctum.
1488 1260 1622 1316 Item
1654 1267 1713 1315 ut
1742 1258 1813 1314 sit
1842 1257 1894 1312 in
1926 1255 2103 1312 omni—
2206 1260 2405 1317 ﬁrmati
2447 1268 2593 1329 sunt,
2643 1266 2699 1317 et
2741 1259 2939 1331 spiritu
2982 1258 3095 1315 oris
3136 1258 3252 1329 ejus
3282 1256 3462 1315 omnis
3508 1257 3681 1314 virtus
3707 1271 3797 1313 eo-

508 1364 608 1421 bus
661 1363 780 1433 ipse
837 1361 1130 1431 primatum
1192 1363 1423 1423 tenens,
1478 1349 1776 1408 secundum
1837 1347 2100 1419 Spiritum
2204 1368 2347 1409 rum.

507 1454 957 1513 sanctiﬁcationis
985 1451 1426 1523 praedestinatus,
1455 1457 1516 1503 ut
1560 1447 1706 1519 prior
1733 1445 1985 1501 omnibus
2012 1442 2096 1498 in-
2282 1442 2436 1510 Quod
2492 1444 2602 1498 sine
2660 1442 3048 1497 intermissione
3104 1442 3404 1497 memoriam
3448 1440 3608 1495 vestri
3656 1440 3802 1512 facio

510 1547 983 1619 corruptibilitatis
1027 1546 1228 1599 virtute
1277 1534 1554 1613 surgeret,
1606 1548 1662 1595 et
1687 1539 1829 1593 viam
1858 1550 2104 1593 resurre-
2205 1552 2406 1607 semper
2436 1536 2492 1590 in
2536 1534 2860 1590 orationibus
2904 1536 3054 1589 meis.
3103 1533 3201 1589 llic
3229 1532 3483 1602 ostendit,
3521 1546 3585 1588 se
3612 1532 3802 1588 omnia

511 1642 711 1697 ctionis
760 1639 857 1695 Dei
906 1638 1029 1693 ﬁliis
1077 1635 1338 1705 aperiret.
1391 1633 1467 1688 De
1517 1631 1715 1702 quibus
1765 1629 1880 1700 ipse
1927 1626 2099 1683 dicit:
2135 1634 2183 1697 Β
2208 1642 2277 1682 ex
2305 1626 2599 1682 dilectione
2629 1625 2927 1692 dicturum,
2954 1632 3014 1680 ut
3038 1624 3265 1680 liberius
3291 1622 3589 1681 audiatur:
3631 1629 3689 1678 et
3711 1620 3802 1679 dat

511 1733 648 1801 Quia
680 1731 775 1786 ﬁlii
808 1729 924 1795 Dei,
956 1743 1081 1783 cum
1110 1728 1215 1781 sint
1246 1726 1338 1779 ﬁlii
1368 1721 1811 1779 resurrectionis.
2214 1719 2528 1797 exemplum
2560 1719 2682 1775 sine
2712 1718 3114 1775 intermissione
3142 1718 3354 1774 orandi.

586 1824 670 1878 Ea:
711 1821 1088 1879 resurrectione
1137 1826 1455 1871 mortuorum
1496 1812 1623 1867 Jesu
1669 1810 1862 1866 Christi
1893 1808 2105 1864 Domini
2284 1813 2597 1869 Obsecrans.
2625 1813 2744 1880 Qua
2768 1813 3088 1869 liberatione
3118 1812 3188 1868 ad
3216 1827 3313 1869 vos
3336 1810 3659 1883 quandoque
3681 1825 3799 1883 per-

508 1919 693 1974 nostri.
747 1916 863 1972 Non
912 1913 1155 1968 omnium
1203 1907 1646 1977 resurgentium,
1698 1904 1794 1960 sed
1830 1902 1899 1958 ad
1949 1901 2099 1958 Cbri-

2209 1908 2424 1964 veniam
2476 1909 2527 1964 in
2574 1906 2857 1964 voluntate
2901 1907 3022 1964 Dei.
3070 1906 3249 1963 Aliter
3296 1908 3444 1964 enim
3480 1921 3796 1979 prOSperum

510 2020 655 2065 stum
685 2002 1114 2077 pertinentium,
1169 1999 1223 2055 in
1273 1999 1393 2071 ipso
1422 1994 1641 2053 Christo
1686 1992 2107 2053 resurrectionis
2210 2000 2314 2056 iter
2353 2016 2463 2055 non
2510 1998 2707 2067 habeo,
2757 1999 2861 2055 nisi
2908 2014 2997 2055 me
3046 1999 3298 2055 voluntas
3324 1999 3445 2069 Dei,
3474 2014 3598 2071 qua:
3628 2000 3797 2054 omnia

506 2101 681 2157 forma
711 2106 815 2154 est.
2212 2094 2395 2162 novit,
2443 2093 2572 2149 illuc
2600 2093 2886 2161 direxerit,
2916 2102 2973 2149 ut
3011 2093 3249 2165 aliquem
3290 2092 3519 2149 habeam
3550 2092 3796 2149 fructum.

579 2191 686 2247 Per
714 2206 863 2262 quem
891 2187 1186 2260 accepimus
1213 2186 1439 2257 gratiam
1485 2190 1531 2239 et
1568 2182 1931 2255 apostolatum.
1966 2180 2107 2237 Gra-

2212 2188 2372 2244 Unde
2418 2189 2472 2243 in
2501 2187 2727 2244 Actibus
2756 2188 3129 2258 apostolorum
3155 2187 3406 2260 legimus,
3441 2201 3537 2243 eos
3585 2186 3692 2242 alio
3722 2187 3798 2242 ire

512 2285 643 2340 tiam
693 2283 745 2338 in
803 2281 1074 2353 baptismo
1104 2297 1119 2335 :
1148 2278 1513 2349 apostolatum
1536 2316 1550 2341 ,
1598 2273 1815 2345 quando
1846 2288 1877 2327 a
1902 2271 2108 2343 δρίιίῑιι
2212 2280 2493 2343 volentes.
2545 2281 2654 2335 alio
2697 2278 3021 2338 destinatos.
3055 2280 3185 2337 Sive
3224 2280 3524 2337 secundum
3555 2279 3685 2335 illud
3714 2278 3802 2334 Ja-

507 2384 701 2433 sancto
738 2375 978 2431 directus
1008 2382 1115 2429 est.
1155 2369 1454 2441 Apostolus
1485 2366 1631 2423 enim
1662 2365 1873 2432 Graece,
1917 2364 2098 2420 Latine

2210 2374 2333 2431 cohi
2365 2390 2379 2429 :
2408 2373 2467 2430 Si
2495 2373 2641 2430 Deus
2670 2373 2929 2443 voluerit,
2955 2384 3011 2431 et
3035 2374 3356 2445 vixerimus,
3391 2373 3644 2431 iaciemus
3670 2372 3798 2442 hoc,

505 2472 695 2524 missus
746 2467 967 2524 dicitur.
1016 2465 1151 2521 Item
1200 2473 1351 2519 recto
1394 2459 1607 2525 ordine,
1641 2467 1867 2530 accepta
1911 2455 2105 2528 gratia,
2210 2468 2297 2534 νει
2326 2467 2477 2524 illud,

506 2559 773 2618 honorem
804 2558 1143 2631 apostolatus
1172 2555 1442 2611 meruisse
1470 2568 1531 2609 se
1557 2551 1711 2607 dicit.
2283 2561 2346 2617 Si
2394 2579 2494 2633 quo
2542 2562 2694 2617 ηιοάο
2745 2565 2955 2619 tandem
3000 2564 3292 2635 aliquando
3349 2577 3664 2633 ρτοςρεηηη
3710 2560 3805 2615 iter

582 2653 663 2707 Ad
710 2651 1059 2707 obediendum
1102 2647 1245 2718 ﬁdei.
1279 2643 1532 2702 Ostendit
1563 2641 1843 2713 Evangelii
1878 2639 2106 2712 gratiam

2212 2655 2425 2710 habeam
2475 2656 2528 2710 in
2576 2656 2843 2712 voluntate
2872 2655 2974 2712 Dei
3018 2656 3259 2711 veniendi
3302 2656 3371 2709 ad
3417 2671 3527 2710 vos.
3574 2654 3803 2711 Demon-

509 2746 893 2804 obedicntibus
926 2741 1351 2813 prtedicandam.

2211 2757 2352 2806 strat
2395 2763 2455 2805 se
2500 2757 2696 2807 cuncta
2746 2764 2870 2821 quae
2916 2749 3133 2822 agebat,
3169 2763 3239 2806 ex
3270 2748 3368 2806 Dei
3395 2762 3586 2821 gerere
3618 2749 3802 2805 volun-

584 2838 653 2893 In
683 2838 917 2891 omnibus
946 2834 1204 2907 gentibus.
1246 2830 1629 2903 Apostolatum
1656 2828 1886 2898 accepit,
1917 2833 1971 2882 ut
1994 2824 2109 2896 jam
2213 2849 2343 2898 ηερ,

509 2947 619 2988 non
649 2927 803 3000 Legi,
832 2926 929 2983 sed
959 2926 1083 2981 ﬁdei
1114 2924 1419 2980 obedirent.

2286 2932 2545 2990 Desidere
2576 2936 2709 2991 enim
2739 2935 2917 2991 videre
2954 2951 3067 2992 vos.
3101 2935 3200 2991 Hic
3228 2934 3489 3004 ostendit,
3530 2932 3798 3006 quomodo

568 3008 694 3075 ‘Pro
738 3018 947 3073 nomine
975 3020 1110 3090 ejus.
1141 3014 1273 3071 Vice
1317 3012 1556 3071 nominis
1580 3012 1695 3083 ejus
1742 3011 2013 3082 iungimur
2053 3017 2109 3065 ut
2138 3019 2159 3082 (

2215 3042 2310 3084 eos
2353 3027 2603 3098 superius
2649 3026 2992 3093 laudaverat,
3025 3027 3117 3099 qui
3146 3026 3213 3082 ad
3249 3026 3680 3083 conﬁrmandum
3708 3024 3804 3081 ali-

513 3116 630 3187 ipsc
659 3114 737 3170 ait
761 3130 777 3168 :
801 3111 945 3169 sicut
972 3110 1121 3166 misit
1166 3124 1254 3165 me
1281 3109 1470 3172 Pater,
1503 3116 1557 3163 et
1586 3121 1688 3176 ego
1718 3107 1873 3162 mitto
1899 3119 2015 3161 vos.
2047 3104 2113 3162 Et
2213 3119 2342 3190 quid
2374 3121 2564 3190 gratim
2594 3119 2837 3190 indigem
2865 3118 3187 3189 ερίτίιηθιίε,

512 3210 713 3264 iterum
738 3224 750 3259 :
776 3203 881 3273 Qui
913 3216 1013 3258 vos
1042 3200 1257 3272 recipit,
1282 3216 1370 3257 me
1395 3199 1612 3269 recipit.

2289 3210 2356 3265 Ut
2412 3211 2615 3283 aliquid
2672 3213 2942 3284 impertiar
2990 3212 3174 3284 gratim
3216 3210 3358 3266 vobis
3402 3210 3693 3283 spiritualis
3739 3208 3804 3263 ad

587 3300 654 3355 In
682 3298 868 3371 quibus
893 3297 1021 3353 estis
1046 3304 1103 3369 et
1127 3310 1213 3349 vos
1242 3294 1407 3348 uocati
1436 3290 1563 3347 Iesu
1591 3290 1804 3345 Christi.
1840 3290 1905 3345 Et
1937 3289 1991 3345 in
2018 3304 2113 3345 νο-
2214 3304 2603 3372 ιοηβγηιαηαω
2623 3320 2735 3360 vos.
2759 3304 3036 3361 Romanos
3057 3304 3204 3359 pem
3236 3303 3624 3375 praedicatione
3650 3303 3804 3360 ﬁdem

511 3393 617 3457 bis,
648 3392 703 3447 id
729 3400 834 3458 est,
868 3388 1132 3444 Romanis
1163 3387 1528 3458 apostolatum
1556 3384 1891 3453 accepimus.

2216 3404 2465 3451 tenentes
2493 3395 2817 3452 conﬁrmare
2851 3411 2911 3451 se
2940 3396 3079 3451 velle
3108 3396 3306 3452 Paulus
3330 3394 3466 3452 dicit
3508 3413 3521 3449 :
3569 3412 3677 3453 non
3704 3410 3806 3466 quo

589 3484 843 3540 Omnibus
861 3484 951 3555 qui
975 3492 1097 3537 sunt
1114 3480 1293 3536 ιίοηιω
1316 3480 1518 3534 dilectis
1541 3476 1662 3533 Dei.
1691 3478 1807 3532 HOC
1826 3485 1910 3532 est
1939 3474 2115 3531 omni-
2216 3490 2397 3543 minus
2435 3488 2779 3557 accepissent
2817 3503 2847 3543 ει
2887 3488 3053 3543 Petro
3104 3503 3119 3541 ε
3167 3486 3263 3543 sed
3314 3496 3373 3541 ιιι
3420 3487 3632 3543 duobus
3683 3501 3810 3558 apo-

518 3578 620 3631 bus
652 3573 1027 3639 credentibus,
1070 3587 1209 3642 quos
1254 3570 1537 3642 aequaliter
1584 3567 1761 3638 diligit
1806 3567 1952 3622 Deus
1997 3565 2109 3621 sine

2217 3579 2372 3634 stolis
2413 3579 2642 3635 testibus
2680 3589 2845 3650 atque
2883 3579 3234 3649 doctoribus,
3290 3593 3481 3636 eorum
3522 3579 3808 3637 roboretur

517 3666 837 3735 acceptione
866 3679 1139 3734 personm,
1172 3664 1370 3731 Judaei,
1402 3664 1487 3718 vel
1511 3663 1709 3719 Graeci.
2218 3671 2373 3727 ﬁdes.

598 3754 809 3810 Vacalis
839 3755 1053 3808 sanctis.
1088 3755 1303 3809 Sanctis
1332 3754 1620 3809 vocatione
1650 3754 1769 3819 Dei,
1802 3768 1909 3809 non
1953 3754 2116 3808 meri-

2286 3763 2355 3818 Id
2385 3773 2461 3819 est
2490 3764 2646 3819 simul
2675 3764 2938 3819 consolari
2966 3764 3019 3818 in
3048 3764 3185 3820 vobis
3213 3781 3302 3836 per
3331 3780 3485 3832 eam,
3526 3780 3645 3834 qua
3674 3764 3803 3818 inri-

522 3851 594 3906 tis
642 3848 791 3904 lacti.
840 3847 972 3903 Item
1004 3847 1208 3902 idcirco
1251 3846 1403 3912 dicit,
1436 3847 1662 3915 sanctis,
1694 3847 1948 3918 quoniam
1993 3861 2113 3917 gra-

2218 3876 2326 3914 cem
2356 3869 2431 3914 est
2478 3859 2608 3930 ﬁdes
2657 3868 2826 3914 uestra
2871 3868 3025 3930 atque
3072 3875 3210 3916 mea.
3241 3858 3312 3916 Ut
3342 3876 3439 3931 per
3464 3874 3802 3917 communem

522 3946 653 4001 tiam
685 3942 920 4014 Spiritus
950 3940 1123 3996 sancti
1149 3938 1472 3996 habentibus
1507 3940 1852 4011 praedicabat.
2218 3951 2381 4008 ﬁdem
2414 3953 2641 4009 invicem
2669 3952 3038 4009 οοηεοιρωυιι,

600 4034 789 4091 Gratia
814 4035 956 4089 vobis
984 4042 1030 4088 et
1056 4050 1161 4105 pax
1197 4051 1230 4087 a
1266 4031 1376 4088 Deo
1404 4032 1585 4099 Patre,
1614 4044 1660 4089 et
1688 4033 1916 4089 Domino
1941 4040 2116 4087 nostro
2293 4046 2433 4101 Νοιο
2463 4056 2635 4102 autem
2664 4063 2755 4102 υοε
2781 4048 3045 4118 ignorare,
3078 4047 3433 4120 fratres:quia
3464 4064 3601 4121 saepe
3626 4061 3809 4122 propo-

517 4129 645 4183 Jesu
678 4125 906 4182 Christo.
940 4123 1085 4180 Talis
1132 4133 1218 4180 est
1268 4124 1472 4195 ubique
1521 4124 1774 4180 salutatio
1805 4124 1947 4193 ejus,
1983 4131 2039 4177 ut
2064 4131 2108 4177 et

2218 4138 2302 4193 sui
2352 4139 2521 4193 venire
2567 4139 2635 4192 ad
2682 4156 2793 4196 vos.
2825 4139 2930 4196 Per
2973 4148 3343 4197 commeantes
3388 4151 3572 4198 autem
3618 4143 3806 4197 fratres

521 4225 923 4277 commemoret
958 4217 1011 4272 in
1041 4216 1200 4273 nobis
1230 4216 1491 4273 beneﬁcia
1522 4217 1640 4284 Dei,
1669 4224 1727 4272 et
1758 4223 1911 4284 optet
1935 4212 1990 4269 in
2020 4229 2117 4269 no-
2222 4231 2412 4287 audire
2442 4232 2715 4302 ροιυίειίε,

527 4315 611 4429 ξῖε
637 4315 855 4419 ,ἰηιθετθ
884 4326 1206 4383 Permanere
1235 4311 1407 4429 3'3"?“
1436 4318 1491 4367 εί
1512 4310 1685 4429 Βῖθξξδ
1714 4308 1868 4363 "oms
1897 4316 2116 4378 Pace-3'3
2146 4367 2198 4429 Β
2293 4323 2363 4377 Et
2402 4325 2691 4397 prohibitus
2718 4342 2834 4380 sum
2864 4341 3024 4397 usque
3054 4325 3248 4381 adhuc.
3286 4325 3535 4382 Ostendit
3565 4339 3626 4381 se
3653 4338 3811 4379 occu-

521 4408 742 4463 dimissa
772 4416 919 4472 sunt,
949 4414 1004 4460 et
1036 4404 1373 4461 reconciliati
1403 4417 1591 4459 sumus
1619 4401 1732 4457 Deo
1763 4416 1859 4473 per
1888 4409 2117 4456 mortem
2148 4401 2198 4429 ν
2223 4426 2411 4488 palum
2460 4419 2785 4475 necessitate
2832 4420 3108 4492 Evangelii
3157 4419 3489 4491 pradicandi
3514 4460 3531 4488 ,
3582 4418 3811 4474 Romam

524 4498 619 4554 ﬁlii
666 4498 805 4569 ejus.
836 4495 1160 4552 Commonct
1202 4496 1367 4553 etiam
1420 4494 1674 4565 paciﬁcos
1724 4507 1847 4549 esse
1893 4492 2114 4563 debere,

2224 4508 2404 4564 adhuc
2437 4508 2517 4566 ire
2546 4524 2653 4565 non
2683 4524 2861 4581 posse.
2893 4510 3027 4569 ltem
3059 4512 3362 4583 prohibitus
3392 4511 3482 4567 hic
3518 4518 3813 4582 occupatus

521 4607 682 4647 “nam
709 4590 1061 4661 eamdemque
1084 4588 1309 4660 Elatiam
1338 4594 1680 4644 (εοηεθουῑοεο
2224 4599 2488 4670 accipitur
2530 4617 2545 4656 :
2589 4600 2719 4657 dum
2751 4603 2872 4658 aliis
2903 4604 3200 4674 provinciis
3229 4602 3614 4675 prtedicaverit
3638 4620 3651 4657 :
3677 4602 3815 4657 sicut

596 4682 836 4737 Primum
857 4682 1064 4751 quidem
1085 4681 1280 4752 gratias
1302 4696 1401 4752 ago
1429 4678 1540 4733 Deo
1566 4696 1699 4735 meo.
1727 4677 1951 4744 Natura,
1973 4676 2120 4734 Deus

2225 4692 2340 4762 ipse
2385 4694 2607 4764 exponit
2650 4694 2705 4748 in
2738 4693 2843 4753 ﬁne
2874 4696 3133 4767 Epistolac
3160 4711 3295 4766 suae,
3323 4696 3552 4753 dicens:
3585 4694 3816 4771 Propter

524 4777 763 4833 omnium
808 4786 892 4832 est
934 4794 949 4829 :
993 4774 1190 4830 merito
1240 4784 1294 4829 et
1340 4773 1619 4828 voluntate
1644 4814 1660 4841 ,
1702 4786 2020 4843 paucorum,
2061 4780 2120 4826 ut
2223 4787 2365 4858 quod
2393 4800 2448 4843 ει
2477 4788 2814 4860 impediam".
2843 4791 3137 4861 plurimum
3168 4792 3355 4848 venire
3380 4792 3446 4847 ad
3479 4806 3596 4847 vos.

527 4868 670 4922 Deus
698 4866 972 4922 Abraham
1012 4880 1028 4923 ε
1067 4862 1370 4921 secundum
1397 4863 1541 4935 (ιιιοά
1572 4863 1661 4925 hic
1688 4879 1847 4921 Suum
1876 4862 2121 4919 nominat
2303 4876 2370 4933 Ut
2418 4879 2643 4950 aliquem
2684 4881 2914 4952 fructum
2960 4881 3175 4939 habeam
3217 4884 3274 4940 in
3308 4884 3472 4940 vobis.
3505 4881 3813 4940 Mercedem

530 4957 722 5012 Deum.
747 5042 762 5044 _
2230 4970 2434 5029 laboris
2464 4974 2549 5029 sui
2578 4975 2822 5031 nominat
2849 4977 3104 5044 fructum,

600 5044 706 5100 Per
730 5042 908 5100 Iesum
937 5045 1201 5102 Christum
1252 5061 1347 5119 pro
1395 5048 1629 5105 omnibus
1675 5049 1835 5107 vobis.
1872 5047 1986 5105 Hoc
2010 5055 2116 5117 est,

2302 5064 2455 5120 Sicut
2477 5073 2523 5121 et
2547 5067 2601 5121 in
2631 5067 2831 5122 caeteris
2859 5042 3117 5138 gentibus.
3152 5067 3511 5135 Subauditur,
3543 5068 3742 5124 habeo.

531 5151 639 5195 ηοη
671 5151 774 5209 Pro
801 5136 1003 5193 ιυδωίε
1032 5139 1183 5195 sons.
2302 5155 2497 5211 Graecis
2549 5174 2611 5211 ac
2661 5136 2940 5227 Barbaris,
2990 5161 3311 5230 sapientibus
3360 5172 3411 5217 et
3453 5160 3821 5232 insipientibus

604 5235 741 5303 Quia
770 5233 900 5304 fides
945 5243 1123 5325 vestra,
1156 5236 1502 5313 annuntiatur
1545 5236 1601 5292 in
1630 5236 1866 5292 universo
1903 5234 2117 5291 mundo.
2230 5248 2428 5303 άειξιογ
2456 5266 2593 5305 sum,
2627 5250 2954 5321 Sapientes;
3006 5251 3226 5309 amcos
3255 5250 3643 5325 philosophos;
3689 5250 3818 5308 επ.

533 5326 786 5384 Ostendit
810 5324 1084 5395 quomodo
1109 5324 1481 5383 Romanorum
1507 5326 1638 5384 ﬁdes
1660 5329 1912 5385 omnibus
1933 5328 2120 5383 Eet-lc-
2231 5340 2412 5407 bal-os,
2442 5342 2755 5411 insipienws
2782 5344 3043 5413 θρροηδι,

532 5421 629 5475 siis
654 5419 867 5489 cognita
899 5416 989 5471 sit.
1033 5416 1120 5472 Vel
1149 5425 1318 5486 certe,
1347 5420 1493 5489 quod
1529 5422 1719 5477 eadem
1760 5421 1916 5491 ﬁdes,
1957 5436 2116 5491 quam
2298 5433 2483 5502 Itaque
2528 5433 2669 5503 quod
2715 5434 2768 5487 in
2819 5451 2900 5488 me
2948 5445 3244 5507 promptum
3283 5445 3384 5505 est,
3432 5446 3481 5492 et
3530 5438 3699 5505 vobis,
3731 5436 3819 5509 qui

538 5510 768 5613 Romani
820 5516 1033 5613 tenent,
1081 5509 1135 5563 in
1183 5511 1447 5613 universo
1494 5514 1696 5570 mundo
1743 5516 1811 5571 ab
1858 5514 2124 5588 apostolis
2228 5524 2408 5580 Romce
2457 5524 2578 5578 estis
2628 5526 2999 5597 euangelizare.
3048 5528 3147 5596 Qui
3193 5529 3380 5585 Romae
3428 5533 3563 5587 estis
3608 5549 3623 5588 :
3669 5545 3817 5607 a‘que

537 5600 884 5678 praedicetur.
918 5598 1049 5657 Item
1090 5600 1378 5671 prudenter
1420 5604 1625 5677 laudat,
1658 5618 1713 5665 ut
1752 5617 2010 5681 provocet
2041 5606 2108 5666 ad
2228 5614 2632 5689 insipientibus,
2665 5626 2722 5675 ut
2746 5616 2954 5678 Graecis
2977 5622 3349 5696 evangelizare
3377 5624 3510 5683 vult.
