4030 6202
181 223 280 290 σιθ
376 275 393 289 .

773 226 816 297 ἴ
863 226 1398 291 COMMENTARIUS
1436 228 1506 291 IN
1543 225 1932 293 EPISTOLAM
1974 232 2066 291 AD
2115 227 2464 295 ROMANOS.
2504 232 2660 295 CAP.
2696 238 2741 295 ι.

3344 236 3448 296 650

247 343 367 400 Non
415 343 551 401 enim
597 342 839 403 erubesco
869 349 1231 425 Evangelium.
1281 350 1451 408 Recte
1485 351 1615 409 dicit
1644 370 1750 410 non
1778 356 1830 415 Α
1856 353 1927 410 Et
1968 354 2120 425 plura
2162 355 2285 425 alia,
2328 372 2449 427 quae
2494 370 2811 414 enumerare
2840 354 3152 429 perlongum
3192 361 3295 413 est.
3321 354 3447 413 Sive

178 455 233 497 se
260 438 579 498 erubescere
620 443 1061 513 praedicationem
1106 448 1303 517 crucis,
1335 463 1457 519 qua:
1483 449 1755 505 credenti-

174 536 272 592 bus
302 535 395 591 Dei
424 537 591 592 virtus
628 550 711 594 est
738 539 810 595 xin
857 540 1115 597 salutem.
1144 539 1276 598 Item
1311 542 1410 599 hoc
1437 542 1503 598 ad
1536 548 1761 601 taxatio-

173 644 294 684 nem
341 630 609 685 subtiliter
652 632 886 701 pertinet
916 648 1263 705 paganorum,
1306 637 1418 707 qui,
1479 652 1601 693 cum
1652 652 1759 694 non

177 723 495 779 erubescant
523 724 750 780 credere
780 724 949 781 Deum
981 742 1136 783 suum
1164 728 1353 784 Jovem
1385 739 1608 801 propter
1640 730 1758 787 ina-

178 830 298 872 nem
331 815 634 885 libidinem,
682 819 736 873 in
764 820 1019 876 animalia
1049 822 1463 890 irrationabilia,
1496 832 1551 880 et
1579 826 1763 883 insen-

176 908 347 964 sibilia
380 923 501 965 esse
548 920 846 983 mutatum,
887 914 1043 971 nobis
1072 915 1499 973 erubescendum
1544 927 1756 989 putant,

176 1004 461 1059 Dominum
508 1016 731 1076 propter
759 1007 989 1063 salutem
1022 1008 1220 1079 perditi
1264 1009 1497 1066 hominis
1538 1011 1761 1066 credere

176 1099 490 1155 cruciﬁxum
538 1118 551 1153 :
594 1117 717 1156 cum
750 1102 804 1157 in
834 1102 1007 1158 altero
1034 1102 1365 1159 horrendum
1404 1104 1474 1159 sit
1498 1103 1757 1171 dedecus,

172 1189 224 1245 in
264 1191 435 1248 altero
478 1193 794 1249 admiranda
836 1194 1012 1265 pietas
1054 1205 1219 1265 atque
1264 1197 1454 1251 virtus.
1488 1195 1661 1250 Simul
1704 1205 1760 1251 et

172 1283 295 1339 illos
341 1284 625 1341 haereticos
679 1286 871 1358 tangit,
918 1287 1005 1356 qui
1060 1286 1177 1342 haec
1223 1295 1493 1358 tamquam
1538 1286 1758 1357 indigna

172 1375 284 1431 Deo
327 1376 616 1448 refugiunt,
672 1387 731 1433 ut
780 1379 1057 1435 hominem
1105 1380 1395 1451 indueret,
1449 1396 1606 1451 quem
1660 1397 1757 1451 pro

173 1471 347 1526 salute
390 1472 609 1528 humani
637 1474 850 1544 generis
882 1474 1118 1544 passioni
1147 1473 1419 1541 traderet,
1454 1490 1561 1529 non
1600 1475 1759 1531 intel-

172 1560 399 1635 ligetttes
445 1565 579 1620 nihil
609 1564 823 1637 dignius
850 1574 1121 1636 creatore,
1166 1582 1325 1637 quam
1356 1577 1618 1623 creaturae
1646 1582 1757 1624 sua:

174 1671 365 1713 curare
392 1658 619 1714 salutem
664 1675 678 1712 :
726 1659 959 1715 maxime
990 1674 1111 1714 cum
1144 1658 1262 1728 ipse
1294 1675 1389 1730 per
1417 1661 1520 1716 hoc
1550 1668 1757 1715 natura:

1862 449 2042 504 omnis
2068 450 2342 521 impietas,
2374 451 2440 506 ad
2474 451 2717 508 diversas
2741 447 3009 505 idolorum
3031 452 3269 507 culturas
3305 449 3444 505 refe-

1863 539 2029 595 renda
2060 551 2142 596 est
2186 559 2199 596 :
2228 552 2287 598 ut
2314 542 2566 613 impietas
2594 544 2747 615 quasi
2776 543 2849 598 ad
2876 542 3128 612 injuriam
3159 544 3277 611 Dei,
3306 542 3447 614 inju-

1861 632 2006 688 stitia
2035 648 2166 690 vero
2192 634 2261 691 ad
2284 638 2463 691 omnia
2491 645 2709 707 peccata
2740 637 3017 707 pertinere
3045 636 3309 691 videatur.

1933 727 2131 783 Eorum
2159 730 2246 800 qui
2268 731 2535 785 veritatem
2560 729 2659 786 Dei
2686 732 2741 785 in
2768 730 3033 800 injustitia
3061 729 3304 783 detinent.
3334 729 3441 784 Ve-

1862 821 2075 878 ritatem
2097 824 2331 879 nominis
2358 825 2455 880 Dei
2485 824 2747 895 injustitia
2778 823 3014 893 indigna:
3042 822 3285 878 materiae
3313 822 3447 877 deti-

1861 923 2027 969 nente
2070 914 2337 971 dolorem.
2371 917 2508 973 Item
2555 918 2792 973 scientes
2835 916 3179 987 delinquunt,
3210 915 3322 987 qui,
3351 914 3450 971 Dei

1862 1005 2091 1061 veritate
2117 1006 2318 1077 agnita,
2346 1010 2550 1078 injuste
2577 1018 2761 1081 agunt.

1937 1098 2071 1166 Quia
2093 1102 2236 1170 quod
2261 1110 2443 1155 notum
2470 1112 2541 1158 est
2570 1103 2691 1159 Dei.
2716 1101 2964 1160 Ostendit
2984 1103 3252 1176 quomodo
3272 1103 3447 1160 omnis

1861 1188 2025 1247 homo
2054 1194 2361 1249 naturalem
2396 1195 2607 1251 habens
2652 1196 3010 1264 intellectum,
3057 1198 3304 1269 agnoscit
3330 1212 3453 1253 esse

1862 1280 2248 1354 insequendam
2280 1285 2642 1343 substantiam
2678 1288 3029 1357 invisibilem,
3063 1306 3182 1361 quze
3211 1290 3454 1345 diversas

1862 1374 1916 1430 in
1945 1376 2197 1433 omnibus
2236 1385 2381 1435 artes
2409 1389 2463 1436 et
2491 1378 2809 1450 disciplinas
2838 1392 3111 1451 operatur.
3143 1384 3261 1451 Quo
3290 1385 3453 1440 etiam

1862 1470 2113 1540 exemplo
2142 1470 2423 1527 invisibilis
2449 1472 2589 1527 Deus
2619 1472 2995 1531 manifestatur
3022 1474 3351 1543 hominibus,
3382 1492 3452 1533 ex

1861 1559 1947 1617 his
1968 1564 2249 1632 operibus,
2280 1581 2400 1636 quae
2430 1576 2683 1638 operatus
2714 1575 2819 1634 est,
2849 1578 2907 1624 et
2944 1578 3203 1638 operatur
3230 1587 3245 1624 τ
3287 1568 3451 1625 simul

1862 1660 1918 1707 et
1964 1668 2120 1710 mens
2170 1654 2455 1713 Trinitatis
2503 1658 2841 1714 demonstrat
2891 1658 3200 1729 imaginem,
3252 1660 3306 1715 in
3352 1673 3459 1731 qua

175 1748 563 1805 detrimentum
592 1749 744 1820 quasi
772 1750 1117 1820 impassibilis
1157 1751 1360 1806 sentire
1391 1766 1499 1805 non
1530 1751 1720 1821 possit.
1786 1746 1837 1809 B
1860 1756 2085 1815 generat
2116 1747 2337 1803 insitum
2380 1750 2483 1805 sibi
2523 1752 2771 1819 verbum,
2814 1760 2869 1807 et
2899 1750 3315 1823 inseparabilem
3372 1752 3469 1807 ha-

245 1840 432 1896 Virtus
459 1843 597 1896 enim
623 1842 717 1895 Dei
744 1853 817 1897 est
844 1844 899 1897 in
930 1843 1172 1897 salutem.
1200 1841 1355 1897 Nulla
1384 1843 1559 1913 major
1588 1845 1759 1900 virtus

182 1944 286 2003 est,
323 1951 483 2006 quam
513 1951 633 2007 qua:
661 1935 872 1992 devicta
902 1946 1079 1993 morte
1111 1935 1317 1993 homini
1342 1936 1554 2008 perdito
1585 1938 1761 1994 reddit

174 2028 371 2083 vitam.

245 2118 407 2175 Omni
432 2120 688 2187 credenti.
721 2121 977 2191 Quamvis
1006 2122 1294 2182 inﬁrmitas
1321 2123 1569 2182 videatur
1594 2126 1761 2184 incre~

175 2213 338 2273 dulis.

239 2308 435 2367 ludam
462 2311 688 2384 primum
716 2322 765 2367 et
792 2309 990 2369 Graeco.
1030 2311 1156 2372 Sive
1179 2314 1320 2387 quod
1339 2315 1546 2387 justum
1570 2315 1759 2385 fuerit,

173 2416 231 2462 ut
277 2407 556 2478 quomodo
602 2407 874 2464 Abraham
906 2409 1133 2466 credens
1168 2427 1235 2467 ex
1262 2412 1515 2483 gentibus
1545 2427 1643 2482 per
1675 2426 1765 2468 so-

172 2502 279 2557 lam
309 2502 542 2573 primam
576 2500 735 2557 ﬁdem
762 2502 1002 2559 salvatus
1030 2511 1151 2559 est:
1180 2505 1250 2559 ita
1272 2504 1455 2560 caeteri
1481 2504 1761 2560 credentes

168 2594 534 2652 salvarentur.
586 2593 711 2651 Sive
758 2597 900 2667 quod
949 2595 1081 2651 illud
1134 2594 1568 2665 Testamentum,
1618 2598 1763 2669 quod

170 2705 273 2762 per
318 2690 493 2764 legem
522 2689 663 2747 Deus
706 2706 871 2748 verax
920 2691 1266 2763 promiserat,
1298 2692 1565 2750 debuerat
1610 2692 1763 2750 exhi-

170 2784 327 2841 bere.

242 2872 479 2933 Iustitia
502 2878 641 2933 enim
665 2873 765 2933 Dei
794 2881 847 2934 in
889 2894 950 2935 eo
974 2878 1253 2936 reuelatur.
1280 2878 1533 2937 Ostendit
1566 2898 1632 2939 ex
1662 2882 1768 2938 ﬁde

170 2967 603 3043 uniuscujusque
646 2980 911 3043 nostrum,
963 2972 1360 3044 prmdicationis
1403 2973 1567 3032 ﬁdem
1609 2988 1769 3046 posse

176 3064 458 3121 roborari.

1862 1836 1955 1892 bet
1983 1839 2203 1895 sibimet
2229 1850 2412 1897 natum
2440 1842 2663 1899 verbum
2711 1844 2992 1914 sapientia.
3021 1842 3155 1901 Item
3182 1844 3323 1917 quod
3368 1858 3463 1915 po-

1864 1936 1971 1985 test
2022 1932 2337 1990 naturaliter
2378 1934 2517 1991 scire
2562 1934 2632 1991 de
2678 1934 2824 2005 Deo,
2878 1936 3020 2006 quod
3069 1938 3161 2007 sit,
3213 1948 3267 1996 et
3317 1937 3463 2009 quod

1860 2020 2040 2092 justus
2076 2025 2168 2082 sit.

1943 2115 2283 2191 Manifestum
2324 2129 2399 2177 est
2447 2122 2500 2177 in
2546 2121 2676 2179 illis.
2726 2123 2786 2180 In
2831 2123 3179 2181 conscientiis
3237 2139 3444 2182 eorum.

1880 2209 2069 2268 Omnis
2094 2228 2327 2285 namque
2352 2224 2603 2272 creatura
2637 2216 2806 2273 Deum
2833 2232 2895 2274 se
2924 2232 3088 2274 nosse
3116 2226 3365 2285 testatur,
3406 2227 3462 2274 et

1865 2304 1936 2361 ab
1974 2306 2081 2363 alio
2124 2307 2323 2365 factam
2361 2310 2567 2380 judicat
2605 2328 2619 2364 :
2665 2310 2821 2384 cujus
2850 2311 3114 2367 voluntati
3140 2311 3242 2367 sibi
3270 2326 3465 2382 parere

1868 2416 2096 2458 necesse
2141 2402 2232 2458 sit.
2283 2403 2339 2460 Si
2384 2406 2528 2461 enim
2576 2406 2720 2463 Deus
2774 2422 3047 2462 summum
3076 2420 3331 2477 magnum
3357 2417 3463 2476 est,

1867 2491 2178 2563 invisibilis,
2212 2494 2682 2567 incomparabilis,
2714 2497 3300 2571 incomprehensibilis,
3334 2502 3467 2555 inae-

1866 2585 2158 2643 Stimabilis
2184 2606 2196 2642 :
2222 2596 2276 2645 et
2299 2590 2391 2660 qui
2421 2605 2585 2662 super
2606 2593 2785 2649 omnia
2816 2594 2911 2660 sit,
2944 2594 2997 2649 id
3025 2603 3142 2664 est,
3176 2596 3261 2650 cui
3292 2609 3467 2665 neque

1867 2682 2112 2754 praeponi
2156 2684 2390 2755 aliquid,
2439 2702 2615 2759 neque
2645 2688 2814 2759 possit
2840 2690 3064 2760 aequari,
3102 2690 3218 2745 sive
3249 2690 3465 2761 magni-

1872 2775 2081 2843 tudine,
2113 2776 2229 2833 sive
2258 2777 2526 2847 claritate,
2555 2780 2641 2835 vel
2664 2780 2905 2851 potentia
2940 2781 3325 2837 :manifestum
3357 2789 3467 2848 est,

1872 2865 1981 2925 hoc
2014 2869 2146 2925 nulli
2172 2880 2435 2927 creatura:
2464 2887 2623 2943 posse
2653 2882 2997 2943 competere,
3048 2890 3166 2942 qua:
3197 2884 3251 2931 et
3298 2874 3472 2929 oculis

1874 2962 2114 3030 videtur,
2149 2964 2361 3021 ratione
2382 2965 2676 3036 colligitur,
2700 2974 2756 3022 et
2785 2965 3145 3023 aestimatione
3168 2964 3466 3038 judicatur.

1876 3053 2049 3128 Major
2077 3066 2257 3114 autem
2288 3058 2539 3115 omnibus
2570 3074 2667 3129 per
2694 3061 2875 3116 omnia
2906 3060 3049 3118 nttlla
3080 3069 3166 3117 est
3187 3069 3470 3117 creatura:

241 3153 331 3211 Ea:
385 3156 493 3226 ﬁde
530 3156 586 3212 in
618 3156 793 3228 ﬁdem.
830 3156 961 3215 Sive
988 3158 1133 3230 quod
1175 3174 1245 3215 ex
1292 3157 1398 3216 ﬁde
1443 3158 1769 3231 justiﬂcatur
1795 3140 1845 3208 C
1875 3149 2000 3222 quia
2022 3166 2211 3209 omnes
2236 3166 2297 3209 se
2324 3152 2644 3209 alterutrum
2673 3155 2920 3210 vincunt.
2944 3154 3065 3210 Alia
3094 3155 3238 3211 enim
3264 3154 3475 3225 magni-

169 3246 418 3317 Judaeus,
450 3259 506 3305 et
542 3249 597 3304 in
644 3251 750 3305 ﬁde
778 3251 1016 3322 gentilis.
1061 3250 1129 3306 Et
1178 3250 1304 3308 ideo
1345 3253 1677 3325 exposuerit,
1710 3264 1769 3310 ut

169 3340 476 3412 cacologize
502 3339 695 3397 vitium
721 3341 1038 3399 declinaret.

241 3435 401 3492 Sicut
428 3436 677 3507 scriptum
703 3448 798 3491 est.
831 3436 948 3494 Non
978 3453 1048 3495 ex
1071 3439 1329 3511 operibus
1358 3437 1513 3511 legis.
1580 3430 1581 3433 “

236 3528 436 3586 Justus
467 3542 640 3587 autem
679 3548 743 3585 ea:
774 3533 875 3601 ﬁde
924 3533 1063 3588 vivit.
1112 3534 1403 3605 Propterea
1447 3535 1551 3591 hoc
1593 3532 1767 3591 dicit:

169 3623 297 3695 quia
328 3623 452 3679 sine
481 3624 606 3692 ﬁde,
637 3623 740 3679 hoc
771 3634 875 3690 est,
908 3626 1028 3681 sine
1070 3642 1169 3698 spe
1193 3628 1568 3687 retributionis
1597 3629 1769 3684 bono—-

168 3730 289 3771 rum
319 3730 579 3787 operum,
610 3716 873 3784 perﬁcere
904 3717 1134 3776 virtutes
1164 3737 1325 3778 nemo
1359 3724 1558 3791 poterit
1587 3740 1603 3777 :
1630 3723 1771 3779 sicut

168 3815 223 3863 et
275 3809 395 3879 ipse
444 3808 518 3863 ad
565 3808 824 3867 Hebraeos
874 3812 1169 3883 periiibens
1212 3814 1372 3871 docet
1422 3833 1436 3869 :
1492 3815 1620 3872 Sine
1666 3816 1771 3873 ﬁde

167 3909 347 3957 autem
402 3900 749 3973 impossibile
793 3914 879 3960 est
926 3906 1146 3975 placere
1178 3906 1308 3963 Deo.
1355 3908 1593 3964 Credere
1628 3910 1772 3965 enim

166 4004 387 4065 oportet
417 3995 777 4052 accedentem
810 3998 876 4052 ad
905 3997 1098 4066 Deum,
1123 3999 1251 4070 quia
1278 4011 1384 4070 est,
1414 4010 1471 4056 et
1493 4002 1771 4072 inquiren-

169 4089 316 4145 tibus
348 4106 409 4146 se
439 4100 833 4148 remunerator
860 4092 952 4147 sit.

239 4184 531 4239 Reuelatur
562 4185 700 4239 enim
731 4184 810 4237 ira
834 4182 930 4237 Dei
959 4185 1023 4239 de
1052 4186 1201 4241 caelo.
1233 4186 1291 4243 Si
1324 4187 1626 4244 dicentibus
1656 4188 1771 4246 Ma-

168 4278 420 4347 nichaais,
457 4277 699 4335 crudelis
728 4278 989 4333 asseritur
1018 4276 1161 4335 Deus
1192 4281 1395 4336 veteris
1413 4280 1771 4351 Testamenti,

170 4372 294 4444 quia
323 4388 497 4442 super
527 4381 852 4444 peccatores
880 4372 1170 4429 vindictam
1212 4374 1471 4432 inducat:
1500 4377 1774 4448 quomodo

168 4464 272 4522 hoc
304 4467 429 4523 loco
463 4467 537 4522 ab
567 4466 832 4535 Apostolo
874 4467 1067 4523 dicitur
1094 4484 1124 4523 a
1154 4468 1265 4525 Deo
1290 4471 1414 4526 novi
1441 4471 1785 4530 Testamenti

1876 3243 2069 3301 tudine
2093 3287 2110 3315 ,
2161 3254 2219 3303 ut
2244 3244 2464 3316 caelum,
2498 3255 2663 3303 terra.
2703 3246 2823 3302 Alia
2850 3247 3117 3316 claritate,
3151 3257 3210 3303 ut
3248 3247 3353 3317 sol,
3388 3247 3477 3304 vel

1877 3337 2058 3394 stella.
2092 3338 2211 3395 Alia
2242 3340 2549 3408 altitudine,
2576 3348 2636 3395 ut
2658 3354 2827 3396 mare.
2865 3339 2942 3394 lta
2970 3355 3099 3411 ergo
3129 3339 3469 3410 pervidetur,

1879 3435 2004 3506 quia
2036 3434 2245 3491 nullum
2274 3436 2603 3491 elementum
2632 3434 2705 3489 sit
2735 3434 2898 3489 Deus.
2928 3432 3083 3501 Quod
3108 3442 3291 3490 autem
3334 3434 3475 3490 iacta

1881 3527 2015 3595 sint,
2064 3526 2398 3581 mutabilitas
2450 3540 2658 3591 eorum,
2692 3540 2811 3596 quae
2841 3538 2948 3580 non
2984 3534 3163 3595 potest
3187 3524 3388 3581 cadere
3416 3526 3474 3579 in

1881 3618 2286 3685 aeternitatem,
2338 3616 2697 3671 demonstrat.
2750 3616 2905 3683 Quod
2955 3629 3087 3672 vero
3132 3630 3241 3673 non
3293 3617 3476 3685 seipsa

1882 3714 2132 3779 fecerint,
2184 3710 2526 3767 manifesmm
2553 3720 2668 3767 est:
2695 3711 2821 3781 quia
2849 3710 2896 3765 si
2939 3726 3000 3766 se
3044 3711 3157 3781 ipsa
3205 3710 3475 3782 fecerunt,

1879 3806 1992 3879 jam
2026 3814 2181 3863 erant
2228 3815 2519 3878 antequam
2564 3806 2774 3874 ﬁerent,
2819 3812 2877 3861 ut
2916 3821 2976 3861 se
3002 3804 3181 3862 facere
3224 3814 3471 3878 possent,

1884 3900 2029 3972 quod
2057 3900 2215 3956 valde
2238 3899 2531 3955 absurdum
2582 3907 2665 3955 est
2693 3899 2892 3955 dicere.
2916 3899 3051 3955 Cum
3081 3915 3211 3956 vero
3239 3902 3472 3971 variant,

1887 4006 1945 4052 et
1993 3994 2216 4051 ordines
2261 4010 2387 4050 suos
2437 4002 2767 4065 permutant,
2817 4004 2871 4049 et
2897 3993 3219 4049 alterutrum
3250 3996 3474 4063 cedunt,

1888 4088 2186 4145 ostendunt
2210 4102 2268 4144 se
2293 4086 2362 4143 ab
2384 4102 2490 4142 uno
2512 4095 2735 4142 auctore
2764 4085 2925 4153 facta,
2957 4094 3013 4142 et
3037 4102 3146 4141 non
3172 4101 3345 4154 suam,
3378 4088 3479 4143 sed

1887 4181 2105 4238 Domini
2135 4181 2218 4237 sui
2246 4180 2424 4237 facere
2448 4179 2782 4237 voluntatem
2808 4196 2822 4233 :
2850 4178 3006 4250 cujus
3037 4178 3339 4251 transgredi
3366 4194 3475 4235 non

1887 4284 2119 4349 possunt
2148 4276 2462 4346 imperium.

1962 4368 2103 4425 Deus
2138 4369 2272 4423 enim
2301 4364 2407 4421 illis
2434 4365 2802 4439 manifestavit.
2837 4363 3022 4421 Virtus
3053 4364 3197 4421 enim
3237 4364 3355 4435 ejus
3387 4378 3479 4421 oc-

1890 4465 2060 4532 culta,
2097 4478 2162 4519 es
2191 4463 2277 4518 bis
2311 4478 2431 4533 qua:
2460 4462 2634 4533 palam
2681 4469 2835 4528 sunt,
2878 4460 3193 4514 aestimatur.
3238 4455 3297 4512 Si
3331 4457 3478 4513 enim

166 4558 469 4615 vindictam
493 4559 680 4629 impiis
705 4559 1015 4616 hominibus
1038 4560 1409 4618 inferendam?
1444 4564 1592 4622 Unde
1612 4582 1783 4623 mon--
1811 4548 1869 4613 Ῑ)
1892 4575 1957 4617 ea
1984 4574 2105 4630 qua!
2134 4558 2389 4615 "idem"?
2402 4599 2417 4625 ι
2452 4564 2560 4614 tam
2593 4555 2849 4628 Ρτεεθιπθ
2876 4554 2945 4609 ab
2972 4568 3037 4609 θο
3061 4553 3200 4608 fama
3233 4559 3387 4619 sum,
3421 4560 3480 4607 ιιι

167 4660 395 4721 stratur,
437 4668 615 4710 unum
647 4652 1007 4724 eamdemque
1034 4653 1204 4710 Deum
1233 4670 1354 4713 esse
1380 4658 1504 4712 novi
1540 4666 1595 4714 et
1621 4670 1769 4718 vete-

171 4745 244 4800 ris
295 4745 668 4802 Testamenti.
716 4746 850 4802 item
909 4746 1095 4816 incipit
1146 4748 1213 4802 ad
1264 4758 1474 4819 partem
1525 4754 1768 4823 gentium

170 4838 341 4911 loqui,
387 4842 641 4914 dicitque
670 4840 767 4896 Dei
817 4842 952 4896 iram
1003 4856 1099 4912 per
1124 4842 1480 4914 Evangelium
1511 4848 1764 4919 revelari,

169 4934 285 4990 sive
337 4951 439 5007 per
472 4946 688 4992 natura:
717 4935 1088 4991 testimonium
1135 4952 1149 4988 :
1198 4947 1465 4994 noverunt
1490 4940 1631 4995 enim
1670 4941 1770 4999 ho-

169 5027 366 5095 mines,
399 5037 458 5086 et
505 5028 794 5096 beneﬁcia,
824 5037 878 5084 et
909 5029 1091 5101 plagas
1121 5038 1441 5101 exspectare
1472 5032 1540 5089 de
1568 5034 1729 5092 cwlo.

243 5116 419 5193 Super
448 5137 661 5176 omnem
686 5121 1027 5191 impietatem,
1059 5131 1108 5176 et
1140 5122 1453 5197 injustitiam
1476 5126 1763 5186 hominum.

172 5208 312 5269 Tres
351 5227 480 5271 esse
512 5211 771 5269 videntur
799 5213 1123 5284 impietates.
1156 5213 1339 5271 Prima
1370 5225 1423 5273 et
1451 5220 1681 5275 maxima
1709 5222 1767 5278 in

168 5302 367 5371 Deum,
398 5320 527 5377 quae
573 5313 667 5360 aut
691 5320 786 5377 per
835 5304 1246 5376 blasphemiam,
1275 5317 1368 5363 aut
1394 5324 1491 5380 per
1540 5310 1767 5367 idolola—

171 5395 335 5451 triam
361 5396 696 5453 admittitur.
724 5395 993 5466 Secunda,
1021 5398 1072 5454 in
1124 5408 1396 5471 parentes,
1429 5412 1521 5459 aut
1547 5403 1764 5475 injuria,

170 5497 266 5543 aut
294 5497 652 5559 contemptus
679 5505 693 5543 :
725 5489 863 5546 sicut
890 5490 1145 5546 scribitur
1173 5489 1228 5547 in
1257 5491 1497 5549 Levitico
1524 5514 1535 5548 :
1561 5495 1615 5552 Si
1644 5496 1769 5567 quis

175 5580 472 5638 dormierit
523 5596 649 5635 cum
691 5598 859 5639 uxore
889 5584 1056 5654 patris
1105 5585 1207 5655 sui,
1242 5596 1417 5643 morte
1460 5589 1764 5646 moriatur:

170 5674 338 5728 ambo
386 5671 729 5743 impietatem
776 5672 1035 5730 iecerunt.
1080 5674 1287 5745 Tertia,
1338 5679 1392 5733 in
1443 5688 1776 5750 extraneos,-

172 5776 232 5827 ut
256 5777 345 5827 est
372 5764 513 5827 illud
547 5783 561 5818 :
598 5762 664 5819 Et
692 5774 745 5821 tu
772 5768 1021 5823 remisisti
1061 5769 1392 5840 impietatem
1422 5773 1599 5839 cordis
1633 5777 1775 5834 meis

467 5862 753 5925 Parnm.
808 5861 1017 5949 XXX.

1892 4654 2113 4729 quidam
2135 4652 2225 4708 illa
2248 4652 2381 4708 deos
2404 4660 2678 4720 putarent,
2708 4658 2764 4703 et
2787 4654 2986 4702 aeterna
3018 4660 3139 4701 esse
3163 4651 3435 4700 tentarent
3462 4662 3481 4700 :

1894 4758 2098 4823 quanto
2128 4746 2301 4818 magis
2341 4745 2606 4800 factorem
2638 4742 3029 4811 sempiternum
3049 4747 3107 4795 et
3134 4742 3483 4809 omnipoten-

1894 4854 2031 4910 tem,
2063 4850 2120 4898 et
2164 4842 2487 4896 immensum
2520 4850 2642 4891 esse
2690 4833 2999 4904 intelligere
3036 4833 3361 4903 potuerunt!
3395 4846 3479 4888 se-

1892 4934 2138 4995 cundum
2208 4929 2499 5002 Sapientia:
2550 4926 2749 4982 librum
2806 4924 3079 4981 dicentem
3121 4942 3135 4982 :
3197 4924 3280 4981 Ad
3330 4924 3482 4996 cujus

1901 5027 2323 5102 magnitudinem
2345 5067 2361 5095 ,
2394 5030 2644 5080 creatura
2670 5028 2988 5092 comparata
3006 5060 3023 5090 ,
3054 5018 3258 5092 poterit
3286 5018 3483 5075 horum

1890 5130 2116 5180 creator
2134 5118 2326 5187 videri,
2351 5124 2454 5172 etc.

1977 5210 2269 5271 Invisibilia
2293 5208 2428 5267 enim
2450 5206 2615 5279 ipsius
2634 5223 2667 5259 a
2694 5213 2929 5260 creatura
2950 5203 3129 5260 mundi
3154 5220 3243 5276 per
3264 5220 3346 5273 ea,
3374 5217 3489 5274 qua:

1896 5311 2045 5383 facta
2088 5313 2242 5375 sunt,
2294 5300 2555 5358 intellecta
2596 5299 2997 5371 conspiciuntur.
3037 5298 3169 5355 Tam
3207 5296 3488 5354 evidenter

1896 5403 2182 5461 intellecta
2211 5408 2358 5467 sunt,
2390 5406 2451 5453 ut
2470 5404 2755 5467 conspecta
2786 5394 3055 5450 dicantur.

1984 5494 2311 5565 Sempiterna
2353 5505 2554 5562 quoque
2601 5487 2711 5560 ejus
2759 5486 2920 5541 virtus
2962 5495 3010 5541 et
3036 5482 3312 5553 divinitas,
3338 5484 3413 5538 ita
3437 5492 3492 5538 ut

1907 5591 2012 5645 sint
2038 5584 2433 5642 inexcusabiles.
2464 5578 2601 5649 Quia
2634 5597 2749 5634 cum
2775 5576 3126 5650 cognouissent
3154 5572 3341 5634 Deum.
3366 5577 3494 5635 Sive

1885 5700 2010 5758 -per
2034 5692 2301 5747 naturam,
2331 5677 2447 5735 sive
2474 5692 2570 5747 per
2592 5675 2876 5742 facturam,
2903 5684 2959 5731 et
2984 5670 3278 5733 rationem.

1988 5779 2113 5837 Non
2155 5778 2285 5836 sicut
2334 5772 2505 5832 Deum
2545 5768 2994 5848 gloriﬁcaverunt,
3039 5782 3130 5829 aut
3162 5772 3358 5847 gratias
3386 5788 3505 5849 ερατ

2989 5867 3065 5929 21
