4030 6202
182 157 278 217 6ἔό

836 158 1372 222 COMMENTARIUS
1409 159 1476 226 IN
1517 159 1906 228 EPISTULAM
1942 161 2032 220 AD
2068 162 2414 224 ROMANOS.
2454 162 2610 222 CAP.
2650 163 2716 222 ll.

3256 217 3270 230 .
3354 172 3465 240 θδι

176 274 403 332 ostendit
436 274 713 348 quomodo
741 279 1109 352 unusquisque
1151 277 1428 332 hominum
1459 277 1528 333 sit
1567 291 1598 332 a
1629 277 1738 332 Deo
1763 284 1818 348 Α
1846 287 1949 334 tor.
1969 279 2119 335 Multi
2149 295 2210 336 se
2239 280 2485 335 homines
2521 295 2618 351 per
2648 285 2950 362 patientiam
2982 295 3072 352 Dei
3103 294 3403 366 seducunt
3431 315 3449 350 :

173 368 463 425 secundum
489 380 639 426 actus
669 370 917 442 proprios
939 369 1262 440 judicandus
1286 388 1300 425 :
1333 372 1388 427 in
1411 386 1515 444 quo
1543 379 1595 426 et
1627 369 1742 441 ipse

172 463 332 518 alium
373 463 644 519 hominem
683 473 994 533 peccantem
1042 465 1248 536 judicat
1291 473 1456 535 atque
1491 462 1744 520 condem-

173 568 281 612 nat.
308 557 438 614 ltem
461 574 580 613 cum
612 543 775 624 exeo
801 559 905 616 sibi
934 560 1162 634 quisque
1186 559 1464 630 displicet,
1496 559 1640 639 quod
1670 558 1745 614 fe-

173 651 302 706 cerit
330 652 686 724 malumqDei
711 653 976 726 justitiam
1001 655 1323 728 cognovisse
1367 654 1603 711 dicitur:
1637 666 1746 712 non

169 743 556 801 intellexerunt
588 745 724 803 tales
751 747 822 804 ab
849 762 937 818 eo,
965 756 1022 805 et
1051 747 1098 804 si
1126 763 1234 805 non
1263 748 1320 804 in
1349 745 1632 820 praesenti,
1663 755 1745 803 ta-

171 853 289 906 men
328 838 384 896 in
432 839 612 900 futuro
649 856 773 900 esse
797 843 1119 916 puniendos.
1153 845 1212 901 Si
1253 844 1400 912 enim
1447 841 1749 914 intellexis-

167 942 304 1004 sent,
337 932 521 1010 utique
546 934 669 994 talia
700 937 1038 993 committere
1067 937 1390 1004 timuissent.

239 1025 364 1084 Non
408 1031 578 1085 solum
613 1032 704 1102 qui
743 1049 800 1086 ea
835 1032 1070 1110 faciunt,
1099 1032 1188 1087 sed
1217 1033 1372 1087 etiam
1411 1031 1500 1102 qui
1536 1046 1747 1096 consen-

165 1121 299 1176 tiunt
326 1123 651 1193 facientibus.
679 1122 757 1180 Ne
785 1125 905 1195 quis
928 1123 1153 1188 diceret,
1188 1123 1304 1179 hzec
1338 1139 1442 1178 non
1472 1122 1657 1189 omnia
1686 1136 1748 1178 se

165 1213 398 1270 fecisse:
435 1215 661 1283 addidit,
694 1218 784 1288 qui
811 1217 1162 1286 consentiunt
1189 1215 1528 1272 facientibus.
1560 1215 1668 1272 Sed
1694 1223 1750 1270 et

160 1307 253 1392 qni
296 1305 350 1362 in
391 1309 506 1362 istis
557 1325 664 1374 non
702 1310 1012 1377 consensit,
1062 1310 1153 1382 qui
1197 1308 1517 1380 judicabant
1559 1307 1749 1382 hujus-

163 1398 308 1453 modi
336 1414 351 1455 :
379 1408 556 1456 tamen
581 1399 906 1458 idololatriae
934 1402 1346 1472 consentiendo,
1367 1417 1489 1473 quae
1509 1403 1748 1468 omnium

161 1491 355 1548 horum
383 1503 546 1566 caput
581 1503 635 1552 et
668 1510 831 1552 causa
859 1506 976 1564 est,
1021 1496 1269 1555 omnibus
1298 1497 1646 1554 consensisse
1675 1498 1751 1556 vi-

159 1585 413 1644 debatur.

770 1680 1001 1738 CAPUT
1038 1681 1106 1738 ll:

231 1768 462 1844 Propter
491 1770 628 1842 quod
658 1773 1023 1829 inexcusabilis
1053 1789 1130 1842 es,
1162 1791 1192 1842 ρ
1234 1773 1388 1830 homo
1427 1773 1590 1830 omnis
1616 1817 1631 1843 ,
1664 1773 1752 1852 qui

142 1865 392 1940 judicas.
437 1865 504 1923 In
543 1882 642 1936 quo
669 1866 804 1920 enim
830 1867 1054 1922 alterum
1082 1868 1293 1939 judicas
1319 1909 1334 1936 ,
1363 1868 1581 1939 teipsum
1623 1884 1751 1922 con-

154 1958 404 2012 demnas.
452 1956 651 2013 Eadem
681 1960 816 2014 enim
847 1961 981 2032 agis,
1011 1977 1127 2032 qua:
1146 1963 1382 2034 judicas.
1413 1961 1614 2018 Omnes
1646 1962 1749 2028 htt—

149 2049 422 2132 jnsmodi,
448 2051 538 2130 qui
563 2051 958 2122 dijudicabant,
984 2055 1217 2112 maxime
1246 2062 1424 2124 tamen
1448 2055 1505 2111 hi
1534 2053 1626 2128 qui
1655 2055 1754 2112 ha-

148 2143 285 2199 bent
328 2145 381 2198 in
410 2135 883 2228 reprehendendo
923 2145 1183 2228 judicium
1210 2147 1422 2220 judices
1461 2159 1516 2208 et
1546 2148 1753 2204 domini

150 2239 578 2294 Conveniuntur.
625 2239 866 2295 Naturali
907 2241 1052 2296 enim
1093 2240 1298 2311 judicio
1344 2242 1559 2314 dignam
1596 2242 1752 2298 factis

147 2332 367 2412 profert
415 2333 787 2404 unusquisque
839 2333 1160 2400 sententiam
1196 2350 1210 2386 :
1241 2349 1536 2418 omnesque
1589 2350 1752 2400 nove-

147 2433 316 2490 runt,
350 2431 407 2478 et
434 2423 799 2480 innocentiam
832 2424 1031 2480 mereri
1058 2425 1362 2496 prmmium,
1403 2436 1458 2481 et
1487 2427 1751 2481 malitiam

142 2515 367 2572 habere
394 2517 736 2588 supplicium.

224 2609 445 2664 Scimus
476 2611 609 2664 enim
637 2612 877 2680 quoniam
905 2611 1167 2686 judicium
1210 2609 1308 2666 Dei
1343 2621 1421 2668 est
1466 2611 1753 2667 secundum

140 2702 464 2778 veritatem,
518 2704 570 2756 in
612 2720 696 2758 eos
745 2705 833 2775 qui
875 2704 1001 2760 talia
1043 2713 1222 2776 agunt.
1257 2703 1539 2760 Existimas
1579 2712 1755 2757 autem

141 2795 268 2860 hoc,
308 2811 341 2846 ο
369 2796 521 2848 homo
549 2796 737 2861 omnis,
770 2798 856 2867 qui
874 2796 1090 2868 judicas
1117 2814 1237 2866 eos,
1275 2799 1366 2870 qui
1396 2796 1526 2852 talia
1553 2807 1711 2869 agunt
1735 2838 1750 2864 ,

139 2896 189 2941 et
224 2889 365 2958 facis
398 2905 458 2950 ea
483 2905 500 2943 :
528 2891 650 2960 quia
680 2897 735 2944 tu
763 2889 978 2964 e/I’ugies
993 2891 1257 2966 judicium
1280 2890 1420 2946 Dei?
1445 2890 1752 2947 Secundum

142 2982 452 3036 veritatem
500 2983 606 3035 erit
645 2981 906 3060 judicium
936 3025 951 3049 ,
989 2998 1100 3068 quo
1136 2983 1520 3052 judicabantur
1571 2983 1755 3052 hujus-

1843 371 1938 453 qui
1974 372 2198 430 nonvult
2238 373 2420 429 statim
2451 372 2642 445 punire
2668 389 2984 443 peccantes:
3020 394 3257 453 putatur
3287 382 3437 442 enim

1846 451 1939 522 aut
1981 481 2068 523 res
2097 465 2357 522 humanas
2395 466 2615 522 minime
2641 480 2858 544 curare,
2884 481 2976 525 aut
3012 451 3211 543 culpas
3238 471 3434 528 indul~

1845 575 1994 634 gere,
2024 559 2145 634 quia
2192 559 2390 616 diﬂ'ert.
2419 559 2669 634 Plerique
2712 558 2870 618 etiam
2909 573 3098 631 contra
3128 579 3192 619 se
3221 564 3430 623 calum-

1848 635 2086 722 niantur,
2116 667 2213 722 cur
2243 652 2297 708 in
2337 653 2590 725 prtesenti
2620 669 2726 711 non
2749 655 2958 712 reddit:
2985 671 3092 712 non
3123 654 3430 723 intelligen-

1848 754 1952 812 tes,
1986 742 2127 818 quod
2157 744 2200 801 si
2231 743 2307 813 ita
2351 745 2534 813 fieret,
2565 746 2742 804 nullus
2779 762 2913 831 pene
2941 747 3223 818 hominum
3258 760 3429 806 rema-

1848 846 2045 895 neret:
2087 853 2189 894 nec
2220 854 2473 909 umquam
2517 836 2587 893 de
2624 838 2837 908 injustis
2882 839 3074 896 fierent
3108 837 3266 912 justi.
3307 837 3430 900 Ideo

1849 943 2030 1002 autem
2071 932 2381 988 hominibus
2404 931 2618 989 videtur
2646 933 2788 1002 Deus
2825 933 2916 990 diu
2945 945 3267 1006 exspectare
3305 950 3426 1006 pec-

1849 1036 2036 1082 cantes
2062 1043 2074 1080 :
2111 1025 2235 1096 quia
2264 1041 2362 1082 nos
2391 1041 2512 1080 cum
2555 1026 2708 1102 parvi
2742 1029 3003 1097 temporis
3031 1026 3236 1092 simus,
3265 1041 3432 1084 annos

1852 1129 2067 1176 centum
2124 1120 2488 1175 aeternitatem
2540 1129 2816 1190 putamus.
2881 1117 2975 1175 Ille
3022 1126 3249 1187 autem,
3295 1124 3435 1190 apud

1851 1226 2015 1285 quem
2063 1210 2214 1276 mille
2254 1210 2385 1266 anni
2414 1226 2512 1283 pro
2542 1229 2649 1268 uno
2680 1221 2806 1267 sunt
2842 1210 2962 1275 die,
3007 1219 3224 1267 centum
3271 1227 3439 1269 annos

1851 1307 2015 1367 unius
2040 1305 2190 1364 hora:
2215 1322 2325 1362 sua:
2347 1309 2522 1378 spatio
2550 1323 2658 1364 non
2679 1315 2956 1376 cotequat;
2983 1314 3315 1376 quapropter
3343 1306 3442 1361 hoc

1851 1413 2081 1486 parvum
2109 1409 2190 1455 est
2215 1400 2358 1471 apud
2397 1415 2521 1456 eum
2548 1417 2560 1454 :
2593 1415 2714 1456 cum
2747 1397 2916 1454 etiam
2958 1397 3208 1453 homines
3237 1397 3445 1454 soleant

1853 1492 2028 1548 multo
2050 1501 2295 1562 tempore
2324 1492 2722 1562 correptionem
2756 1506 2980 1562 sperare
3010 1489 3368 1561 peccantium.

1927 1588 2231 1644 Secundum
2253 1596 2426 1644 autem
2445 1587 2692 1658 duritiam
2717 1597 2882 1654 tuam,
2907 1595 2956 1640 et
2981 1585 3302 1657 impaenitens
3326 1603 3436 1642 cor.

1777 1672 1831 1770 β
1856 1681 1939 1768 Tu
1968 1694 2148 1740 autem
2176 1683 2492 1762 imprudens
2516 1699 2679 1761 aeger,
2712 1683 2780 1738 ad
2812 1683 3036 1738 vulnera
3065 1683 3241 1756 major
3255 1683 3447 1754 abute-

1853 1775 1927 1829 ris
1956 1774 2078 1850 ipso
2108 1775 2348 1842 remedio
2376 1793 2390 1830 :
2422 1775 2544 1846 quia
2579 1775 2734 1843 juxta
2779 1773 3103 1832 sententiam
3134 1774 3277 1830 beati
3319 1776 3443 1846 Job,

1855 1867 2192 1946 paenitentia
2238 1867 2359 1923 loco
2400 1867 2644 1923 abuteris
2685 1867 2738 1921 in
2787 1866 3114 1938 superbiam.
3157 1867 3310 1924 Unde
3337 1887 3447 1924 non

1853 1953 2034 2032 agnita
2068 1960 2236 2029 pietas
2275 1957 2449 2034 majus
2482 1958 2576 2015 tibi
2603 1957 2870 2030 judicium
2917 1969 3072 2030 parat
3105 1974 3118 2010 :
3163 1969 3224 2014 ut
3263 1961 3443 2018 vindi-

1854 2039 1997 2108 ciam
2025 2051 2246 2117 sentiat,
2276 2042 2373 2123 qui
2394 2050 2824 2108 misericordiam
2855 2051 3060 2108 sentire
3087 2055 3443 2123 contempsit.

1852 2141 2076 2213 Iterum,
2116 2161 2277 2201 omne
2315 2147 2461 2208 enim
2493 2161 2610 2213 cor,
2646 2145 2790 2218 quod
2839 2161 2946 2201 non
2995 2147 3183 2212 sentit,
3235 2137 3454 2218 indura-

1854 2247 1963 2292 tur.
1998 2235 2113 2292 Hoc
2141 2237 2285 2292 enim
2310 2238 2470 2293 modo
2493 2223 2766 2292 induravit
2799 2238 2937 2293 Deus
2968 2253 3064 2294 cor
3091 2225 3408 2302 Pharaonis.

1930 2328 2274 2384 Thcsaurizas
2305 2331 2396 2384 tibi
2417 2332 2550 2384 iram
2578 2331 2633 2384 in
2674 2330 2756 2386 die
2783 2331 2895 2397 irtc,
2928 2345 2973 2386 et
2995 2333 3326 2386 reuelationis
3351 2336 3447 2406 ju-

1854 2426 1923 2488 sti
1934 2425 2129 2498 judicii
2155 2425 2254 2480 Dei
2277 2443 2296 2480 :
2316 2426 2404 2496 qui
2432 2425 2601 2490 reddit
2639 2427 2917 2498 unicuique
2959 2427 3247 2482 secundum
3289 2445 3444 2500 opera

1853 2523 1990 2594 ejus.
2027 2519 2082 2575 ln
2103 2519 2246 2588 diem
2271 2519 2482 2594 judicii,
2517 2521 2651 2574 iram
2687 2519 2778 2580 tibi
2809 2533 2976 2590 super
3009 2521 3144 2576 iram
3178 2521 3295 2589 ipse
3324 2505 3455 2575 con-

1857 2613 1944 2671 dis
1977 2633 1988 2668 :
2021 2616 2111 2687 qui
2147 2615 2235 2670 die
2259 2615 2482 2684 definito
2503 2656 2517 2682 ,
2537 2605 2602 2674 et
2628 2627 2780 2670 certo
2805 2621 3051 2686 tempore
3076 2615 3378 2690 apparebit.

1933 2706 2033 2762 His
2069 2708 2274 2779 quidem
2301 2707 2391 2775 qui
2417 2707 2700 2762 secundum
2743 2708 3044 2778 patientiam
3091 2691 3211 2762 (iani
3259 2709 3447 2780 aperis.

1859 2798 1997 2855 Boni
2031 2801 2213 2872 operis
2267 2815 2480 2855 merces
2531 2815 2629 2870 per
2686 2802 2999 2870 patientiam
3054 2783 3446 2872 exspectatur:

1859 2894 1984 2964 quia
2015 2893 2066 2948 in
2099 2894 2350 2963 praesenti
2379 2894 2485 2946 vita
2525 2909 2632 2948 non
2665 2892 2928 2949 redditur.
2973 2893 3076 2949 Per
3103 2892 3263 2966 [idem
3299 2893 3442 2964 enim

1864 2988 2222 3053 ambulamus,
2272 2998 2326 3042 et
2368 3001 2473 3043 non
2505 3001 2600 3058 per
2625 2985 2884 3057 speciem.
2919 2987 2984 3041 Et
3033 2996 3158 3056 tunc
3196 2985 3302 3042 erit
3329 2971 3455 3056 per-

138 3073 326 3139 modi,
356 3073 448 3152 qui
481 3088 585 3127 non
617 3055 984 3129 condemnare
1011 3053 1066 3128 in
1099 3073 1222 3128 aliis
1266 3083 1590 3147 potuerunt,
1637 3090 1754 3144 quae
1861 3065 2064 3136 fectu-tn
2097 3095 2254 3150 opus,
2279 3078 2323 3134 si
2351 3078 2405 3134 in
2446 3053 2606 3150 ﬁnem
2643 3053 2815 3151 usque
2845 3054 3123 3149 duraverit
3153 3097 3165 3133 :
3197 3053 3454 3150 quia-qui

135 3165 248 3236 ipsi
284 3165 643 3221 committere
688 3179 793 3220 non
829 3167 1145 3220 timuerunt.
1189 3165 1248 3222 Si
1282 3167 1424 3221 etaim
1451 3175 1530 3238 tu,
1567 3181 1756 3238 pecca-

133 3269 226 3312 tor
249 3303 263 3324 ,
301 3269 659 3327 peccatorem
691 3257 788 3312 tibi
819 3255 1050 3312 similem
1074 3257 1324 3326 judicas,
1355 3267 1556 3330 quanto
1588 3249 1756 3328 magis

136 3343 303 3416 Deus
348 3348 535 3419 justus
565 3359 616 3405 te
639 3347 905 3419 judicabit
933 3349 1222 3420 injustum!
1257 3365 1328 3406 ne
1355 3350 1432 3405 illi
1469 3351 1607 3406 mala
1635 3351 1754 3420 pla-

127 3459 268 3500 cere
291 3486 308 3511 ,
348 3452 412 3498 et
455 3443 747 3512 displicere
774 3443 912 3510 bona
949 3443 1178 3500 forsitan
1207 3445 1530 3502 videantur:
1560 3445 1756 3517 quippe

127 3550 303 3614 quem
341 3535 469 3590 sine
495 3551 852 3606 personarum
876 3538 1234 3614 acceptione,"
1259 3555 1360 3595 nec
1404 3541 1592 3596 amicis
1621 3541 1754 3608 suis,

126 3613 236 3683 nec
267 3629 494 3698 angelis
536 3628 765 3700 legimus
804 3613 1757 3702 pepercisse“pecca‘niib‘usfllm-

128 3736 266 3776 num
327 3710 524 3776 autem
572 3721 832 3792 judicium
900 3724 1086 3780 multis
1135 3727 1314 3795 modis
1369 3729 1752 3800 corrumpitur.

124 3811 372 3880 Amore,
402 3813 552 3880 odio,
584 3815 802 3882 timore,
835 3817 1061 3872 avaritia
1089 3833 1237 3889 saepe
1259 3819 1451 3891 judicii
1474 3822 1758 3893 integritas

121 3903 385 3959 violatur
413 3922 428 3959 :
465 3915 519 3958 et
543 3915 730 3960 contra
760 3906 982 3976 iustitiae
1011 3899 1265 3980 regulam
1286 3911 1558 3968 interdum
1591 3903 1756 3970 mise-

124 3997 384 4054 ricordia
419 3996 732 4053 inclinatur.
1705 3997 1710 4006 ’

199 4093 289 4146 Αη
325 4077 550 4147 divitias
579 4091 828 4148 bonitatis
862 4095 997 4166 ejus,
1046 4104 1092 4150 et
1120 4097 1418 4168 patientiae,
1446 4107 1496 4153 et
1523 4099 1761 4172 longani-

121 4187 338 4241 mitatis
394 4187 731 4241 contemnis?
772 4185 997 4258 Ignoras
1034 4191 1283 4259 quoniam
1329 4193 1615 4264 benignitas
1659 4181 1758 4246 Dei

120 4281 192 4333 ad
238 4280 617 4351 paenitentiam
658 4290 706 4334 te
750 4279 1007 4335 adducit?
1053 4281 1151 4338 Hic
1187 4294 1376 4354 aperte
1426 4265 1759 4342 monstratur

121 4390 303 4445 quare
345 4374 637 4447 peccaturi
665 4373 934 4431 desideria
962 4375 1146 4432 cordis
1177 4379 1259 4433 sui
1288 4378 1555 4436 dimiserit
1578 4381 1756 4437 Deus:

1863 3174 2297 3268 perseveraverit
2327 3189 2495 3248 usque
2525 3172 2577 3244 in
2611 3173 2794 3240 tinem,
2827 3173 2915 3226 hic
2939 3173 3122 3242 salvus
3145 3172 3269 3226 erit.

1937 3266 2173 3336 Gloriam
2203 3277 2248 3338 et
2279 3261 2547 3340 honorem,
2601 3276 2650 3334 et
2694 3265 3156 3335 incorruptionem.
3187 3262 3453 3332 Gloriam,

1861 3373 1970 3445 qua
1995 3358 2168 3434 sancti
2203 3353 2490 3428 fulgebunt
2518 3366 2575 3411 ut
2598 3357 2702 3439 sol.
2737 3356 3036 3426 Honorem,
3071 3355 3304 3422 ﬁliorum
3335 3357 3452 3445 Dei,

1860 3437 1972 3520 quo
1998 3450 2128 3505 nihil
2157 3458 2241 3504 est
2270 3447 2442 3518 majus
2467 3464 2480 3499 :
2516 3437 2629 3530 per.
2656 3462 2817 3530 quem
2858 3447 3024 3517 etiam
3052 3449 3274 3518 angelos
3300 3437 3446 3521 judi-

1861 3545 2086 3608 cabunt.
2115 3521 2590 3618 incorruptionem
2614 3521 2738 3595 vita:
2765 3552 3065 3622 perpeture.

1940 3633 2296 3704 Qutprentibus
2339 3621 2517 3686 ‘vitam
2565 3621 2825 3702 retentant.
2886 3633 2989 3705 Qui
3044 3650 3140 3705 per
3185 3635 3457 3710 patientia:

1865 3710 2034 3798 opera
2064 3727 2262 3796 quierit
2291 3725 2456 3780 vitam
2488 3735 2748 3782 mternam
2789 3726 2889 3782 ista
2935 3727 3115 3800 omnia
3163 3711 3451 3802 consequi-

1863 3830 1973 3900 tur.
2000 3820 2171 3900 Ethui
2200 3819 2360 3888 habet
2381 3819 2520 3875 hanc
2544 3835 2718 3900 spem,
2737 3821 2789 3892 in
2811 3837 2876 3878 eo
2898 3823 3201 3890 sanctiﬁcat
3226 3839 3286 3880 se
3305 3865 3321 3898 ,
3343 3824 3453 3880 sic-

1867 3925 2002 3994 utet
2027 3915 2117 3988 ille
2146 3925 2363 3970 sanctus
2394 3923 2496 3970 est.
2852 3937 2858 3943 -

1940 4009 2042 4064 His
2071 4016 2241 4063 autem
2287 4008 2374 4080 qui
2413 4016 2528 4061 sunt
2556 4023 2618 4063 ea:
2664 4008 3008 4079 contentione.
3058 4007 3311 4077 Audiant,
3363 4012 3451 4082 qui

1865 4117 2014 4186 βφρβ
2055 4102 2203 4172 "icli,
2255 4101 2602 4172 animositate
2639 4102 2996 4172 contendunt,
3043 4110 3097 4157 et
3129 4103 3354 4157 timeant
3396 4105 3450 4158 in

1863 4191 2258 4276 consuetudine
2287 4194 2522 4266 pessima
2551 4208 2892 4286 permanere,
2926 4209 2994 4250 ne
3021 4195 3122 4266 ista
3155 4193 3334 4260 omnia
3357 4210 3448 4250 su-

1864 4305 1968 4361 per
1994 4305 2089 4364 eos
2109 4277 2473 4364 deputentur.
2507 4277 2627 4346 Jatn
2656 4291 2903 4362 superius
2946 4289 3149 4346 dictum
3175 4298 3281 4358 est;
3323 4306 3452 4346 con-

1868 4375 2166 4450 tenti'osum
2201 4381 2342 4438 hunc
2371 4397 2491 4454 esse
2535 4383 2866 4458 specialiter,
2909 4383 3000 4454 qui
3031 4381 3231 4460 aliquid
3263 4393 3451 4448 contra

118 4481 175 4538 et
217 4489 355 4527 cum
406 4472 588 4556 possit
613 4469 903 4542 prohibere
927 4481 1266 4542 peccantem,
1291 4475 1378 4530 vel
1409 4474 1612 4532 inferre
1637 4477 1757 4532 vin-
1865 4475 2262 4554 conscientiam
2289 4492 2438 4548 suam
2459 4474 2649 4550 nititur
2678 4475 2982 4538 deiensare.

118 4563 369 4636 dictam,
407 4564 624 4620 mavult
644 4562 888 4620 converti
917 4563 984 4618 ad
1014 4565 1405 4634 pmnitentiam.
1439 4565 1571 4623 item
1595 4584 1755 4624 num-

117 4662 256 4732 quid
317 4645 633 4732 propterea
680 4657 775 4712 tibi
824 4656 893 4714 de
939 4658 1260 4728 impunitate
1288 4659 1595 4734 blandiris,
1625 4662 1751 4733 quia

119 4741 272 4810 Deus
327 4743 392 4808 in
459 4750 715 4822 praesenti
767 4763 874 4805 non
905 4749 1211 4806 redditzet
1249 4761 1308 4806 tu
1355 4752 1749 4824 longitudinem

122 4849 452 4920 temporis,
501 4855 556 4901 et
585 4845 968 4911 abundantiam
997 4846 1255 4903 bonitatis
1302 4847 1521 4904 intuens
1543 4891 1557 4915 ,
1591 4844 1754 4921 putas

109 4944 232 5017 jam
264 4959 390 5002 non
421 4954 552 5004 esse
579 4939 873 5011 judicium?
900 4939 1040 4996 Audi
1059 4927 1349 5012 Scriptura:
1377 4942 1698 5009 sententiam
1727 4961 1746 4999 :

115 5039 243 5096 Non
279 5040 489 5098 tardat
532 5034 794 5091 Dominus
845 5035 1155 5108 promissis,
1204 5034 1299 5091 sed
1343 5035 1612 5106 patienter
1638 5036 1758 5108 agit-

112 5113 363 5206 pmpter
397 5144 508 5185 vos
545 5129 732 5185 nolens
771 5129 1002 5206 aliquem
1053 5129 1265 5201 perire,
1306 5129 1402 5186 sed
1443 5145 1630 5186 omnes
1678 5131 1753 5187 ad

114 5203 533 5304 pcenitcntiam
563 5203 1030 5310 convertiqiionus
1059 5231 1140 5278 est
1169 5223 1549 5295 exspectando,
1568 5225 1754 5295 justus-

113 5331 203 5375 cst
255 5311 583 5389 puniendo.
636 5315 786 5372 Unde
825 5316 1076 5388 admonet
1115 5313 1381 5388 PrOpheta
1414 5336 1428 5374 :
1459 5313 1537 5384 Ne
1563 5318 1754 5394 tardes

111 5414 389 5474 converti
418 5410 495 5494 ad
517 5410 824 5482 Dominum,
852 5429 1028 5503 neque
1048 5413 1263 5498 differas
1284 5401 1352 5471 de
1380 5415 1466 5473 die
1484 5418 1539 5474 in
1560 5405 1740 5496 diem:

111 5507 322 5564 Subito
351 5505 518 5561 venit
541 5507 617 5560 ira
647 5507 784 5588 ejus,
815 5517 868 5562 et
896 5509 948 5562 in
981 5517 1222 5578 tempore
1249 5509 1500 5565 vindicta:
1530 5511 1741 5583 disper-

111 5604 211 5658 det
247 5614 327 5656 ιο.
356 5600 433 5656 Ει
466 5599 664 5676 iterum
697 5619 708 5654 :
737 5600 815 5656 Nc
842 5601 1078 5659 dixeris:
1103 5601 1423 5680 Peccavi,e_t
1451 5604 1577 5678 quid
1603 5607 1746 5662 acci—

109 5698 195 5761 un
231 5695 387 5770 mnu
439 5687 644 5774 instet
671 5703 756 5753 est
800 5695 948 5768 enim
975 5696 1287 5776 Altissimus
1320 5687 1532 5774 patiens
1571 5698 1746 5776 reddi-

1871 4589 1883 4630 ς’
1943 4571 2015 4627 Et
2041 4571 2128 4648 qui
2156 4589 2258 4646 non
2280 4558 2608 4644 acquiescant
2639 4571 2842 4624 veritati
2865 4585 2884 4622 :
2913 4569 3128 4646 credunt
3151 4580 3324 4634 autem
3352 4573 3450 4627 ini-

1863 4665 2074 4750 quitati.
2127 4662 2468 4740 Evangelica:
2516 4661 2727 4734 veritati
2784 4676 2891 4716 non
2934 4661 3178 4732 credunt,
3220 4672 3274 4736 et
3322 4678 3452 4738 con-

1872 4760 2113 4834 sentiunt
2156 4754 2447 4832 iniquitati,
2501 4762 2557 4809 ut
2602 4753 2795 4809 relicto
2833 4762 3099 4830 creatore,
3143 4754 3456 4832 deserviant

1863 4841 2154 4909 creaturae.
2251 4839 2256 4844 ’

1867 4929 1874 4942 ³
1945 4943 2040 5000 Ira
2064 4951 2109 4997 et
2131 4940 2443 5016 indignatio.
2475 4936 2532 4992 In
2550 4935 2755 5018 judicio
2785 4952 2961 5010 pcena:
2992 4948 3139 4996 sunt.

1880 5076 1892 5088 ..
1945 5035 2234 5105 Tribttlatio
2261 5045 2307 5089 et
2338 5033 2599 5105 angustia.
2631 5030 2989 5110 Conscientiae
3017 5045 3070 5105 et.
3099 5035 3449 5109 infructuosa:

1867 5131 2230 5213 paenitentiae,
2270 5127 2406 5200 sicut
2432 5125 2692 5200 scriptum
2724 5136 2807 5182 est
2838 5143 2854 5196 ;
2903 5125 3052 5204 Tunc
3083 5129 3261 5206 dicent
3311 5132 3448 5188 intra

1866 5245 1938 5304 se
1966 5223 2333 5304 paenitentiam
2381 5229 2623 5294 agentes,
2657 5228 2712 5290 et
2757 5235 2854 5291 per
2885 5223 3186 5300 angustiam
3231 5223 3453 5310 spiritus

1864 5307 2177 5410 gementes.
2208 5317 2341 5395 Item
2371 5314 2650 5404 hucusque
2684 5329 2866 5390 sermo
2892 5307 3140 5406 dirigitur
3170 5315 3235 5371 ad
3262 5307 3454 5390 omnes
3515 5397 3520 5400 _

1882 5405 2114 5486 naturali
2152 5412 2416 5486 obnoxios
2447 5405 2597 5484 legi:
2627 5407 2680 5465 in
2713 5425 2817 5482 quo
2855 5405 3017 5466 etiam
3049 5409 3219 5484 Judaei
3251 5413 3456 5486 pariter

1865 5485 2254 5582 continentur.
2279 5487 2484 5561 Idcirco
2506 5489 2697 5582 "autem
2741 5495 2958 5578 Indicus
2989 5485 3186 5574 Gentiii
3214 5491 3454 5560 antefer-

1877 5581 2013 5661 tur:
2061 5589 2314 5696 ειμρηίαῴ
2357 5607 2562 5700 praeter
2608 5595 2929 5690 naturalem,
2967 5593 3183 5696 leget?“
3200 5585 3460 5698 scripta}?

1875 5679 2183 5762 iam“...
2273 5679 2292 5696 ..
2357 5679 2382 5700 ,ν
2518 5685 2600 5696 ,-...
3107 5683 3220 5696 η..
3351 5683 3456 5698 ..κ
