4030 6202
611 236 721 300 655
782 246 791 253 '

1657 244 1714 303 S.
1758 240 2131 305 IIIERONYMI
2170 242 2453 305 OPERUM
2491 242 2856 307 MANTISSA.

3800 244 3900 314 656

682 356 755 417 In
791 379 995 421 omnem
1021 360 1243 416 animam
1284 357 1503 415 hominis
1540 361 1801 431 aperantis
1839 361 2033 415 malum
2062 378 2081 414 :
2115 357 2214 413 Ju-
2236 364 2288 425 Α
2312 361 2660 427 accusabunt,
2698 373 2787 419 aut
2831 362 2991 420 etiam
3035 360 3393 433 excusabunt,
3437 359 3583 424 sicut
3637 368 3896 441 scriptum

616 451 720 509 daai
770 460 992 527 primum
1048 463 1095 508 et
1152 452 1339 508 Graeci.
1389 453 1597 510 Anima:
1650 469 1862 524 pinnam
1914 452 2206 523 Apostolus

618 551 981 603 comminatur
1004 590 1018 615 ,
1064 555 1281 618 propter
1312 547 1623 615 haereticos,
1660 550 1749 618 qui
1781 548 1949 604 solam
1987 564 2205 605 carnem

620 639 936 710 delinquere
979 638 1164 695 dicunt
1195 659 1207 694 :
1241 649 1295 696 et
1325 642 1554 697 animam
1594 652 1791 712 negant
1829 659 1988 714 posse
2017 659 2208 715 pecca-

617 747 700 789 re.
740 732 869 789 Sive
909 733 1084 788 anima
1116 748 1217 805 pro
1256 743 1368 789 toto
1400 733 1619 789 homine
1667 734 1905 790 dicitur:
1956 736 2106 791 Sicut
2151 736 2205 791 in

616 823 816 883 Genesi
844 845 858 881 :
890 826 1054 883 Jacob
1083 842 1208 883 cum
1234 830 1578 900 septuaginta
1607 828 1889 885 animabus
1909 826 2203 903 Egyptum

614 918 875 977 introisse
901 920 1155 977 refertur.

688 1011 875 1069 Gloria
901 1025 1092 1083 autem,
1140 1015 1325 1087 honor,
1359 1027 1408 1072 et
1428 1036 1531 1091 pax
1572 1019 1709 1074 omni
1739 1021 1970 1092 aperanti
1994 1018 2200 1074 bonum.

614 1104 800 1164 Gloria
844 1118 1031 1165 contra
1089 1108 1248 1179 iram,
1301 1112 1475 1167 honor
1522 1122 1710 1168 contra
1753 1113 2198 1183 indignationem.

611 1199 683 1257 Et
709 1202 854 1275 quod
883 1220 1050 1276 supra
1076 1204 1538 1276 incorruptionem
1559 1247 1576 1275 ,
1606 1207 1695 1262 hic
1730 1221 1919 1277 pacem
1943 1204 2196 1277 appellat.

681 1295 868 1355 Judwo
890 1290 1114 1368 primum
1140 1296 1413 1356 εισι-ωσι).
1447 1300 1602 1367 Quod
1631 1315 1792 1372 supra
1826 1300 2082 1367 animam,
2114 1298 2203 1354 hic

612 1389 891 1449 hominem
936 1392 1273 1448 inominavit.
1336 1391 1573 1448 Primum
1621 1403 1803 1450 autem
1850 1408 1948 1464 pro
1995 1382 2201 1463 quidem

610 1483 784 1557 ponit.
832 1486 960 1545 Sive
988 1488 1225 1559 primum
1264 1487 1610 1545 credulitatis
1651 1498 1920 1560 tempore,
1960 1503 2070 1543 non
2100 1487 2199 1544 ho-

610 1594 768 1636 nore.

682 1670 811 1729 Non
854 1674 989 1731 enim
1034 1686 1113 1732 est
1159 1691 1501 1748 personarum
1543 1675 1770 1751 acceptio
1816 1677 1956 1750 apud
2007 1673 2196 1732 Deum.

2313 464 2443 510 est:
2503 456 2734 528 Arguam
2784 463 2855 528 te,
2915 466 2970 515 et
3011 468 3242 515 statuam
3288 476 3408 517 eam
3465 471 3659 519 contra
3711 463 3896 523 faciem

2311 555 2475 603 tuam.

2381 640 2679 700 Secundum
2711 641 3046 718 Evangelium
3062 660 3257 715 meum,
3294 660 3385 717 per
3398 643 3580 703 Iesum
3609 644 3891 710 Christum.

2308 733 2615 794 Secdndum
2650 738 2791 810 quod
2831 739 3088 797 annuntio
3125 756 3219 811 per
3244 738 3430 797 Jesum
3460 740 3767 814 Christum,
3807 747 3893 819 jn-

2308 826 2509 885 dicabit
2537 829 2697 887 Deus.

2379 924 2443 981 Si
2470 934 2638 980 autent
2665 934 2719 982 tu
2737 926 2951 984 Iudaeus
2989 929 3387 1003 cognominaris.
3417 929 3517 991 Hic
3546 935 3815 992 convertit
3836 954 3893 995 se

2305 1016 2373 1072 ad
2400 1016 2642 1088 Judaeos,
2672 1020 2873 1077 docens
2921 1037 3117 1095 opere,
3150 1039 3258 1079 non
3294 1025 3511 1082 nomine
3550 1037 3757 1085 tantum
3798 1028 3892 1086 ἀει

2306 1111 2437 1169 bere
2465 1128 2584 1170 esse
2612 1114 2857 1171 Judaeum
2886 1136 2897 1170 :
2929 1132 3158 1189 eumque
3196 1133 3319 1175 esse
3352 1135 3537 1177 verum
3559 1166 3574 1192 ,
3616 1123 3770 1195 cujus
3800 1140 3890 1181 oc-

2305 1205 2447 1261 culta
2479 1217 2603 1263 sunt
2640 1206 2781 1263 bona
2814 1227 2830 1265 :

2375 1300 2445 1355 Et
2469 1303 2742 1371 requiescis
2770 1305 2824 1360 in
2852 1305 2983 1376 lege.
3013 1302 3252 1364 Conﬁdis
3279 1308 3368 1365 vel
3393 1325 3613 1373 securus
3639 1327 3719 1369 es.

2377 1390 2446 1447 Et
2466 1394 2707 1466 gloriaris
2735 1396 2790 1450 in
2820 1397 2930 1452 Deo
2956 1414 2976 1454 :
3008 1408 3056 1454 et
3084 1402 3218 1455 nosti
3240 1401 3547 1459 voluntatem
3582 1408 3716 1478 ejus.
3756 1405 3889 1463 Glo-

2302 1486 2462 1543 riaris
2500 1497 2551 1545 te
2591 1490 2765 1548 solum
2809 1506 2970 1551 nosse
3025 1494 3223 1566 Deum,
3283 1497 3499 1571 ejusque
3546 1502 3889 1560 voluntatem

2303 1594 2615 1651 agnoscere.

2374 1676 2441 1731 Et
2480 1679 2664 1749 probas
2684 1681 2899 1737 utiliora
2946 1685 3234 1743 instructus
3261 1703 3346 1757 per
3367 1686 3546 1763 legem.
3570 1686 3745 1762 Eligis
3774 1707 3891 1747 ma-

612 1765 756 1839 Ergo
786 1782 887 1825 nec
919 1778 1110 1841 gentes
1147 1771 1251 1826 sibi
1281 1771 1347 1827 de
1376 1770 1677 1843 ignorantia
1706 1770 1863 1836 falsa,
1901 1786 2001 1827 nec
2025 1770 2198 1827 Judaei
2226 1762 2275 1828 B
2298 1769 2414 1842 jora
2433 1813 2448 1839 ,
2478 1782 2533 1829 et
2558 1775 2699 1833 inter
2727 1780 2937 1835 minora
2967 1780 3253 1839 discernis.
3290 1762 3427 1851 Quas
3458 1784 3607 1842 enim
3651 1800 3751 1857 per
3790 1804 3886 1845 na-

604 1856 674 1915 de
718 1859 854 1930 legis
894 1860 1325 1929 circumcisione,
1358 1874 1412 1917 et
1441 1860 1723 1933 privilegio
1757 1860 2122 1920 blandiantur.

678 1949 992 2021 Quicumque
1042 1953 1180 2006 enim
1228 1954 1338 2008 sine
1385 1954 1495 2024 lege
1526 1965 1882 2024 peccaverunt,
1935 1958 2043 2011 sine
2088 1958 2197 2030 lege

598 2042 856 2115 peribunt.
902 2041 975 2098 Et
1012 2047 1317 2116 quicumque
1354 2046 1409 2100 in
1437 2047 1546 2119 lege
1588 2058 1939 2117 peccaverunt,
1984 2068 2075 2122 per
2119 2053 2194 2107 le-

598 2153 712 2209 gem
724 2134 1128 2209 judicabantur.
1155 2140 1285 2197 Sine
1311 2140 1432 2213 lege
1460 2152 1705 2199 naturae:
1742 2144 1845 2200 hoc
1876 2145 2017 2215 loco,
2051 2146 2194 2214 peri-

602 2230 739 2287 bunt
767 2241 823 2287 et
842 2231 1251 2303 iudicabuntur,
1293 2252 1457 2293 unum
1507 2238 1680 2294 voluit
1708 2240 1967 2312 intelligi,
1991 2243 2115 2312 quia
2139 2252 2196 2301 et

604 2325 696 2396 qui
739 2326 906 2397 perit,
936 2342 1036 2397 per
1067 2328 1162 2385 Dei
1197 2329 1462 2400 judicium
1508 2332 1674 2402 perit,
1702 2341 1757 2389 et
1783 2335 1872 2405 qui
1896 2334 2189 2408 judicatur,

595 2427 851 2489 peccator
879 2420 1021 2491 perit
1050 2439 1063 2475 :
1090 2421 1230 2477 sicut
1260 2423 1521 2494 scriptum
1551 2434 1658 2490 est,
1702 2427 1827 2497 quia
1872 2437 2188 2499 peccatores

593 2511 871 2581 peribunt.
897 2511 1034 2569 Nam
1064 2523 1119 2571 et
1147 2516 1357 2572 similes
1405 2518 1529 2575 illos
1565 2519 1692 2574 facit
1733 2519 1963 2577 dicendo
2002 2542 2015 2577 :
2068 2522 2190 2579 Non

595 2603 874 2661 auditores
898 2612 1111 2661 tantum
1142 2606 1278 2679 legis
1319 2608 1496 2679 justos
1524 2625 1669 2677 esse,
1698 2610 1795 2666 sed
1838 2610 2093 2670 factores.
2122 2614 2191 2672 Et

594 2695 763 2766 paulo
788 2696 1012 2753 inferius
1048 2696 1181 2754 dicit
1226 2708 1415 2771 gentes
1464 2701 1517 2757 in
1564 2702 1653 2758 die
1696 2702 1909 2760 Domini
1942 2706 2188 2776 judican-

598 2783 718 2841 das.
759 2786 891 2854 Quis
918 2789 1059 2844 enim
1089 2789 1323 2858 dubitat,
1372 2799 1481 2847 tam
1510 2794 1609 2849 sub
1645 2795 1763 2867 lege
1793 2796 1998 2866 positos
2029 2813 2188 2869 quam

599 2875 720 2931 sine
766 2876 885 2949 lege
920 2878 1177 2951 degentes
1201 2927 1216 2953 ,
1250 2883 1353 2939 nisi
1380 2881 1651 2941 Christum
1682 2886 2029 2957 crediderint,
2064 2905 2187 2962 per-

596 2967 769 3026 ituros
790 2971 814 3026 ?

671 3060 797 3117 Non
836 3066 973 3120 enim
1011 3067 1273 3123 auditores
1305 3068 1429 3140 legis
1472 3071 1605 3142 justi
1643 3081 1761 3126 sunt
1804 3075 1946 3142 apud
1991 3073 2181 3147 Deum,

2297 1872 2474 1921 turam
2504 1866 2718 1925 utiliora
2738 1871 3061 1942 probantur,
3096 1874 3308 1932 utiliora
3334 1888 3459 1931 sunt
3486 1893 3584 1949 per
3614 1878 3807 1950 legem.

2368 1954 2601 2028 Conﬁdis
2630 1963 2847 2032 teipsum
2868 1981 2974 2021 esse
3009 1968 3190 2023 ducem
3218 1985 3486 2025 carcerum.
3523 1970 3760 2039 Quorum
3787 1987 3881 2030 cor

2296 2047 2641 2109 obscuratum
2672 2064 2775 2113 est.

2364 2142 2561 2199 Lumen
2600 2162 2795 2216 eorum,
2819 2151 2909 2221 qui
2934 2151 2990 2207 in
3019 2152 3238 2208 tenebris
3258 2164 3401 2210 sunt.
3431 2149 3771 2227 ignorantiae.

2375 2237 2707 2295 Eruditorem
2744 2242 3118 2316 insipientium.
3159 2245 3263 2316 Qui
3300 2247 3399 2305 Dei
3426 2264 3535 2307 non
3564 2248 3766 2309 habent
3792 2267 3877 2310 sa-

2294 2337 2571 2408 pientiam.

2366 2429 2676 2503 Magistrum
2733 2432 3031 2505 infantium.
3098 2431 3453 2494 Parvulorum
3519 2445 3715 2508 aetate,
3783 2439 3875 2495 vel

2291 2537 2478 2580 sensu.

2363 2616 2650 2674 [labentem
2680 2624 2901 2692 formam
2929 2622 3177 2694 scientiae,
3205 2632 3253 2677 et
3282 2625 3506 2681 ueritatis
3531 2624 3586 2679 in
3625 2625 3754 2699 lege.
3790 2625 3875 2682 Ad

2290 2724 2452 2781 quam
2474 2726 2688 2783 semper
2707 2714 3028 2785 respiciens,
3055 2730 3243 2772 errare
3268 2732 3376 2772 non
3405 2727 3580 2788 potes.

2364 2803 2464 2870 Qui
2494 2821 2612 2876 ergo
2638 2805 2801 2860 alium
2831 2808 3003 2873 doces,
3029 2809 3249 2879 teipsum
3279 2826 3381 2865 non
3420 2811 3587 2866 doces.
3615 2808 3869 2867 Similiter

2288 2899 2541 2970 gentibus
2571 2899 2822 2957 dixerat:
2856 2901 2957 2970 Qui
2993 2902 3136 2958 enim
3165 2904 3327 2959 alium
3363 2904 3601 2976 judicas,
3646 2905 3871 2976 teipsum

2289 2991 2640 3048 condemnas.
2671 2992 2771 3062 Qui
2801 2993 2855 3049 in
2904 2994 3023 3065 lege
3052 2996 3375 3068 requiescis,
3402 3013 3435 3053 o
3470 2997 3682 3066 Judme,
3712 3013 3872 3071 quare

2288 3085 2680 3156 transgrederis
2711 3086 2927 3157 legem?
2947 3088 3050 3156 Qui
3079 3089 3331 3161 gloriaris
3352 3088 3407 3147 in
3438 3092 3574 3160 Deo,
3605 3108 3772 3163 quare
3796 3093 3875 3149 in-

606 3153 697 3209 sed
745 3156 965 3227 factores
1004 3157 1131 3229 legis
1166 3159 1614 3259 justiﬁcabuntur.
1664 3162 1859 3218 Reddit
1897 3166 2182 3238 rationem,
2214 3169 2260 3234 C
2294 3153 2531 3237 honoj-as
2555 3153 2902 3251 Deum‘fQui
2952 3153 3108 3239 [lasti-
3148 3185 3482 3243 volumalem
3530 3153 3671 3258 eiu-3’
3710 3202 3874 3259 quare

595 3264 765 3318 quare
788 3266 896 3306 non
925 3250 1036 3307 sint
1057 3253 1309 3322 gentibus
1333 3252 1608 3313 meliores.
1640 3256 1796 3315 Unde
1826 3272 1881 3317 et
1912 3266 2068 3322 nobis
2113 3266 2182 3322 ti-

592 3341 849 3398 mendum
878 3351 985 3411 est,
1016 3359 1085 3399 ne
1113 3344 1393 3401 audientes
1434 3347 1630 3419 legem,
1664 3360 1719 3407 et
1756 3368 1866 3408 non
1897 3354 2182 3428 facientes,

590 3448 716 3490 cum
741 3435 991 3507 gentibus
1018 3452 1347 3508 pereamus:
1392 3440 1535 3496 sicut
1563 3441 1680 3514 ipse
1723 3444 1856 3502 alibi
1894 3447 2025 3505 dicit
2059 3468 2073 3505 :
2103 3450 2183 3507 Ne

595 3544 723 3585 cum
748 3529 852 3586 hoc
887 3531 1089 3588 mundo
1119 3531 1464 3590 damnemur.

665 3618 796 3712 Cum
824 3622 958 3675 enim
992 3634 1188 3695 gentes,
1230 3643 1347 3698 qua:
1386 3626 1549 3698 legem
1576 3648 1679 3687 non
1721 3631 1927 3691 habent.
1955 3635 2035 3695 Ne
2060 3639 2181 3712 quis

598 3709 741 3767 forte
761 3710 964 3768 diceret
996 3732 1011 3769 :
1042 3714 1238 3787 Legem
1264 3735 1371 3777 non
1404 3719 1638 3780 habent:
1669 3726 1737 3783 ad
1770 3746 1929 3800 quam
1954 3709 2182 3790 formam

594 3809 853 3871 poterunt
874 3801 1107 3872 judicari
1132 3807 1156 3861 ?

673 3892 1013 3951 Naturaliter
1038 3912 1119 3964 ea,
1153 3915 1268 3969 qua:
1293 3901 1419 3976 legis
1445 3916 1583 3975 sunt,
1612 3910 1831 3982 faciunt.
1858 3915 1981 3972 Sive
2008 3915 2076 3973 de
2096 3916 2180 3975 his

592 3985 745 4055 dicit,
774 3988 865 4058 qui
893 3990 1219 4048 naturaliter
1240 3994 1373 4064 justi
1416 3997 1633 4057 fuerunt
1668 4016 1798 4063 ante
1826 4007 2020 4079 legem,
2064 4008 2179 4067 sive

588 4080 681 4151 qui
712 4080 876 4136 etiam
903 4098 1047 4139 nunc
1072 4083 1201 4140 boni
1232 4086 1436 4159 aliquid
1464 4106 1777 4165 operantur.

663 4171 939 4245 Ejusmodi
970 4176 1131 4248 legem
1152 4196 1253 4234 non
1273 4179 1539 4254 habentes,
1566 4188 1665 4259 ipsi
1692 4200 1810 4245 sunt
1842 4190 1945 4247 lex.
1975 4192 2175 4253 Osten-

583 4263 665 4320 dit
690 4265 816 4322 illos
842 4282 951 4323 non
981 4284 1102 4327 esse
1120 4272 1237 4329 sine
1265 4274 1405 4347 lege,
1440 4288 1499 4333 ut
1524 4289 1579 4335 et
1607 4292 1799 4351 gentes
1828 4286 2173 4347 inexcusabi-

587 4358 669 4414 les
695 4357 880 4428 faciat,
904 4370 959 4418 et
986 4361 1185 4422 Iudaeis
1208 4366 1274 4422 de
1304 4372 1635 4441 proprietate
1664 4375 1894 4446 gloriam
1924 4381 2099 4441 tollat.

664 4454 804 4521 Quid
858 4457 1133 4512 ostendunt
1185 4476 1314 4531 opus
1370 4464 1496 4535 legis
1539 4470 1787 4536 scriptum
1827 4472 1879 4527 in
1932 4477 2173 4536 cordibus

2289 3289 2397 3329 non
2427 3274 2767 3344 obtemperas
2800 3274 2917 3345 ejus
2956 3276 3260 3332 voluntati?
3284 3278 3385 3347 Qui
3420 3279 3615 3351 probas
3637 3280 3871 3347 utiliora,

2288 3382 2385 3424 cur
2412 3366 2622 3423 inutilia
2648 3369 2913 3425 sectaris?
2940 3368 3059 3425 Dux
3085 3385 3356 3427 caecorum
3389 3389 3405 3426 :
3437 3373 3709 3444 quomodo
3733 3373 3872 3429 viam

2287 3474 2396 3515 non
2434 3458 2584 3515 vides
2615 3461 2858 3517 rectam?
2893 3461 2951 3517 Si
2977 3463 3121 3518 enim
3155 3463 3370 3521 videres
3401 3484 3413 3519 :
3448 3481 3542 3536 per
3566 3467 3737 3537 ipsam
3773 3469 3874 3523 uti-

2286 3567 2389 3623 que
2410 3553 2737 3609 ambulares.
2766 3554 2823 3610 Si
2852 3554 3033 3610 lumen
3065 3572 3124 3613 es
3145 3556 3396 3627 aliorum,
3430 3573 3529 3615 cur
3554 3574 3657 3615 non
3681 3560 3873 3630 abjicis

2287 3659 2453 3715 opera
2484 3645 2872 3702 tenebrarum?
2902 3646 3159 3704 Eruditor
3197 3650 3588 3721 insipientium,
3643 3660 3702 3707 ut
3743 3651 3870 3723 quid

2287 3741 2535 3797 timorem
2563 3741 2800 3809 Domini,
2832 3740 2924 3813 qui
2959 3752 3042 3799 est
3070 3744 3279 3801 initium
3305 3748 3609 3818 sapientiae,
3644 3749 3869 3820 reliqui-

2285 3834 2390 3891 sti?
2420 3833 2671 3904 Magister
2698 3833 3006 3907 inl‘antium,
3036 3839 3306 3908 quomodo
3334 3856 3467 3910 puer
3498 3857 3557 3896 es
3583 3841 3638 3897 in
3675 3842 3869 3898 sensu?

2286 3926 2389 3997 Qui
2419 3926 2585 3983 habes
2614 3926 2839 3983 formam
2870 3928 3111 3985 scientiae
3137 3932 3380 3989 veritatis
3409 3934 3461 3988 in
3512 3934 3665 4005 lege,
3704 3950 3868 4005 quare

2286 4036 2391 4078 nec
2419 4022 2533 4091 ipse
2560 4022 2828 4092 sequeris,
2858 4037 2958 4077 nec
3001 4022 3138 4079 alios
3169 4025 3325 4096 sequi
3354 4026 3594 4096 pessimo
3618 4025 3872 4096 exemplo

2289 4118 2594 4189 permittis?
2622 4116 2801 4186 Quare
2856 4132 2963 4172 non
3015 4119 3273 4175 convenit
3314 4118 3422 4176 vita
3477 4129 3567 4176 tua
3612 4120 3871 4177 docti-inte

2289 4220 2419 4284 tute,
2445 4221 2500 4269 et
2528 4228 2662 4284 opus
2688 4220 2838 4267 tuum
2867 4212 3096 4268 destruit
3116 4212 3279 4269 ﬁdem
3309 4216 3492 4269 tuam?
3516 4213 3666 4270 Unde
3692 4214 3786 4270 lict
3816 4223 3874 4271 ut

2285 4306 2379 4364 lex
2404 4322 2434 4362 a
2460 4318 2515 4363 te
2537 4322 2642 4363 non
2663 4304 2952 4374 custodita,
2988 4321 3093 4362 non
3136 4307 3315 4363 solum
3338 4308 3453 4376 ,tibi
3504 4306 3636 4363 nihil
3666 4308 3861 4379 prosit,

2286 4400 2387 4457 sed
2410 4401 2571 4465 etiam
2600 4399 2820 4469 majoris
2847 4399 3086 4457 criminis
3113 4415 3289 4471 reum,
3334 4415 3489 4457 suum
3517 4410 3857 4474 contempto-

2282 4509 2403 4551 rem
2433 4494 2694 4550 obtineat.

580 4546 690 4661 ἰξιίε
719 4564 733 4600 :
762 4548 1108 4661 testimqnium
1144 4553 1388 4661 reddente
1432 4556 1535 4610 illis
1566 4562 1877 4661 conscientia
1917 4567 2167 4637 ipsorum.
2197 4564 2256 4628 Β
2324 4546 2495 4657 “bu:
2512 4546 2766 4657 βῖωάξεαε
2794 4562 2898 4643 non
2938 4587 3241 4659 furandum,
3286 4589 3504 4661 furaris.
3535 4589 3764 4659 Quidam
3794 4589 3874 4647 di—

579 4635 780 4694 Natura
807 4640 920 4712 agit
948 4640 1122 4712 legem
1156 4645 1210 4699 in
1248 4646 1413 4701 corde
1466 4663 1563 4718 per
1608 4635 1963 4714 conscientiae
2015 4666 2166 4720 testi-

577 4732 823 4789 monium
858 4751 870 4787 :
900 4733 1017 4790 sive
1037 4736 1370 4793 conscientia
1398 4748 1629 4799 testatur
1655 4744 1827 4818 legem
1856 4749 2059 4810 habere
2100 4758 2166 4813 ti-

573 4825 798 4894 mendo,
824 4824 953 4882 dum
981 4836 1188 4898 peccat,
1218 4840 1273 4886 et
1314 4829 1471 4889 victis
1514 4838 1839 4907 gratulando
1884 4848 2161 4919 peccatis,

574 4919 739 4975 etiam
770 4920 816 4976 si
838 4921 1042 4978 nullum
1072 4922 1349 4981 hominum
1378 4939 1633 4987 vereatur
1659 4932 1802 5005 ipse,
1828 4940 1919 5009 qui
1950 4955 2157 5011 peccat.

646 5010 716 5066 Et
740 5011 875 5068 inter
893 5031 945 5070 se
986 5018 1203 5072 invicem
1232 5021 1599 5093 cogitationum
1646 5010 2022 5105 accusantium,
2073 5048 2162 5093 aut

573 5104 730 5160 etiam
760 5107 1146 5178 defendentium
1192 5112 1247 5167 in
1294 5114 1375 5169 die
1422 5134 1536 5173 cum
1577 5121 1838 5192 judicabit
1877 5104 2018 5183 Deus
2067 5147 2158 5184 oc-

565 5199 707 5254 culta
726 5198 1014 5256 hominum.
1044 5204 1180 5261 Dicit
1197 5205 1580 5267 altercationes
1601 5214 1987 5285 cogitationum
2009 5234 2151 5291 esse,

562 5311 685 5354 cum
714 5296 845 5371 quid
875 5297 1200 5377 faciendum,
1237 5305 1325 5361 vel
1351 5322 1460 5363 non
1488 5308 1792 5370 iaciendum
1819 5314 2023 5374 diutina
2051 5321 2151 5377 de-

560 5393 893 5463 liberatione
918 5394 1284 5472 decernimus,
1316 5411 1373 5459 et
1399 5407 1689 5464 secundum
1714 5410 1816 5468 hoc
1846 5429 1943 5469 nos
1970 5413 2023 5470 in
2056 5415 2145 5473 die

559 5482 780 5548 Domini
806 5490 1126 5563 iudicandos
1159 5512 1175 5549 :
1208 5496 1335 5568 quia
1361 5497 1559 5556 bonum
1582 5504 1852 5564 malumve
1866 5523 1973 5565 non
1990 5509 2143 5582 igno-

551 5589 729 5651 rasse,
779 5583 1093 5654 probamur.
1128 5588 1255 5647 Sive
1297 5593 1652 5666 conscientia,
1693 5608 1749 5656 et
1785 5603 2141 5674 cogitationes

554 5680 758 5731 nostra:
785 5684 950 5732 erunt
975 5679 1030 5732 in
1056 5678 1143 5736 die
1168 5682 1359 5751 judicii
1386 5696 1510 5743 ante
1530 5691 1717 5750 oculos
1740 5706 1973 5768 nostros,
2000 5706 2138 5756 tam-

549 5778 715 5837 quam
744 5769 993 5840 quaedam
1025 5774 1267 5839 historiae
1291 5788 1677 5855 cognoscenda:
1703 5808 1717 5846 ;
1750 5801 1843 5850 aut
1870 5793 2003 5865 ipsa:
2032 5810 2133 5855 nos

2292 4690 2449 4747 cunt,
2480 4678 2864 4736 abscondendo
2901 4680 2968 4736 ab
3007 4680 3317 4737 hominibus
3344 4681 3539 4738 iuraris
3569 4682 3867 4739 Christum.

2367 4775 2468 4844 Qui
2497 4775 2626 4829 dicis
2656 4791 2759 4829 non
2781 4775 3156 4843 maechandum,
3190 4775 3481 4831 mtecharis.
3510 4775 3630 4832 Non
3655 4787 3738 4834 est
3767 4793 3871 4834 una

2286 4869 2543 4927 moechia.
2574 4865 2707 4923 Nam
2737 4881 2897 4923 omne
2921 4867 3066 4938 quod
3091 4867 3203 4924 Deo
3246 4867 3407 4924 debet
3440 4868 3647 4940 anima,
3678 4868 3727 4925 si
3775 4867 3871 4925 ali-

2286 4961 2421 5033 quid
2445 4968 2803 5033 przeterquain
2834 4958 2949 5015 Deo
2974 4958 3292 5029 reddiderit,
3322 4960 3648 5018 mmchatur.

2366 5054 2468 5119 Qui
2507 5052 2820 5107 abominaris
2854 5051 3021 5119 idola,
3057 5051 3383 5123 sacrilegium
3426 5055 3572 5125 facts.
3625 5052 3869 5114 Sacrile-

2284 5146 2434 5218 gium
2465 5155 2567 5214 est,
2595 5146 2738 5217 quod
2768 5144 2986 5217 proprie
3024 5145 3079 5200 in
3110 5145 3277 5200 Deum
3305 5146 3679 5217 committitur,
3713 5148 3871 5220 quasi

2282 5239 2620 5314 sacrosancti
2642 5238 2883 5295 violatio.
2939 5238 3072 5294 Item
3121 5237 3175 5293 in
3228 5237 3350 5306 hoc,
3398 5238 3591 5309 inquit,
3650 5239 3707 5297 in
3758 5256 3864 5315 quo

2284 5332 2577 5389 committis
2599 5330 2957 5403 sacrilegium,
2988 5329 3271 5387 idololatra
3300 5346 3421 5387 esse
3444 5335 3791 5390 monstraris.

2361 5425 2461 5491 Qui
2510 5425 2565 5477 in
2616 5424 2725 5494 lege
2767 5424 3026 5494 gloriaris,
3074 5440 3165 5497 per
3206 5426 3679 5495 praevaricationem
3739 5426 3868 5498 legis

2278 5512 2451 5570 Deum
2480 5515 2777 5571 inhanoras.
2812 5514 3046 5589 Exponit
3076 5516 3438 5587 sacrilegium,
3469 5518 3596 5589 quia
3621 5518 3794 5577 dicit:

2354 5606 2558 5663 Nomen
2588 5608 2721 5662 enim
2743 5606 2840 5662 Dei
2870 5627 2960 5681 per
2989 5626 3077 5665 vos
3098 5609 3477 5683 blasphematur
3502 5612 3638 5667 inter
3668 5622 3865 5685 gentes,

2270 5698 2407 5760 sicut
2443 5704 2688 5773 scriptum
2719 5714 2793 5758 est
2814 5721 2831 5758 :
2856 5705 2910 5760 In
2935 5704 3086 5761 Isaia.
3113 5704 3508 5778 Prmposterato
3530 5707 3721 5765 ordine
3742 5718 3865 5765 ante

2274 5800 2461 5874 posuit
2486 5796 2852 5860 testimonium
2875 5816 3034 5872 quam
3062 5799 3286 5872 diceret,
3310 5800 3587 5874 scriptum.
3616 5800 3695 5862 lta
3716 5802 3860 5862 enim
