4030 6202
220 228 320 289 657

212 437 453 493 tentione
482 436 695 493 dicebat
730 456 740 489 :
775 437 964 492 eodem
1003 452 1165 494 sensu
1209 439 1467 509 scriptum
1498 443 1782 512 repererit.

213 530 309 587 Vel
338 546 549 600 revera,
591 546 836 601 quorum,
855 530 1066 602 injustis
1097 533 1304 588 actibus
1325 548 1518 589 nomen
1550 534 1644 590 Dei
1673 534 1787 591 lue-

210 631 297 678 rat
328 623 756 693 blasphematum
776 664 791 689 ,
833 623 971 679 sicut
1021 625 1279 695 scriptum
1308 636 1426 681 est:
1458 626 1787 693 {Polluerunt

211 733 407 774 nomen
448 733 623 773 meum
655 718 796 774 inter
836 728 1024 790 gentes
1059 736 1069 773 :
1120 720 1246 774 dum
1273 721 1528 776 dicuntur
1557 724 1787 792 populus

210 809 331 875 Dei,
362 810 506 867 inter
529 825 662 881 quas
703 821 891 881 gentes
920 812 1145 883 captivi,
1175 814 1286 867 suis
1313 813 1545 883 peccatis
1587 815 1787 871 facien-

212 901 354 957 tibus
378 903 744 958 morabantur.
788 904 940 969 Item,
973 905 1111 960 sicut
1145 905 1220 959 ait
1254 925 1264 959 :
1314 904 1413 960 Per
1454 908 1591 962 bona
1624 924 1786 977 opera

209 1004 390 1049 vestra
416 994 752 1051 benedicitur
781 996 957 1052 Deus:
989 997 1062 1052 ita
1091 1012 1231 1053 nunc
1254 1013 1361 1053 non
1390 1007 1537 1055 recte
1563 1015 1788 1055 conver-

208 1088 451 1143 santibus
474 1089 904 1160 blasphematur.

281 1178 617 1237 Circumcisio
636 1183 841 1253 quidem
866 1183 1105 1250 prodest,
1156 1186 1202 1237 si
1230 1186 1391 1256 legem
1434 1186 1684 1240 observes.
1725 1186 1788 1241 Si

205 1282 378 1327 autem
394 1273 753 1345 prwt'aricator
776 1273 906 1344 legis
942 1275 1044 1339 sis,
1094 1275 1411 1328 circumcisio
1456 1286 1542 1330 tua
1582 1293 1789 1348 μητρα-

203 1364 335 1415 tium
361 1364 499 1433 facta
520 1372 615 1417 est.
646 1361 931 1431 Quomodo
956 1363 1087 1418 nihil
1116 1372 1229 1431 est,
1266 1365 1310 1419 si
1337 1366 1595 1435 prodest?
1620 1366 1790 1421 Prod-

204 1466 288 1513 est
319 1467 559 1528 tempore
605 1474 703 1515 suo
745 1460 957 1529 signum
994 1479 1007 1513 :
1037 1460 1257 1529 prodest
1286 1462 1330 1515 si
1363 1461 1568 1531 justitia
1614 1462 1789 1535 (cujus

202 1558 290 1604 est
311 1549 674 1623 signaculum)
703 1551 866 1606 adsit.
898 1549 1166 1607 Carterum
1200 1553 1315 1608 sine
1338 1552 1429 1608 illa
1453 1555 1787 1625 superfluum

204 1644 330 1709 erit,
360 1645 475 1699 sive
500 1644 834 1716 quiatvivere
863 1645 1097 1701 faciebat
1142 1645 1409 1713 Judmum,
1464 1657 1521 1703 et
1567 1647 1788 1705 infantia

494 299 635 306 »Ἦν-
880 230 1419 294 COMMENTARIUS
1456 235 1523 294 IN
1561 237 1946 299 EPISTOLAM
1985 242 2076 299 AD
2114 243 2460 307 ROMANOS.
2498 249 2649 307 CAP.
2689 250 2780 308 lll.

215 339 439 397 dicentis
466 354 645 397 sermo
671 339 912 413 dilapsus
941 353 1044 410 est,
1077 354 1133 399 ut
1168 345 1311 416 quod
1346 361 1410 401 ex
1444 349 1660 420 propria
1702 351 1785 405 in-
1810 352 1865 415 Α
1889 353 2124 411 cundum
2155 372 2355 414 novum
2381 360 2784 421 Testamentum
2816 366 3004 437 :quod
3031 369 3287 431 interiora
3319 389 3469 448 qua}.

3367 259 3473 325 658

1889 454 1983 521 rit,
2007 469 2123 524 quae
2153 456 2331 512 solum
2354 458 2501 515 videt
2524 461 2686 516 Deus.

2501 553 2728 611 CAPUT
2765 555 2856 611 Ill.

1967 640 2105 707 Quid
2131 658 2248 715 ergo
2270 646 2487 717 amplius
2508 656 2581 700 est
2607 646 2795 702 Iudaeo
2826 666 2845 702 :
2873 658 2966 704 aut
3004 668 3117 721 qua:
3145 657 3344 714 utilitas
3372 663 3473 716 cir-

1891 734 2213 789 cumcisionis
2237 736 2262 789 Σ)
2292 736 2519 791 Multum
2544 757 2633 811 per
2654 756 2852 797 omnem
2878 744 3111 803 modum.
3137 748 3215 803 Ex
3243 765 3473 821 persona

1891 824 2063 881 Judaei
2094 828 2497 902 interrogantis,
2528 832 2745 902 dicitur,
2794 838 3163 908 respondente
3185 842 3474 915 Apostolo,

1891 920 2120 975 multum
2154 925 2369 993 quidem
2394 928 2688 984 secundum
2719 944 2937 985 omnem
2958 933 3199 989 modum.
3224 935 3351 993 Ideo
3380 955 3475 995 au-

1892 1020 1999 1067 tem
2030 1016 2254 1071 multum
2286 1019 2515 1075 interest
2546 1040 2559 1076 :
2590 1036 2697 1077 non
2728 1024 2856 1092 quia
2904 1026 3374 1085 circumcisionem
3422 1033 3477 1088 in

1891 1121 2053 1163 carne
2081 1121 2431 1179 acceperunt,
2456 1114 2550 1169 sed
2576 1116 2699 1185 quia
2728 1117 2937 1174 credita
2967 1131 3096 1176 sunt
3127 1122 3232 1178 illis
3263 1125 3476 1198 eloquia

1893 1198 2007 1254 Dei.
2038 1200 2172 1256 Item
2200 1203 2377 1259 reddit
2404 1208 2698 1274 rationem,
2722 1212 2866 1280 quod
2899 1213 2995 1269 lex
3026 1226 3337 1289 contempta
3365 1237 3470 1277 non

1891 1293 2081 1363 prosit,
2115 1305 2169 1350 et
2196 1297 2341 1366 quod
2370 1300 2603 1355 carnalis
2630 1302 3066 1365 circumcisionis
3094 1316 3475 1386 praerogativa.

1892 1387 2056 1443 nullis
2078 1390 2330 1460 operibus
2356 1391 2510 1460 fulta,
2544 1396 2611 1450 sit
2639 1410 2801 1451 vana.
2833 1396 3170 1473 Interrogat,
3194 1407 3323 1477 quid
3353 1424 3475 1465 am-

1895 1479 2034 1548 plius
2057 1480 2252 1537 habeat
2277 1483 2515 1542 Judteus.
2534 1485 2616 1541 Ex
2638 1487 2792 1557 cujus
2820 1504 3054 1558 persona
3080 1498 3474 1566 respondetur:

1892 1571 2112 1628 Multum
2141 1591 2238 1645 per
2262 1591 2479 1634 omnem
2506 1578 2744 1635 modum.
2779 1580 2915 1639 Nam
2962 1584 3007 1638 si
3061 1585 3232 1655 ipsius
3284 1604 3479 1647 sensus

1894 1674 1975 1720 est
2009 1667 2275 1723 :multum
2304 1685 2397 1739 per
2424 1685 2640 1726 onmem
2668 1673 2886 1730 modum
2910 1715 2926 1742 ,
2979 1684 3035 1732 et
3081 1679 3261 1735 omnis
3314 1680 3477 1739 homo

201 1736 555 1791 ειῑθτωίηπῖ
584 1746 870 1807 antequam
898 1747 1142 1808 saperet,
1174 1739 1290 1836 ξίνθ
1323 1740 1445 1809 (lilia
1472 1741 1525 1794 Ῑη
1572 1741 1690 1811 Ῐθῧθ
1716 1742 1790 1797 (³-
1820 1748 1870 1811 Β
1896 1757 2132 1812 mendax
2164 1778 2175 1811 :
2209 1736 2480 1829 quomodo
2511 1772 2695 1832 postea
2734 1769 3077 1825 contravcnit
3101 1812 3117 1836 ,
3156 1770 3341 1829 dicens
3373 1792 3388 1830 :
3420 1776 3479 1832 Si

199 1837 354 1883 ceret
377 1843 498 1883 esse
527 1846 542 1882 :
568 1844 670 1899 qua
696 1838 982 1899 perspecta
1011 1830 1305 1898 invenitur,
1341 1832 1521 1886 carnis
1553 1833 1787 1888 circum-

201 1918 416 1975 cisione
438 1930 707 1989 cessante,
734 1935 921 1975 veram
950 1920 1095 1981 illam
1123 1921 1305 1976 cordis
1344 1936 1465 1978 esse
1490 1933 1787 1980 venturam.

198 2012 273 2066 Et
298 2013 682 2084 prmvaricator
713 2013 845 2086 legis
875 2023 979 2082 εει,
1009 2013 1136 2068 dum
1164 2029 1271 2069 non
1290 2014 1540 2085 sequitur
1572 2015 1623 2071 id
1648 2016 1789 2087 quod

198 2100 274 2157 ibi
306 2102 629 2173 praedictum
653 2114 756 2161 est.

272 2193 339 2249 Si
359 2195 517 2267 igitur
546 2196 855 2268 praeputium
878 2197 1111 2265 justitias
1139 2197 1261 2269 legis
1298 2200 1596 2255 custodiat:
1626 2220 1792 2261 nonne

199 2291 513 2359 praeputium
540 2291 680 2345 illius
710 2292 764 2345 in
790 2291 1232 2346 circumcisionem
1264 2293 1623 2362 reputabitur?
1649 2294 1792 2352 Visi-

197 2382 327 2438 bilia
362 2381 604 2452 indigent
646 2382 1028 2450 invisibilibus,
1075 2383 1365 2439 invisibilia
1408 2401 1513 2441 non
1547 2387 1791 2459 indigent

199 2476 549 2542 visibilibus,
584 2491 648 2532 eo
676 2476 820 2549 quod
858 2477 1089 2532 visibilia
1138 2480 1313 2548 imago
1368 2490 1496 2535 sunt
1540 2480 1786 2539 invisibi-

197 2568 358 2637 lium,
398 2577 454 2626 et
486 2568 772 2624 invisibilia
802 2568 1001 2623 veritas
1032 2568 1141 2624 sint
1168 2570 1463 2626 visibilium
1496 2590 1506 2623 :
1538 2572 1660 2628 ideo
1683 2575 1787 2629 cir-

197 2662 465 2717 cumcisio
514 2669 695 2717 autem
742 2662 958 2729 cordis,
1003 2677 1110 2718 non
1158 2662 1361 2734 indiget
1412 2664 1590 2720 carnis
1623 2684 1635 2719 :
1663 2669 1785 2737 quia

200 2754 442 2826 imagine
471 2768 578 2809 non
622 2753 822 2825 indiget
848 2752 1086 2809 veritas:
1118 2754 1293 2822 imago
1350 2763 1524 2810 autem
1581 2758 1790 2829 indiget

198 2855 452 2912 veritate.
482 2854 753 2923 Quaeritur
777 2869 909 2910 sane
940 2871 953 2908 :
978 2870 1147 2926 quare
1177 2856 1249 2910 sit
1276 2855 1400 2910 data
1421 2856 1785 2926 circumcisio,

197 2948 246 3004 si
261 2963 361 3017 per
377 2948 607 3018 seipsam
631 2962 738 3002 non
766 2945 1004 3018 prodest.
1033 2946 1294 3011 Primum,
1323 2955 1383 3001 ut
1402 2958 1789 3018 agnosceretur

200 3039 302 3096 Dei
335 3039 563 3110 populus
593 3038 734 3094 inter
747 3049 960 3111 gentes.
994 3038 1237 3109 Denique
1258 3039 1471 3109 quando
1500 3041 1600 3095 soli
1632 3050 1789 3097 erant

1896 1856 2073 1902 autem
2104 1848 2355 1920 iniquitas
2404 1862 2585 1907 nostra
2637 1854 2901 1924 justitiam
2944 1858 3041 1915 Dei
3088 1865 3476 1934 commendat,

1894 1939 2023 2009 quid
2063 1939 2629 2015 dicemus?Numquid
2654 1947 2870 2017 iniquus
2899 1950 3079 2006 Deus?
3114 1953 3308 2022 Absit,
3367 1966 3477 2015 etc.

1893 2030 2176 2088 Postremo
2200 2078 2214 2103 ,
2247 2035 2520 2105 quomodo
2548 2036 2765 2094 Judaeos
2809 2039 2945 2095 nihil
3000 2044 3232 2114 amplius
3276 2047 3477 2109 habere

1896 2126 2204 2187 conﬁrmat.
2235 2128 2279 2182 si
2312 2128 2398 2182 hic
2425 2129 2654 2184 multum
2685 2129 2887 2187 habere
2916 2141 3344 2195 commemorat?

1966 2216 2205 2272 Primum
2232 2221 2441 2291 quidem
2459 2264 2475 2288 ,
2500 2223 2622 2292 quia
2648 2223 2846 2279 credita
2866 2234 2982 2279 sunt
3004 2225 3106 2281 illis
3131 2229 3335 2301 eloquia
3354 2232 3475 2289 Dei.

1894 2310 2006 2366 Hoc
2036 2312 2166 2365 estis
2193 2311 2390 2367 dicturi
2420 2331 2433 2367 :
2464 2315 2731 2385 primum,
2761 2316 2905 2387 quod
2938 2317 3142 2376 credita
3190 2331 3315 2380 sunt
3362 2326 3473 2384 illis

1893 2403 2105 2474 eloquia
2129 2403 2245 2474 Dei,
2281 2413 2336 2460 et
2360 2405 2616 2474 gentibus
2646 2408 2814 2466 nulla.

1967 2498 2105 2565 Quid
2144 2500 2317 2565 enim,
2364 2500 2409 2553 si
2459 2501 2672 2571 quidam
2716 2503 2925 2560 illorum
2970 2523 3074 2563 non
3112 2510 3479 2570 crediderunt?

1893 2587 2163 2659 Numquid
2192 2589 2530 2646 incredulitas
2560 2592 2773 2647 illorum
2827 2595 2982 2665 ﬁdem
3032 2598 3129 2654 Dei
3167 2604 3424 2659 euacuatn‘t
3453 2608 3478 2660 ζ)

1893 2680 2057 2735 Absit.
2081 2680 2267 2736 Fidem
2299 2682 2712 2752 promissorum,
2737 2700 2859 2742 cum
2892 2688 2963 2742 sit
2983 2689 3185 2748 dictum
3206 2692 3472 2753 Abrahae:

1892 2773 2025 2841 Quia
2054 2774 2108 2831 in
2130 2777 2337 2833 semine
2358 2786 2450 2835 tuo
2480 2779 2871 2838 benedicentur
2895 2798 3085 2843 omnes
3113 2798 3323 2858 gentes.

1963 2864 2059 2921 Est
2083 2878 2252 2924 autent
2272 2869 2412 2927 Deus
2440 2888 2621 2941 verum,
2656 2876 2820 2929 omnis
2850 2886 3024 2932 autem
3057 2879 3209 2936 homo
3230 2884 3475 2941 mendax.

1892 2960 1990 3016 Hic
2018 2961 2215 3030 omnis,
2249 2979 2348 3034 pro
2379 2966 2611 3021 maxima
2636 2976 2791 3039 parte
2835 2967 2997 3038 dicit,
3052 2971 3198 3029 sicut
3231 2993 3243 3027 :
3277 2974 3479 3035 Omnes

1893 3066 1990 3107 sua
2014 3062 2282 3123 quierunt.
2316 3054 2385 3111 Et
2413 3070 2601 3115 omnes
2626 3073 2712 3114 me
2732 3058 3161 3135 dereliquerunt,
3188 3063 3366 3123 Lucas
3391 3079 3477 3125 est

198 3136 257 3191 in
291 3148 501 3202 eremo,
531 3132 838 3189 circumcisi
865 3148 974 3187 non
1010 3131 1249 3187 fuerunt.
1288 3132 1411 3187 Sive
1454 3143 1512 3187 ut
1562 3149 1786 3205 corpora
1814 3143 1861 3208 α
1893 3161 2107 3203 mecum
2136 3147 2303 3203 solus,

199 3244 398 3286 eorum
437 3238 869 3299 agnoscerentur
899 3226 953 3281 in
1003 3224 1167 3279 bello.
1208 3225 1340 3280 Nam
1389 3226 1533 3296 quod
1593 3228 1647 3282 in
1699 3229 1789 3285 tali

198 3320 451 3377 membro
483 3321 789 3391 signantur,
818 3319 935 3373 haec
964 3332 1126 3373 causa
1153 3326 1237 3373 est
1261 3336 1275 3373 :
1298 3317 1535 3373 Primum
1558 3335 1628 3375 ne
1647 3320 1790 3378 aliud

199 3415 512 3474 membrum
542 3425 635 3470 aut
666 3413 846 3470 debile
868 3413 1041 3481 ﬁeret,
1075 3421 1165 3466 aut
1198 3418 1373 3482 turpe,
1405 3413 1546 3483 quod
1578 3414 1790 3484 publice

198 3511 504 3568 videretur.
554 3510 754 3565 lterum
781 3553 796 3577 ,
844 3514 1065 3579 propter
1105 3507 1293 3577 gratiae
1339 3507 1789 3577 promissionem,

201 3607 258 3662 in
282 3621 392 3677 qua
420 3612 575 3661 erant
603 3619 698 3674 per
728 3603 1032 3659 castitatem
1064 3599 1331 3672 placituri.
1381 3600 1506 3656 Sive
1551 3612 1609 3658 ut
1638 3602 1792 3659 Chri-

201 3708 325 3756 stus
348 3698 749 3772 signiﬁcaretur
782 3712 849 3752 ex
905 3696 1021 3766 ejus
1068 3695 1274 3750 semine
1320 3697 1621 3753 nasciturus
1655 3742 1669 3765 ,
1724 3698 1791 3753 ad

206 3813 372 3869 quem
401 3795 579 3851 futura
605 3803 725 3850 erat
756 3794 856 3849 ista
883 3791 1136 3860 carnalis,
1163 3806 1284 3861 qua:
1317 3792 1651 3862 Spiritualem
1700 3792 1795 3847 ha-

210 3892 378 3948 bebat
408 3889 641 3946 aﬁ'erre:
674 3888 827 3960 cujus
857 3897 1038 3958 typum
1066 3901 1266 3956 gerens
1291 3886 1453 3941 Jesus
1485 3886 1660 3953 Nave,
1699 3903 1793 3958 po-

212 3987 401 4058 pulum
429 3983 666 4040 secundo
690 3980 1081 4038 circumcidere
1097 3979 1340 4048 jubetur.

290 4080 361 4135 Et
400 4076 655 4150 judicabit
702 4075 756 4129 id
783 4073 920 4145 quod
949 4088 1011 4126 ea:
1040 4080 1228 4125 natura
1262 4078 1337 4124 est
1364 4073 1696 4142 prteputium,
1726 4074 1796 4128 le-

214 4193 333 4252 gem
356 4186 709 4228 consumntans
727 4209 741 4235 ,
771 4176 850 4233 te,
881 4167 969 4236 qui
995 4182 1084 4236 per
1114 4163 1340 4218 litteram
1373 4174 1419 4219 et
1449 4165 1797 4222 circumcisio-

216 4285 334 4325 nem
356 4263 721 4339 prtevaricator
745 4260 871 4331 legis
902 4274 971 4312 es.
1004 4256 1129 4313 Sive
1169 4256 1298 4311 dum
1340 4256 1534 4312 litterae
1568 4259 1797 4313 circum-

162 4354 173 4361 ’
217 4362 479 4419 cisionem
507 4354 732 4414 sectaris
755 4396 769 4420 ,
802 4350 1271 4407 circumcisionem
1300 4351 1520 4419 spiritus
1549 4351 1796 4422 accipere

218 4452 527 4527 dedignaris
555 4470 567 4507 :
597 4450 711 4506 sive
732 4462 838 4503 non
868 4442 1142 4516 sequendo
1165 4483 1181 4510 ,
1211 4442 1352 4513 quod
1380 4442 1466 4497 lex
1486 4441 1619 4497 dicit
1648 4459 1661 4496 :
1693 4442 1797 4499 hoc

1965 3239 2116 3295 Sicut
2138 3241 2389 3313 scriptum
2426 3253 2501 3298 est
2554 3262 2571 3299 :
2624 3244 2693 3300 Ut
2731 3248 3039 3319 justiﬁceris
3071 3253 3126 3306 in
3161 3254 3481 3310 sermonibus

1893 3331 2024 3399 tuis,
2051 3341 2097 3386 et
2127 3333 2299 3389 vincas
2340 3351 2457 3389 cum
2491 3336 2774 3406 judicaris.
2806 3338 2861 3393 ln
2891 3342 3097 3410 psalmo
3142 3346 3479 3419 quinquage-

1893 3426 2051 3480 simo.
2090 3425 2203 3482 Hoc
2232 3428 2604 3483 testimonium
2662 3431 2735 3484 ita
2787 3434 2969 3503 posuit
3023 3450 3149 3505 pars
3194 3437 3427 3495 adversa
3460 3482 3477 3507 ,

1892 3516 2046 3587 quasi
2075 3516 2282 3573 diceret
2317 3535 2327 3569 :
2360 3518 2655 3589 Propterea
2682 3535 2783 3591 ego
2813 3527 3064 3595 peccavi,
3098 3534 3157 3583 ut
3192 3537 3252 3584 tu
3294 3530 3477 3601 justus

1894 3623 2190 3680 appareas,
2221 3610 2645 3680 mejudicando.
2677 3612 2787 3670 Sed
2838 3630 2999 3672 verus
3051 3634 3243 3679 sensus
3289 3624 3368 3680 sic
3417 3640 3479 3681 se

1897 3702 2062 3757 habet
2088 3720 2100 3753 :
2126 3702 2251 3773 quia
2280 3704 2605 3774 promiserat
2628 3721 2688 3763 se
2717 3707 2860 3765 Deus
2880 3710 2997 3769 sine
3018 3727 3371 3784 personarum
3389 3733 3481 3775 ac-

1896 3795 2149 3865 ceptione
2176 3796 2230 3850 in
2256 3797 2611 3867 peccantibus
2642 3799 2919 3860 vindicare
2952 3824 2964 3860 :
2997 3815 3051 3863 et
3100 3808 3315 3879 quidam
3360 3811 3482 3884 ejus

1898 3886 2213 3958 patientiam
2238 3889 2575 3947 mendacium
2598 3892 2942 3966 judicabant,
2970 3898 3137 3957 vincit
3176 3917 3300 3959 cum
3324 3903 3478 3975 judi-

1892 3979 2120 4045 caverit,
2148 3981 2364 4052 quando
2382 3997 2569 4039 eorum
2596 3984 2734 4042 facta
2759 3989 2947 4057 puniet
2972 4008 2983 4046 :
3013 3992 3066 4047 ln
3094 3994 3288 4065 quibus
3311 4012 3473 4053 nemo

1895 4073 2169 4145 putaverit
2201 4073 2483 4133 vindicari.
2517 4075 2685 4134 Aliter
2718 4096 2732 4132 ε
2762 4079 3011 4139 Probasti
3061 4094 3114 4142 te
3164 4102 3351 4143 curam
3403 4092 3477 4146 de

1898 4163 2205 4221 hominibus
2236 4165 2458 4235 habere,
2492 4168 2580 4238 qui
2613 4184 2710 4239 per
2737 4171 3062 4245 Prophetam
3091 4193 3210 4233 mea
3252 4178 3483 4237 abscon-

1898 4257 2011 4314 dita
2032 4258 2319 4327 revelasti,
2348 4268 2404 4317 et
2423 4259 2601 4317 vicisti
2630 4277 2726 4321 eos
2748 4306 2765 4333 ,
2812 4267 2905 4339 qui
2933 4275 2986 4326 te
3015 4268 3352 4327 incuriosum
3382 4272 3484 4329 hu-

1900 4365 2183 4406 manorum
2210 4360 2429 4407 actuum
2449 4366 2573 4410 esse
2600 4355 2937 4428 contingunt.
2990 4358 3286 4435 ﬂuensque
3334 4364 3486 4435 obje-

1902 4443 2011 4499 ctio
2031 4444 2273 4498 cucurrit
2301 4461 2313 4497 :
2339 4443 2451 4514 jam
2481 4444 2669 4518 incipit
2693 4450 2986 4519 Apostolus
3014 4454 3373 4525 respondere.

216 4558 321 4616 est,
353 4524 412 4601 ίη
439 4543 657 4601 Christ
686 4536 951 4607 credens,
992 4550 1174 4592 veram
1214 4533 1682 4592 circumcisionem
1710 4551 1798 4593 ac-
1817 4524 1872 4586 D
1977 4534 2040 4590 Si
2065 4546 2235 4589 autem
2267 4535 2507 4606 iniquitas
2536 4546 2712 4592 nostra
2726 4540 2985 4610 justitiam
3011 4524 3117 4597 Dei
3141 4550 3486 4621 commendat,

218 4659 449 4703 ceperis.

354 4661 449 4700 rts.

285 4661 419 4793 νιεοη
438 4734 595 4801 enim,
628 4731 716 4804 qui
743 4729 796 4783 iu
815 4726 1090 4798 manifesto
1113 4722 1332 4779 Judwus
1367 4733 1463 4789 est,
1503 4740 1661 4794 neque
1686 4740 1801 4797 qute

221 4831 275 4885 in
300 4828 573 4900 manifesto
604 4826 656 4879 in
686 4837 837 4877 carne
868 4829 940 4875 est
956 4817 1278 4873 circumcisio
1309 4832 1328 4871 :
1359 4816 1448 4870 sed
1477 4817 1564 4886 qui
1594 4816 1647 4870 in
1683 4816 1800 4870 abs-

224 4925 429 4978 cdndito
466 4918 684 4973 Judteus
720 4925 814 4969 est.
851 4913 973 4983 Ipse
1024 4919 1107 4964 est
1142 4921 1319 4962 verus.
1369 4906 1561 4960 Omnia
1613 4907 1755 4962 enim
1778 4952 1795 4978 ,

226 5033 343 5086 quae
370 5021 526 5070 antea
554 5011 695 5066 circa
718 5005 1046 5062 exteriorem
1068 5000 1341 5056 hominem
1361 4999 1707 5070 gerebantur,
1737 5000 1799 5056 ﬁ-

227 5126 415 5184 guram
446 5103 720 5163 interioris
746 5099 1038 5157 habebant.

305 5205 365 5259 Et
388 5198 704 5257 circumcisio
730 5194 921 5250 cordis.
950 5192 1027 5247 De
1053 5206 1155 5261 qua
1179 5189 1435 5259 scriptum
1458 5188 1511 5244 in
1536 5188 1655 5258 lege
1682 5199 1799 5245 est:

230 5298 288 5353 In
328 5288 635 5352 novissimis
664 5287 857 5343 diebus
881 5282 1233 5339 circumcidet
1264 5282 1406 5336 Deus
1446 5295 1543 5335 cor
1571 5290 1720 5335 tuum
1750 5289 1804 5336 et

231 5406 327 5447 cor
355 5386 574 5445 seminis
599 5382 697 5446 tui,
717 5380 783 5435 ad
802 5379 1085 5434 Dominum
1115 5377 1284 5432 Deum
1312 5387 1464 5432 tuum
1492 5374 1804 5430 amandum.

234 5485 302 5541 Et
346 5486 539 5541 iterum
572 5497 587 5535 :
616 5472 1001 5533 Circumcidite
1050 5486 1145 5526 vos
1192 5471 1304 5527 Deo
1352 5479 1573 5539 vestro,
1625 5477 1681 5526 et
1707 5470 1813 5525 cir-

237 5575 521 5633 cumcidite
549 5568 875 5644 praeputium
903 5563 1081 5621 cordis
1109 5563 1301 5618 vestri.

312 5672 376 5728 In
392 5673 603 5744 spiritu,
625 5684 728 5724 non
744 5667 916 5721 littera
945 5682 963 5719 :
987 5666 1136 5735 cujus
1156 5664 1268 5717 laus
1288 5678 1387 5717 non
1421 5678 1484 5717 ex
1510 5659 1820 5729 hominibus,

255 5764 339 5820 sed
366 5780 430 5823 ea:
453 5761 565 5819 Deo
598 5767 690 5817 est.
713 5757 831 5815 Non
855 5756 1148 5824 secundum
1170 5756 1405 5827 litteram
1433 5755 1586 5825 legis,
1616 5751 1712 5813 sed
1735 5768 1822 5811 se-

1902 4627 2027 4698 quid
2057 4626 2316 4680 dicemus?
2346 4625 2620 4699 Numquid
2645 4629 2850 4700 iniquus
2884 4641 2959 4688 est
3000 4630 3186 4693 Deus?
3238 4638 3488 4714 Iniquum

1902 4728 2005 4788 est,
2035 4719 2151 4775 siin
2178 4719 2286 4774 illis
2318 4717 2576 4787 vindicat,
2606 4722 2692 4791 qui
2722 4719 2848 4778 ideo
2870 4736 3257 4797 peccaverunt,
3288 4740 3350 4787 ut
3376 4732 3490 4791 illis

1902 4810 2098 4883 justior
2128 4822 2433 4883 appareret.
2474 4810 2606 4865 Item
2660 4827 2769 4868 non
2807 4813 2953 4885 quod
3000 4825 3182 4874 nostra
3232 4820 3489 4896 iniquitas

1907 4904 2066 4958 addat
2082 4903 2347 4971 justitiam
2372 4904 2502 4968 Deo,
2530 4900 2624 4957 sed
2649 4902 2706 4959 in
2736 4912 3002 4977 tempore,
3029 4913 3247 4981 quando
3273 4913 3327 4972 in
3345 4916 3491 4989 judi-

1912 4999 2053 5052 cium
2079 5009 2199 5048 cum
2218 4994 2329 5050 Deo
2359 4992 2626 5062 venimus,
2666 5011 2773 5059 non
2821 4998 3172 5060 observantes
3218 5022 3491 5082 prazcepta

1911 5090 2050 5160 ejus,
2090 5086 2507 5159 promissionum
2539 5087 2952 5146 retributionem
2980 5092 3307 5155 fraudamus.
3337 5101 3493 5161 Unde

1913 5181 2216 5240 ostenditur
2239 5182 2379 5235 Deus
2408 5194 2570 5235 verax
2597 5197 2613 5247 ;
2651 5180 2775 5251 quia
2805 5197 2923 5254 qua
2955 5188 3204 5259 promisit
3239 5196 3443 5252 sanctis
3471 5238 3490 5267 ,

1909 5272 2289 5347 peccatoribus
2318 5268 2430 5327 non
2462 5272 2575 5328 dat.

1986 5367 2088 5435 Qui
2118 5369 2275 5437 infert
2304 5367 2457 5422 iram.
2493 5366 2558 5424 Ut
2581 5371 2633 5427 in
2662 5372 2865 5432 diluvio
2890 5384 2947 5433 et
2981 5376 3215 5435 Sodoma
3250 5424 3266 5451 ,
3318 5378 3393 5437 ita
3438 5381 3495 5438 in

1912 5462 2134 5533 judicio.

1994 5559 2287 5615 Secundum
2312 5560 2565 5617 hominem
2593 5562 2707 5617 dico
2737 5578 2757 5619 :
2778 5566 2941 5621 Absit.
2969 5566 3212 5640 Alioquin
3237 5571 3496 5641 quomodo

1917 5653 2173 5727 judicabit
2201 5653 2342 5711 Deus
2385 5656 2518 5709 hunc
2571 5658 2862 5714 mundum?
2910 5660 3212 5719 Secundum
3260 5672 3356 5735 te,
3405 5664 3500 5738 qui

1926 5747 2104 5807 taliter
2127 5747 2317 5806 sentis.
2342 5747 2594 5821 Alioquin
2622 5752 2893 5822 quomodo
2910 5753 3173 5826 judicabit
3195 5756 3338 5817 Deus
3358 5757 3511 5817 hunc
