4030 6202
548 225 657 288 Β59

1584 231 1640 288 8.
1683 230 2068 289 HIERONYMI
2104 218 2383 295 oriantur
2423 236 2797 297 usurtssa;

3724 244 3820 304 660

554 345 864 402 mundum?
910 345 1041 414 Quia
1085 342 1290 413 iustitia
1338 340 1613 399 damnabit
1653 343 1973 415 iniustitiam
2003 363 2018 401 :
2047 346 2093 403 si
2115 389 2132 416 ,
2162 344 2217 415 Α
2312 354 2531 424 Linguis
2559 356 2665 410 suis
2698 354 2873 411 dolose
2898 355 3135 428 agebant.
3175 353 3333 414 Aliud
3381 372 3482 417 ore
3508 360 3824 433 promitten-

557 438 855 494 secundnm
882 448 954 501 te,
980 437 1213 491 humana
1244 432 1527 506 iniquitate
1551 436 1620 490 sit
1646 436 1863 506 iustior.

625 529 691 585 Si
717 533 849 583 enim
870 529 1057 581 veritas
1078 526 1176 581 Dei
1212 528 1267 582 in
1294 543 1405 583 meo
1432 529 1697 584 mendacio
1750 530 2026 586 abundavit
2080 533 2136 587 in

546 620 768 692 gloriam
795 621 973 690 ipsius.
1004 619 1119 675 Hoc
1146 630 1249 683 est,
1280 622 1468 677 crevit.

625 714 767 781 Quid
817 713 985 768 adhuc
1042 723 1089 769 et
1137 724 1248 785 ego.
1294 714 1407 771 Hoc
1429 720 1531 782 est,
1556 715 1778 787 insuper
1803 715 2016 787 judicor
2037 732 2137 789 ego

547 810 879 879 quicumque
904 810 1137 865 mentior
1166 808 1329 866 homo
1353 852 1369 876 ,
1410 812 1505 882 qui
1534 812 1743 867 laudari
1772 808 2059 883 deberem,
2090 816 2135 870 ei

549 913 675 955 meo
704 900 1012 963 mendacio.
1039 901 1133 955 Dei
1164 901 1365 957 Veritas
1395 906 1799 974 com‘prubatur.

624 991 907 1062 Tamquam
932 1002 1168 1064 peccator
1179 994 1392 1067 judicur
1420 996 1443 1049 ?
1472 993 1541 1051 Et
1562 1004 1665 1050 neu
1711 1000 1844 1050 sicut
1892 996 2134 1069 blasphe-

547 1100 770 1152 mamur,
803 1095 851 1139 et
876 1087 1007 1140 sicut
1027 1087 1175 1142 aiunt
1200 1087 1413 1158 quidam
1439 1102 1532 1145 nos
1562 1090 1749 1146 dicere.
1777 1089 1849 1148 Ut
1903 1093 1996 1164 qui
2051 1100 2139 1149 me

552 1178 624 1232 ita
647 1176 881 1247 iudicat,
914 1193 1021 1249 qua
1049 1184 1388 1250 peccantem,
1417 1188 1472 1237 et
1499 1188 1606 1237 non
1630 1184 1771 1238 sicut
1799 1183 2015 1254 quidam
2040 1190 2138 1242 nos

550 1272 703 1327 aiunt
722 1272 906 1328 dicere
930 1289 944 1325 :
974 1273 1115 1344 quod
1138 1280 1345 1343 quanto
1367 1268 1573 1345 majdra
1607 1275 1750 1331 maia
1803 1276 2094 1334 fecerimus
2116 1318 2133 1347 ,

552 1374 704 1421 tanto
732 1367 941 1436 majora
968 1365 1112 1421 bona
1138 1352 1480 1438 recipiamus.

623 1457 904 1515 Faciamus
932 1460 1089 1527 mala,
1112 1470 1167 1515 ut
1191 1464 1397 1517 ueniant
1416 1462 1566 1519 bana.
1597 1462 1710 1519 Hoc
1738 1461 1985 1521 lbrtassis
2016 1466 2137 1522 ideo

551 1554 855 1626 putabant:
886 1553 1010 1625 quia
1034 1562 1143 1610 non
1167 1554 1573 1623 intellexerant,
1601 1555 1747 1628 quod
1790 1556 2005 1627 quidam
2056 1548 2139 1613 di.

552 1644 883 1702 cebat:Ubi
930 1644 1226 1703 abundavit
1287 1657 1569 1719 peccatum
1596 1692 1611 1718 ,
1679 1648 2173 1733 superabundavit.

551 1740 747 1812 gratia.

630 1823 863 1898 Quorum
891 1831 1311 1902 dantnutiojusta
1338 1840 1432 1886 est.
1460 1831 1600 1899 Quid
1625 1833 1865 1903 justius‘,
1895 1848 2055 1906 quam
2082 1845 2141 1891 ut

554 1923 695 1980 hanc
730 1922 948 1993 pmnam
996 1922 1236 1978 Sentiant
1263 1964 1278 1989 ,
1335 1926 1495 1993 quam
1540 1939 1639 1979 nos
1678 1939 1877 1996 negare
1927 1925 2140 1985 mentiti

552 2014 679 2069 sunt
708 2031 722 2070 :
756 2013 846 2083 qui
876 2010 1007 2068 nihil
1037 2011 1234 2085 magis,
1278 2027 1438 2083 quam
1489 2014 1696 2087 justum
1746 2015 1839 2073 Dei
1874 2016 2137 2088 judicium

546 2104 925 2177 praedicamus.

626 2198 766 2268 Quid
797 2210 939 2270 ergo,
962 2196 1304 2269 praesttimus
1341 2201 1465 2255 eos?
1516 2198 1880 2272 Nequaquam.
1928 2199 2142 2258 Causati

551 2292 687 2347 enim
711 2306 916 2358 sumus,
946 2290 1159 2346 Judceos
1189 2301 1237 2346 et
1266 2292 1472 2348 ercos
1498 2337 1513 2361 ,
1566 2309 1738 2348 omnes
1788 2294 1880 2348 sub
1932 2302 2141 2364 peccato

553 2401 681 2440 esse.
712 2384 823 2440 Nos
848 2400 915 2440 ex
944 2384 1145 2441 Judazis
1171 2374 1369 2441 nullam
1390 2430 1404 2457 ,
1441 2385 1583 2441 unde
1631 2386 1867 2457 majores
1918 2387 2089 2443 simus
2120 2432 2136 2458 ,

550 2476 770 2533 invenio
799 2480 1037 2533 causam.
1071 2477 1183 2533 Hoc
1214 2478 1359 2534 enim
1402 2478 1750 2549 investigarit
1798 2478 1938 2534 ratio
1970 2520 1986 2548 ,
2038 2481 2141 2535 sub

552 2578 775 2641 peccato
794 2580 935 2637 esse,
960 2581 1016 2627 et
1035 2569 1251 2628 Judaaos
1273 2581 1327 2628 et
1351 2560 1590 2640 Graecos,
1630 2569 1773 2643 quod
1798 2576 1907 2627 non
1932 2573 2140 2628 ratione

552 2665 670 2720 sola
699 2662 1040 2735 colligimus,
1088 2664 1183 2721 sed
1239 2666 1401 2721 etiam
1456 2665 1520 2720 de
1573 2662 1775 2721 Jndaeis
1828 2668 2140 2723 testimonio

550 2758 992 2828 comprohamus.
1026 2758 1163 2814 item
1205 2756 1307 2814 hoc
1338 2758 1575 2815 ostendit
1604 2775 1619 2814 :
1648 2759 1918 2829 quomodo
1966 2758 2140 2816 Judaei

550 2852 683 2908 licet
702 2852 899 2924 Legem
932 2860 986 2909 et
1017 2852 1316 2925 PrOphetas
1339 2853 1621 2922 haberent,
1654 2853 1790 2909 nihil
1819 2862 2005 2910 tamen
2026 2869 2141 2909 am-

547 2948 711 3018 plius,
744 2962 902 3019 quam
929 2956 1118 3021 gentes
1145 2947 1414 3004 habebant
1446 2968 1458 3003 :
1488 2953 1611 3020 Quia
1658 2958 1847 3005 omnes
1894 2947 2141 3007 Similiter

553 3038 935 3112 peccaverunt,
966 3050 1022 3097 et
1043 3046 1202 3110 egent
1228 3040 1399 3109 gloria
1428 3038 1547 3094 Dei.

2240 448 2340 513 'tcs,
2364 450 2506 504 aliud
2545 449 2709 505 corde
2735 449 2995 506 volentes.

2318 542 2579 598 Venenum
2603 544 2861 615 aspidum.
2890 532 3094 598 liorum
3142 545 3475 616 serpentium
3532 548 3820 617 pessimum

2238 632 2368 693 dicit
2397 652 2517 691 esse
2545 652 2836 693 venenum.

2312 728 2419 785 Sub
2452 729 2599 783 labiis
2624 746 2823 785 eorum.
2857 727 2970 784 iioe
2998 738 3103 794 est,
3137 720 3190 784 in
3220 730 3408 788 corde.

2314 821 2547 888 Quorum
2592 838 2647 876 os
2675 820 3049 875 maledictione.
3106 812 3221 876 Non
3271 831 3354 876 est
3404 825 3567 880 unius
3613 828 3825 897 generis

2238 915 2571 971 maledictio.
2605 910 2874 984 Quidquid
2900 916 3045 969 enim
3076 915 3220 969 malo
3248 924 3374 972 voto
3422 914 3648 987 dicitur,
3705 918 3822 976 sine

2238 1007 2403 1064 dubio
2427 1007 2561 1064 mala
2593 1000 2810 1063 dicitur.

2310 1103 2377 1157 Et
2405 1104 2746 1158 amaritudine
2783 1101 2991 1172 plenum
3034 1111 3126 1157 est.
3181 1096 3503 1161 Amaritudo
3554 1107 3821 1164 contraria

2238 1205 2320 1253 est
2346 1193 2614 1251 dulcedini
2650 1194 2939 1251 verborum
2972 1194 3090 1250 Dei.

2316 1288 2526 1345 Veloces
2552 1288 2706 1363 pedes
2746 1292 2919 1344 eorum
2969 1288 3037 1343 ad
3083 1282 3448 1357 eﬁ’undendum
3494 1294 3822 1366 sanguinem.

2236 1382 2363 1442 Sive
2389 1384 2707 1457 simpliciter
2740 1376 3042 1441 homicidas
3070 1376 3200 1440 dicit
3233 1403 3247 1439 :
3279 1386 3391 1442 sive
3430 1388 3827 1445 interﬁcientes

2238 1478 2443 1532 animas
2468 1475 2752 1532 adulando.
2786 1476 2942 1533 Unde
2972 1478 3025 1531 in
3056 1476 3277 1533 Actibus
3302 1476 3719 1549 Apostolorum,
3750 1480 3832 1535 di-

2238 1569 2310 1623 cit
2350 1567 2589 1623 Paulus:
2624 1562 2853 1624 Mundus
2898 1584 3017 1623 sum
3063 1564 3131 1623 ab
3183 1571 3320 1623 omni
3359 1572 3641 1642 sanguine.
3704 1571 3831 1629 Non

2238 1661 2381 1717 enim
2406 1661 2727 1733 subterfugi,
2752 1678 2857 1734 quo
2882 1654 3061 1717 minus
3082 1660 3236 1719 vobis
3254 1665 3634 1721 annuntiarem
3663 1678 3829 1722 omne

2166 1740 2216 1803 Β
2241 1754 2523 1812 consilium
2555 1755 2666 1809 Dei.

2315 1846 2564 1903 Coutrilio
2594 1843 2641 1902 et
2671 1846 2945 1918 infelicitas
2978 1845 3032 1901 in
3071 1847 3166 1902 viis
3206 1863 3411 1915 eorum,
3444 1858 3491 1903 et
3519 1849 3659 1904 viam
3689 1850 3826 1920 pacis

2242 1959 2346 1998 non
2373 1950 2739 2013 cognoverunt.
2773 1940 3137 1997 Conteruntur
3162 1951 3218 1997 et
3263 1942 3507 1998 infelices
3544 1941 3681 1999 fiunt
3707 1944 3823 2000 ani-

2242 2051 2345 2093 ma:
2371 2036 2425 2091 in
2451 2032 2713 2090 doctrinis
2737 2047 2922 2090 eorum
2946 2075 2962 2102 ,
2993 2033 3080 2091 vel
3132 2035 3186 2091 in
3214 2033 3482 2107 exemplis
3536 2049 3825 2092 conversa-

2243 2127 2408 2185 tionis
2434 2141 2643 2185 eorum.

2317 2210 2438 2276 Non
2468 2226 2539 2274 est
2560 2219 2714 2273 timor
2738 2212 2833 2274 Dei
2853 2228 2971 2274 ante
2996 2223 3176 2276 oculos
3201 2236 3401 2275 eorum.
3427 2210 3484 2277 ln
3508 2218 3702 2277 timore
3732 2220 3827 2276 Dei

2242 2309 2506 2369 conclusit
2534 2330 2545 2366 :
2575 2310 2668 2383 qui
2698 2310 2745 2367 si
2777 2311 3021 2368 timorem
3054 2306 3150 2368 Dei
3190 2328 3405 2383 semper
3459 2324 3582 2369 ante
3636 2312 3828 2369 oculos

2243 2401 2592 2468 habuissent,
2645 2417 2752 2457 non
2796 2403 2981 2473 utique
3026 2401 3405 2475 deliquissent.
3452 2404 3631 2477 Neque
3672 2406 3823 2461 enim

2241 2495 2407 2552 audet
2436 2510 2647 2560 servus,
2678 2494 2907 2551 Domino
2936 2508 3227 2567 praesente,
3260 2515 3496 2569 peccare.

2312 2589 2521 2646 Scimus
2549 2600 2722 2643 autem
2774 2590 3018 2662 quoniam
3062 2608 3401 2665 quietumque
3444 2594 3523 2648 lea:
3570 2592 3821 2666 loquitur,

2241 2682 2320 2737 his
2350 2684 2438 2753 qui
2468 2684 2521 2736 in
2544 2682 2652 2754 lege
2678 2693 2817 2752 sunt,
2847 2685 3093 2757 loquitur.
3138 2685 3214 2742 Ne
3261 2687 3542 2753 dicerent,
3601 2688 3716 2744 haec
3770 2688 3826 2743 in

2240 2774 2449 2848 psalmo
2477 2772 2546 2830 de
2584 2774 2837 2846 gentibus
2867 2776 3036 2845 dicta,
3095 2776 3367 2846 ostendit,
3428 2794 3545 2849 qua:
3598 2782 3653 2835 in
3706 2778 3827 2850 iege

2240 2867 2381 2924 dicta
2403 2874 2549 2933 sunt,
2581 2866 2666 2922 his
2686 2868 2775 2939 qui
2796 2867 2852 2922 in
2873 2866 2991 2941 lege
3012 2876 3160 2939 sunt,
3184 2870 3350 2945 loqui.
3375 2870 3648 2939 Quzeritur
3664 2886 3821 2937 sane,

2240 2960 2511 3035 quomodo
2540 2959 2705 3017 Judaei
2740 2960 2993 3017 dixerunt
3020 2962 3185 3018 Deum
3216 2974 3325 3019 non
3375 2978 3515 3020 esse.
3568 2961 3686 3019 Non
3714 2962 3823 3019 uti-

2239 3074 2343 3132 que
2391 3058 2559 3114 verbo
2604 3054 2900 3121 dixerunt,
2944 3058 3041 3114 sed
3069 3074 3254 3130 opere.
3307 3052 3437 3114 Nam
3492 3058 3824 3114 confitentur

624 3134 772 3191 Sicut
792 3134 1039 3205 scriptum
1062 3140 1176 3187 est:
1205 3132 1341 3199 Quia
1354 3149 1470 3225 lion
1521 3139 1593 3185 est
1628 3133 1808 3203 justus
1842 3134 2129 3206 quisquam.

2242 3122 2455 3225 quidem
2486 3167 2545 3206 se
2572 3164 2754 3219 nosse,
2785 3138 2940 3205 factis
2981 3122 3157 3205 autem
3190 3158 3407 3221 negant.
3462 3151 3604 3221 Ergo
3633 3157 3820 3222 gentes

547 3227 609 3287 In
636 3227 850 3299 psalmo
880 3225 1041 3281 tertio
1068 3222 1301 3280 decimo.
1354 3212 1601 3279 Ps'almus
1642 3222 1745 3279 iste
1769 3267 1783 3293 ,
1833 3225 1979 3281 unde
2033 3228 2135 3283 hoc

550 3320 923 3379 testimonium
952 3327 1226 3390 sumptum
1255 3325 1339 3373 est
1363 3358 1379 3385 ,
1411 3316 1482 3372 de
1515 3316 1806 3386 insipiente
1859 3316 2131 3386 loquitur:

548 3414 693 3486 quod
736 3411 1106 3470 testimonium
1156 3410 1211 3465 in
1259 3407 1495 3465 adventu
1577 3406 1778 3465 Christi
1860 3410 2134 3481 praecipue

547 3504 785 3566 ostendit
816 3508 1132 3579 impletum,
1178 3513 1423 3576 tempore
1457 3501 1667 3559 scilicet
1695 3503 2132 3576 passionis,,quo

548 3602 733 3658 nullus
756 3602 930 3671 justus
953 3614 1075 3656 cum
1104 3606 1398 3669 pateretur,
1432 3605 1559 3667 puto
1589 3596 1837 3652 inventus
1862 3596 1951 3652 sit.

622 3690 747 3746 Non
776 3702 847 3744 est
877 3692 1183 3761 intelligens,
1208 3706 1313 3744 non
1361 3697 1437 3744 est
1477 3688 1742 3761 requirens
1784 3685 1974 3745 Deum.
2027 3689 2132 3758 Qui

542 3788 653 3839 non
694 3781 923 3851 requirit
942 3780 1374 3847 fundamentum,
1403 3794 1623 3836 necesse
1659 3786 1828 3836 estut
1874 3776 2128 3838 declinet.

622 3875 814 3930 Omnes
840 3874 1242 3929 declinaverunt.
1271 3873 1369 3943 Qui
1418 3887 1526 3929 non
1557 3870 1847 3945 intelligit,
1892 3882 2001 3929 non
2039 3889 2127 3931 re-

545 3972 747 4043 quirit:
781 3982 879 4025 seu
926 3966 1048 4025 ideo
1090 3978 1196 4023 non
1236 3968 1482 4039 intelligit
1516 4012 1530 4035 ,
1584 3967 1709 4039 quia
1764 3976 1870 4023 non
1911 3968 2126 4039 qurerit.

546 4064 690 4122 Deus
733 4072 912 4120 autem
936 4072 1063 4119 tono
1098 4063 1412 4134 requiritur,
1438 4076 1558 4118 cum
1601 4062 1718 4133 ejus
1750 4060 1997 4117 Voluntas
2045 4064 2128 4118 in-

543 4160 811 4231 quiritur:
842 4155 966 4229 quia
996 4157 1173 4213 omnis
1224 4154 1317 4226 qui
1362 4162 1550 4226 peccat
1580 4194 1595 4221 ,
1655 4168 1761 4208 non
1794 4152 1924 4207 vidit
1953 4166 2077 4207 eum
2106 4195 2121 4219 ,

541 4266 641 4308 nec
667 4250 918 4323 cegnovit
945 4254 1090 4317 eum,
1114 4263 1181 4305 eo
1204 4247 1346 4319 quod
1371 4289 1388 4315 ,
1418 4246 1509 4318 qui
1535 4254 1726 4317 peccat
1751 4286 1765 4310 ,
1800 4244 2011 4300 Domini
2040 4246 2124 4302 sui

544 4361 653 4402 non
706 4344 985 4415 cognoscit
1014 4342 1367 4399 voluntatem.
1426 4339 1559 4396 Nam
1604 4348 1658 4395 et
1699 4339 1858 4410 vulgo
1910 4340 2123 4397 nescire

539 4434 761 4505 dicitur,
790 4439 943 4508 cujus
967 4436 1213 4491 voluntas
1243 4435 1486 4506 ignorata
1516 4439 1621 4488 est.

2238 3245 2326 3300 hic
2351 3260 2459 3299 non
2485 3242 2722 3314 appellat
2752 3259 2765 3297 :
2792 3241 2884 3313 qui
2910 3242 3020 3313 jam
3074 3243 3144 3298 de
3193 3241 3301 3299 illis
3358 3242 3480 3298 talia
3524 3243 3733 3305 dixerat
3763 3243 3816 3298 in

2236 3336 2451 3408 prepria
2474 3350 2655 3390 causa.

2310 3429 2378 3486 Ut
2408 3446 2555 3485 omne
2586 3442 2641 3483 os
2662 3429 2975 3485 obstrualur.
3007 3424 3125 3485 Non
3162 3427 3336 3486 “solum
3381 3429 3614 3502 gentium
3650 3472 3666 3496 ,
3718 3430 3814 3484 sed

2234 3523 2395 3579 etiam
2439 3520 2746 3579 Iudaeorum
2786 3540 2800 3578 :
2840 3520 2968 3579 dum
3013 3536 3116 3579 non
3146 3522 3347 3580 habent
3402 3523 3540 3581 unde
3588 3523 3816 3595 gloriari

2233 3615 2461 3689 possint.

2304 3710 2371 3763 Et
2400 3707 2633 3764 subditus
2656 3709 2749 3780 ﬁat
2773 3708 2933 3766 omnis
2960 3711 3182 3767 mundus
3217 3710 3347 3769 Deo.
3388 3710 3446 3767 in
3468 3710 3819 3769 confessione

2231 3803 2461 3873 peccati.

2306 3896 2443 3963 Quia
2472 3913 2535 3951 ea:
2559 3897 2793 3966 operibus
2821 3898 2946 3971 legis
2974 3914 3073 3951 non
3093 3897 3469 3969 justiﬁcabitur
3496 3902 3661 3954 omnis
3692 3918 3812 3955 caro

2230 4005 2403 4044 coram
2426 3988 2539 4043 illo.
2572 3988 2728 4045 Modo
2758 3998 2864 4044 non
2907 3988 3251 4059 justiilcatur.
3287 3992 3411 4047 Sive
3460 4006 3624 4063 opera
3653 3993 3808 4063 legis,

2229 4084 2695 4141 circnmcisionem
2726 4085 2876 4153 dicit,
2908 4085 3226 4152 sabbatum,
3284 4097 3338 4141 et
3381 4096 3606 4143 czcteras
3635 4103 3806 4142 curre-

2228 4182 2438 4238 monias
2469 4201 2483 4239 :
2519 4198 2639 4254 qua:
2662 4197 2766 4236 non
2800 4194 2905 4236 tam
2937 4184 3002 4236 ad
3028 4182 3313 4252 justitiam,
3361 4198 3518 4253 quam
3574 4184 3640 4237 ad
3687 4196 3815 4237 car-

2228 4276 2311 4331 nis
2369 4270 2610 4331 laatitiam
2666 4276 3027 4347 pertinebant.
3085 4278 3214 4331 Item
3262 4293 3368 4331 non
3401 4276 3667 4332 contraria
3700 4275 3809 4330 sibi

2226 4367 2357 4423 dicit
2405 4370 2733 4439 Apostolus,
2780 4370 3028 4438 superius
3060 4368 3245 4424 dir-ens
3304 4388 3314 4421 :
3370 4368 3470 4436 Qui
3513 4367 3812 4423 ostendunt

2225 4476 2360 4531 opus
2390 4460 2524 4531 legis
2554 4461 2604 4514 in
2630 4460 2885 4515 cordibus
2916 4462 3051 4516 suis.
3084 4460 3149 4516 Et
3181 4472 3321 4515 nunc
3348 4461 3501 4525 dicit,
3552 4475 3620 4515 ex
3676 4475 3807 4530 ope-

610 4534 784 4589 Simul
812 4533 1020 4587 inutiles
1049 4530 1172 4603 facti
1194 4539 1334 4584 sunt.
1360 4518 1585 4584 inutiles
1606 4524 1671 4583 ad
1699 4541 1835 4597 opus
1871 4525 1937 4582 ad
1973 4525 2116 4598 quod

2239 4508 2359 4531 Ὗ--
2390 4508 2522 4531 --οη
2634 4508 2883 4515 ηψπ-η
2916 4508 3051 4516 -_._.
3084 4508 3149 4516 _.-
3181 4508 3321 4515 -.-ην
3352 4508 3501 4525 -.-.-,
3558 4508 3620 4515 ν.-
3682 4508 3783 4530 ,τν

2239 4553 2369 4608 'ibus
2398 4553 2531 4624 legis
2552 4552 2964 4622 nonjusdiicari
3006 4568 3219 4609 omnem
3273 4568 3515 4608 carnem.
3572 4552 3808 4608 Carnem

530 4625 751 4683 fuerunt
781 4624 1072 4695 procreati.

604 4718 729 4775 Non
750 4730 820 4773 est
842 4719 929 4790 qui
957 4708 1115 4789 faciat
1145 4716 1361 4780 bonum,
1398 4724 1501 4768 non
1545 4722 1617 4769 est
1643 4728 1801 4785 usque
1838 4712 1907 4766 ad
1931 4726 2113 4769 unum.

533 4813 646 4869 Nec
677 4811 989 4883 Apostolus.
1020 4807 1150 4865 item
1183 4809 1228 4865 si
1258 4822 1363 4865 non
1383 4818 1487 4874 est,
1519 4807 1609 4878 qui
1657 4805 1819 4861 faciat
1865 4807 2065 4862 bonum
2097 4852 2111 4877 ,

534 4904 809 4973 quomodo
840 4900 1070 4959 inferius
1100 4902 1309 4971 plebem
1336 4908 1488 4955 suam
1535 4899 1709 4970 arguit
1759 4898 2109 4967 deverantes,

529 5006 586 5051 ct
616 4997 836 5066 inopum
860 4996 1146 5051 consilium
1175 4990 1606 5051 confundentes?
1658 4993 1817 5049 Plebs
1843 4992 1986 5063 enim
2013 4992 2111 5048 Dei

528 5105 637 5145 non
662 5098 800 5156 erat,
825 5089 871 5144 si
892 5089 1092 5144 bonum
1122 5105 1227 5143 non
1256 5080 1484 5144 iaciebat
1513 5104 1528 5142 :
1555 5087 1787 5143 maxime
1812 5102 1932 5143 cum
1966 5085 2107 5157 iusta

480 5194 485 5200 '
526 5182 731 5239 ibidem
770 5184 1050 5253 generatio
1089 5181 1405 5253 appelletur.
1438 5180 1549 5236 Hoc
1583 5181 1749 5253 magis
1794 5182 1860 5235 ad
1916 5180 2105 5249 psalmi

524 5276 927 5348 expositionem
954 5276 1206 5344 pertinet,
1238 5289 1396 5344 quam
1428 5271 1494 5329 ad
1515 5273 1761 5344 Apostoli
1792 5288 2031 5329 causam.

594 5372 905 5443 Sepulcrum
938 5380 1113 5439 patens
1140 5372 1209 5423 est
1236 5378 1411 5439 guttur
1437 5383 1633 5422 eorum.
1669 5366 1861 5423 Fetorc
1901 5366 2105 5421 doctri-

516 5483 603 5523 na:
629 5481 763 5531 sum,
787 5474 842 5519 et
864 5462 1175 5517 adulatione
1210 5462 1583 5517 contaminans
1607 5505 1620 5527 ,
1668 5471 1721 5517 ct
1772 5460 2101 5517 interﬁciens

511 5558 819 5614 audientes.
849 5556 973 5611 ideo
1012 5556 1159 5611 enim
1215 5554 1520 5624 sepulcrum
1579 5554 1869 5625 diligenter
1898 5553 2101 5609 claudi-

508 5656 625 5712 tur,
670 5666 738 5704 ne
775 5648 950 5704 adhuc
979 5647 1285 5705 viventibus
1332 5647 1679 5705 exhalatione
1724 5663 1820 5705 sua
1875 5658 2097 5720 generet

510 5738 745 5815 gestem.

2221 4652 2485 4712 accusat,
2542 4644 2695 4713 cujus
2736 4644 3069 4714 providentia
3129 4646 3231 4717 legi
3277 4645 3372 4701 Dei
3394 4645 3667 4715 subjicere
3694 4660 3809 4700 non

2222 4755 2416 4818 potest.
2447 4744 2559 4802 Lex
2599 4745 2743 4801 enim
2794 4740 3081 4801 ostendere
3133 4748 3280 4801 novit
3327 4754 3606 4815 peccatum
3644 4758 3801 4803 :non

2220 4858 2399 4905 tamen
2425 4847 2678 4915 ostendit,
2703 4848 2936 4920 qualiter
2957 4845 3150 4903 debeat
3173 4846 3449 4904 observari
3477 4865 3489 4901 :
3520 4855 3576 4903 ct
3602 4846 3804 4902 iterum

2217 4954 2411 5026 punire
2436 4952 2615 5023 noxia,
2646 4966 2753 5007 non
2784 4951 2919 5007 dans
2952 4950 3163 5006 veniam
3192 4946 3468 5021 pmoitenti
3497 4965 3511 5013 ;
3552 4949 3806 5004 Christus

2216 5066 2393 5113 autem
2422 5056 2794 5112 remissionem
2840 5066 3182 5126 peccatorum
3228 5054 3395 5110 donat
3422 5052 3800 5122 credentibus,

2210 5170 2267 5218 et
2291 5161 2449 5218 docet
2476 5160 2744 5232 quomodo
2774 5159 3007 5215 debeant
3032 5159 3213 5214 carnis
3243 5158 3374 5214 vitia
3400 5155 3549 5211 vitari
3577 5196 3592 5222 ,
3624 5165 3800 5228 atque

2208 5263 2497 5335 prudentia
2524 5261 2780 5317 resecari.

2280 5362 2381 5416 Per
2409 5363 2569 5431 legem
2598 5362 2728 5414 enim
2758 5360 2982 5431 cognitio
3012 5359 3230 5427 peccati.
3265 5356 3377 5411 Non
3411 5355 3670 5411 remissio
3708 5365 3799 5412 est

2210 5456 2437 5530 peccati,
2477 5456 2569 5509 sed
2604 5455 2857 5524 cognitio.
2900 5453 3027 5509 ideo
3052 5452 3199 5507 etaim
3234 5466 3328 5520 per
3352 5450 3523 5520 legem
3560 5449 3690 5521 quid
3722 5452 3797 5506 sit

2208 5556 2509 5622 peccatum,
2540 5547 2849 5617 agnoscitur
2875 5564 2885 5598 :
2910 5544 3033 5616 quia
3066 5553 3156 5599 aut
3185 5543 3238 5597 in
3259 5542 3533 5598 oblivione
3556 5551 3680 5598 erat
3704 5543 3791 5597 lex

2204 5652 2410 5701 naturae
2436 5649 2560 5694 :aut
2581 5648 2707 5696 ante
2739 5641 2911 5710 legem
2936 5640 3157 5705 iitterze,
3190 5636 3394 5692 leviora
3422 5651 3656 5707 quasque
3682 5650 3790 5689 non

2202 5732 2661 5807 cognoscebantur
2687 5745 2805 5789 esse
2833 5739 3074 5801 peceata,
3131 5726 3182 5784 id
3214 5735 3319 5797 est,
3365 5742 3487 5796 qua:
3512 5728 3637 5785 aliis
3678 5743 3788 5784 non
