4030 6202
194 304 293 381 col

869 321 1402 382 COMMENTARiUS
1440 323 1504 382 IN
1546 304 1929 383 artaret.“
1967 318 2060 382 Ab
2098 310 2447 383 mutuos.“
2481 326 2635 383 CAP.
2676 326 2769 383 ιν.

3346 328 3450 388 662

192 438 464 499 nocebant
497 460 512 501 :
540 438 599 500 ul
636 442 1069 516 concupiscentia
1092 488 1107 515 ,
1135 436 1423 513 ebrietas,
1468 440 1523 498 et
1563 434 1764 497 caetera
1789 441 1843 502 Α
1867 441 1936 496 ab
1964 440 2224 512 ApostOIo
2258 458 2270 493 :
2301 436 2533 495 Eretriae
2560 448 2664 497 est.
2698 443 2853 508 Item,
2875 440 3095 500 Iudaeus
3122 442 3443 516 interrogat.

192 530 521 603 hujuSmodi.
1614 602 1615 609 η

266 628 427 683 Nunc
472 640 641 684 autent
671 632 779 686 sine
805 630 913 702 lege
934 630 1144 702 justitia
1174 629 1271 684 Dei
1313 629 1645 699 manifestata
1674 636 1767 681 est.

191 721 306 778 ilco
332 732 437 790 est,
485 721 628 791 Quod
669 722 797 777 dicit
830 741 843 776 :
873 723 995 793 quia
1034 720 1259 791 juStiiia,
1304 730 1425 789 quae
1473 722 1528 775 in
1555 716 1771 774 Christo

190 815 577 871 manifestanda
607 827 748 883 erat,
772 818 824 871 in
848 816 966 886 iege
994 815 1226 871 naturali
1256 820 1361 869 non
1392 821 1507 869 erat
1526 810 1767 882 cognita;

190 907 518 962 Tcstimonia
548 908 729 963 autem
770 909 905 979 legis
937 906 1105 978 Moysi
1144 914 1201 961 ’et
1242 904 1634 975 Prophetarum
1677 912 1772 954 an;

191 1001 527 1059 nuntiatione
553 1000 931 1071 praedicantur.
966 1000 1098 1055 item
1133 1000 1251 1054 sine
1292 1001 1412 1069 lege
1456 998 1653 1052 litteris
1678 993 1770 1065 ju-

188 1095 337 1149 stitia
368 1094 745 1150 manifestata:
780 1110 898 1164 quae
943 1094 1101 1148 nobis
1144 1092 1315 1162 gratis
1351 1106 1381 1144 a
1430 1090 1541 1144 Deo
1572 1088 1768 1142 donata

187 1195 293 1252 eSt,
343 1189 450 1243 non
500 1188 688 1243 nostro
730 1178 917 1241 labore
958 1186 1222 1257 quaesita,
1270 1191 1326 1239 et
1373 1182 1617 1252 apertius
1668 1180 1764 1250 per

186 1279 435 1351 exempla
456 1278 677 1347 Christi,
702 1278 1037 1334 evidentium
1063 1276 1353 1349 patefacta,
1384 1284 1503 1346 qua:
1528 1273 1769 1329 latebant

188 1371 241 1427 in
274 1371 412 1442 lege.

259 1462 553 1533 Testiﬁcuta
582 1466 614 1519 α
640 1463 776 1537 Lege
805 1466 851 1517 et
890 1456 1188 1530 Prdphétis.
1228 1454 1355 1516 Slve
1389 1458 1599 1530 iustitia
1648 1453 1765 1514 hac

188 1550 472 1628 prmdicata
519 1562 603 1613 est
638 1560 669 1611 s
703 1554 846 1624 Lege
888 1560 941 1609 et
978 1544 1265 1623 Prophetis
1302 1569 1317 1606 :
1355 1550 1409 1607 in
1459 1548 1767 1605 novissimis

187 1650 520 1721 temporibus
554 1650 679 1706 ‘csse
724 1644 948 1705 Ventura
989 1661 1004 1700 :
1046 1644 1161 1700 sive
1203 1638 1443 1715 cognitio
1480 1641 1689 1715 peccati
1734 1654 1764 1695 a

186 1744 328 1817 Lege
354 1748 410 1801 ct
429 1742 718 1813 Prophetis
747 1738 1122 1797 testimonium
1153 1737 1384 1807 accepit.

1944 531 2047 585 Per
2062 548 2214 602 quam
2237 526 2396 602 legem
2411 532 2437 584 ?
2458 529 2739 587 Factorum
2754 535 2783 588 ?
2800 533 2867 588 id
2879 542 2983 599 est,
3004 549 3098 604 per
3118 537 3441 593 naturalem.

1873 628 2048 699 Opera
2079 627 2213 698 legis
2242 624 2567 683 refelluntur
2597 629 2665 683 ab
2698 624 2985 697 apostolo.

1946 722 2086 777 Non.
2114 721 2219 777 Sed
2242 734 2333 792 per
2348 722 2512 791 tegent
2533 722 2676 791 ﬁdei;
2709 721 2812 777 Per
2833 730 2991 793 quam
3015 720 3227 791 legem?
3256 721 3449 777 Facto-

1872 818 2025 871 rum?
2054 816 2192 882 Non,
2221 808 2560 883 subauditur;
2593 823 2676 871 est
2700 834 2713 868 :
2736 813 2834 870 sed
2855 824 2950 886 per
2970 810 3143 885 legem
3174 814 3321 869 ﬁdei.
3352 815 3447 869 lie-

1872 916 2013 980 gem,
2043 910 2175 965 dicit
2207 910 2407 963 statum
2440 908 2566 965 lldei
2612 900 2921 977 terminum,
2975 905 3078 964 hoc
3106 917 3212 977 est,
3250 918 3448 964 bovum

1874 1001 2295 1059 TeStamentttm.

1943 1080 2273 1149 Arbitrdniur
2300 1098 2433 1152 enini
2450 1094 2734 1168 juxtiﬁcitri
2758 1092 3015 1151 tantum
3040 1102 3131 1168 per
3156 1097 3314 1166 ﬁdem
3339 1092 3451 1151 sine

1871 1187 2106 1257 operibus
2137 1187 2284 1259 legis.
2310 1190 2458 1246 Certi
2490 1204 2696 1254 sumus,
2730 1190 2818 1244 vel
2840 1189 3168 1260 judicamas.
3200 1190 3447 1246 Abtttun-

1868 1276 1959 1336 tur
1985 1278 2202 1350 quidam
2229 1278 2333 1338 nec
2358 1283 2480 1338 loco
2510 1272 2577 1337 ad
2609 1278 3036 1338 destructionem
3084 1276 3311 1355 operum
3355 1278 3447 1353 ju-

1868 1369 2051 1441 stitiae,
2077 1372 2252 1429 suum
2282 1370 2442 1429 ﬁdem
2465 1366 2625 1444 posse
2652 1366 2901 1429 sttmcere
2930 1369 3297 1430 amrmintes:
3321 1374 3443 1430 cum

1868 1479 2050 1527 tamen
2076 1471 2201 1527 alibi
2232 1466 2377 1528 dicat
2403 1460 2697 1543 ilpdstolus
2728 1491 2742 1528 :
2775 1466 2832 1526 Si
2871 1469 3112 1527 habuero
3139 1474 3355 1527 omnem
3386 1472 3449 1525 li-

1869 1563 2013 1630 dem,
2042 1562 2115 1619 ita
2147 1556 2207 1619 ut
2248 1552 2465 1621 iboiti’es
2504 1556 2827 1620 transferam
2860 1581 2873 1616 :
2910 1558 3228 1619 citaritatem
3267 1560 3444 1618 autem

1869 1654 1975 1711 noh
2006 1650 2260 1725 habeam,
2293 1646 2603 1731 nihilliiihi
2633 1649 2877 1727 prodest.
2910 1655 2968 1711 ltt
3008 1654 3112 1727 dua
3159 1655 3445 1721 charitate,

1868 1744 1979 1805 alio
2001 1750 2120 1807 loco
2142 1749 2276 1823 legis
2295 1746 2490 1809 asserit
2510 1750 2897 1824 plenitudinem
2918 1748 3207 1815 contineri,
3233 1748 3443 1805 dicens:

254 1834 471 1892 Iustitia
497 1843 669 1890 autem
696 1833 792 1888 Dei
816 1848 905 1905 per
934 1829 1088 1899 ﬁdem
1112 1827 1240 1883 Iesu
1267 1825 1481 1893 Christi,
1508 1827 1562 1881 in
1591 1838 1761 1881 omnes

1867 1834 2155 1897 Pleniitido
2200 1840 2335 1912 legis
2384 1846 2470 1899 ’est
2513 1840 2768 1897 charitas.
2802 1839 2955 1909 Quod
2995 1841 3039 1895 si
3088 1839 3204 1896 haec
3254 1850 3441 1896 eorum

154 1966 157 1971 λ
181 1938 231 1984 et
260 1934 413 2002 super
436 1940 624 1996 omnes,
649 1927 736 1999 qui
764 1925 977 1982 credant
1006 1924 1060 1979 iu
1091 1920 1224 1978 eum.
1255 1920 1500 1989 .luStitia,
1524 1934 1629 1992 qua
1649 1924 1761 1976 cre-

180 2019 331 2077 ditur
367 2016 609 2075 Christo.

253 2110 379 2166 Nan
407 2112 543 2166 enim
558 2119 629 2165 est
652 2108 935 2165 distinctio.
971 2107 1114 2164 Inter
1139 2106 1384 2164 Judzeum
1412 2113 1469 2163 et
1492 2105 1759 2162 Graecam.

255 2202 448 2259 Omnes
474 2204 613 2258 enim
636 2210 998 2273 peccauerunt,
1025 2210 1072 2256 et
1099 2208 1243 2272 egent
1283 2198 1449 2271 ql'oria
1484 2198 1597 2253 Dei.
1626 2196 1783 2266 Quia,

183 2312 289 2354 non
321 2296 522 2352 habent
546 2304 723 2353 suam.

252 2378 537 2460 laetiﬁcari
563 2390 723 2460 gratis
750 2392 840 2461 per
867 2388 1089 2461 gratiam
1115 2388 1301 2459 ipsius.
1329 2384 1461 2443 Sine
1487 2385 1593 2439 ulla
1626 2397 1762 2453 ope-

184 2497 302 2537 rum
333 2482 544 2537 actione
562 2494 661 2550 per
682 2479 1027 2552 baptismum,
1061 2481 1202 2549 quod
1223 2480 1479 2535 omnibus
1501 2480 1612 2534 hon
1641 2492 1761 2531 tne-

179 2574 424 2629 rentibus
447 2574 617 2643 gratis
638 2582 858 2643 peccata
880 2560 1117 2628 donavit.

254 2664 362 2720 Per
386 2667 803 2735 redemptionem,
826 2676 941 2737 quia
959 2675 1033 2719 est
1056 2666 1110 2718 in
1131 2663 1335 2718 Chi-isto
1354 2662 1501 2719 Iesu.
1527 2663 1640 2730 Qua
1661 2666 1763 2717 nus

176 2758 419 2815 redemit
450 2759 711 2829 sanguine
736 2774 836 2813 suo
875 2760 942 2814 de
970 2764 1145 2813 morte
1178 2775 1191 2812 :
1218 2758 1305 2813 cui
1346 2768 1442 2827 per
1474 2756 1759 2827 peccatum

179 2847 388 2905 venditi
414 2850 688 2906 itteramus
713 2867 725 2903 :
753 2850 1049 2906 secundum
1081 2852 1269 2905 Isaiam
1295 2850 1563 2905 dicentem
1591 2850 1761 2905 :Pe‘c-

177 2944 316 2999 catis
350 2944 546 2999 vestris
578 2944 865 2999 venundati
892 2944 1045 3001 estis.
1070 2945 1240 3012 Quam
1265 2956 1490 3000 mortem
1514 2943 1761 3000 Christus

175 3037 316 3091 vicit
360 3038 482 3107 quia
513 3052 620 3092 non
655 3038 919 3107 peccavit.
970 3036 1171 3092 Omnes
1202 3045 1382 3092 autem
1422 3040 1499 3091 rei
1544 3051 1758 3093 eramus

176 3130 376 3185 mortis
406 3147 420 3184 :
454 3130 541 3186 cui
570 3146 628 3186 se
662 3132 754 3185 ille
782 3130 1021 3185 lndebite
1042 3129 1283 3191 tradidit.
1309 3140 1370 3184 ut
1391 3142 1490 3184 nos
1520 3143 1619 3185 suo
1641 3144 1758 3185 san-

1866 1933 2049 1990 sensui
2077 1932 2327 1989 videntur
2354 1948 2474 2009 esse
2501 1932 2771 1989 contraria
2804 1951 2817 1988 :
2852 1933 2971 1990 sine
3017 1932 3213 2005 quibus
3261 1934 3442 2004 operi—

1865 2026 1963 2081 bus
1993 2022 2125 2097 legis
2171 2012 2470 2096 Apostolus
2511 2022 2801 2097 juStili‘cari
2844 2020 3119 2079 hominem
3159 2030 3253 2091 per
3281 2022 3441 2080 ﬁdeln

1866 2118 2067 2175 dixisse
2111 2114 2412 2176 credendus
2458 2116 2561 2187 est,
2610 2114 2819 2174 scilicet
2866 2114 3315 2181 clrcumcikionis,
3355 2118 3444 2172 vel

1865 2210 2099 2279 sabbati,
2136 2221 2193 2267 et
2230 2212 2554 2267 ceterarum
2602 2208 2913 2279 huiusmodi
2943 2227 2958 2264 :
2992 2222 3098 2265 non
3130 2209 3331 2279 absque
3352 2207 3442 2277 ju-

1863 2304 2026 2360 stitice
2049 2302 2324 2375 operibus,
2359 2304 2427 2359 de
2455 2302 2651 2374 quibus
2679 2300 2867 2359 beatus
2895 2301 3127 2357 lacubus
3154 2296 3285 2355 dlblt
3317 2318 3331 2355 :
3357 2299 3444 2355 FI-

1865 2398 1961 2471 des
1988 2398 2105 2453 sine
2135 2395 2391 2467 operibus
2425 2396 2635 2452 mortua
2662 2398 2743 2451 est
2775 2413 2788 2451 :
2821 2394 2906 2449 hl‘c
2932 2403 3111 2449 autem
3138 2393 3205 2447 de
3234 2392 3329 2446 illo
3358 2393 3443 2446 di-

1865 2490 1967 2554 cit,
2014 2489 2105 2560 qui
2141 2488 2209 2543 ad
2258 2487 2529 2543 Christum
2572 2489 2797 2542 veniens
2840 2487 2982 2551 sola,
3033 2492 3156 2540 cum
3198 2485 3439 2555 primum

1864 2580 2059 2649 credit,
2087 2579 2193 2635 ﬁde
2210 2579 2471 2634 solvatur.
2498 2578 2759 2636 Addendn
2782 2570 2981 2647 autem,
3006 2578 3261 2648 operibus
3286 2574 3440 2646 legis,

1864 2673 2103 2729 ostendit
2132 2670 2253 2729 esse
2285 2673 2447 2729 etiam
2478 2674 2663 2744 gratiae
2694 2684 2880 2741 Opera.

1935 2765 2015 2819 Au
2056 2764 2358 2821 Judteorum
2406 2764 2545 2819 Deus
2590 2767 2837 2819 tantum?
2868 2758 3056 2820 Nonne
3088 2772 3137 2818 et
3173 2765 3444 2835 gentium?

1864 2859 2128 2928 Numquid
2160 2859 2374 2914 Judaeos
2403 2859 2549 2914 solos
2578 2858 2720 2914 Deus
2751 2859 3095 2913 creavitzaut
3126 2857 3193 2913 de
3220 2857 3325 2912 illis
3351 2860 3440 2911 so-

1864 2950 1929 3006 lis
1957 2960 2140 3005 curam
2165 2952 2335 3021 gerit?
2364 2949 2495 3005 Nam
2524 2956 2578 3005 et
2604 2958 2792 3020 gentes
2820 2948 3199 3019 peccaverunt,
3228 2960 3280 3002 et
3307 2950 3436 3014 vos;

1863 3055 1919 3104 et
1940 3050 1985 3103 si
2010 3064 2104 3104 vos
2129 3049 2529 3114 convertimini,
2555 3042 2609 3103 et
2636 3049 2735 3103 ittt.
2764 3048 2823 3103 Si
2851 3049 3003 3103 vobis
3024 3050 3171 3103 venit
3192 3045 3465 3108 Christus

1864 3154 1931 3196 ex
1963 3140 2081 3211 lcge
2108 3141 2425 3210 prornissus,
2466 3148 2521 3195 et
2549 3141 2676 3196 illis.
2716 3141 2847 3196 Nam
2878 3148 2933 3195 et
2971 3140 3280 3211 l‘t-equenter
3310 3142 3443 3197 Pro-4

171 3226 342 3295 guine
369 3224 680 3281 redimeret.
712 3224 869 3281 Unde
897 3224 1166 3293 Propheta
1196 3223 1555 3293 praedixerat:
1580 3217 1760 3281 Graiis
1789 3218 1833 3282 C
1864 3235 2043 3304 phetat
2072 3233 2233 3288 etiam
2265 3232 2331 3289 de
2352 3232 2658 3287 Judzeorum
2685 3233 2967 3288 vocatione
2987 3232 3259 3288 dixerunt.

173 3318 472 3373 venundati
509 3317 673 3384 estis,
711 3329 767 3374 et
803 3320 922 3373 sine
970 3316 1192 3387 pecunia
1236 3316 1599 3371 redimemini.
1648 3315 1762 3372 Hoc

174 3420 287 3479 cst,
322 3413 448 3481 quia
487 3411 622 3466 nihil
655 3426 753 3481 pro
782 3412 933 3467 vobis
968 3411 1280 3481 accepistis,
1307 3419 1362 3465 et
1398 3409 1600 3465 Christi
1628 3411 1760 3465 estis

172 3504 445 3573 sanguine
470 3502 790 3559 redimendi.
824 3503 994 3560 Simul
1022 3503 1153 3557 illud
1183 3502 1501 3569 notandum,
1530 3503 1651 3572 quia
1678 3510 1759 3557 re.

174 3593 350 3647 demit
375 3608 495 3662 nos,
538 3608 646 3647 non
673 3594 844 3648 emit:
870 3594 991 3663 quia
1031 3603 1158 3648 ante
1188 3608 1287 3663 per
1313 3596 1561 3648 naturam
1592 3596 1759 3666 ipsius

176 3688 484 3757 fueramus,
517 3688 643 3743 licet
673 3688 841 3743 simus
866 3689 1066 3742 nostris
1093 3688 1163 3743 ab
1187 3703 1252 3743 eo
1276 3688 1495 3745 alienati
1525 3690 1755 3745 delictis.

177 3782 331 3837 Tunc
356 3797 495 3837 sane
526 3782 802 3839 fructuosa
841 3785 947 3839 erit
974 3782 1276 3853 redemptio
1308 3792 1513 3850 nostra,
1550 3784 1597 3839 si
1632 3794 1758 3853 pec-

175 3891 311 3933 care
340 3890 638 3932 cessemus.

254 3967 418 4033 Quem
439 3968 707 4039 proposuit
730 3968 888 4022 Deus.
922 3968 981 4023 in
1006 3975 1254 4037 promptu
1276 3974 1405 4021 ante
1430 3966 1617 4021 oculos
1644 3970 1761 4022 ‘om-

178 4060 330 4117 nium
357 4062 537 4130 posuit
564 4083 577 4113 :
604 4067 663 4114 ut
688 4061 778 4130 qui
809 4059 1005 4115 redimi
1033 4060 1168 4125 vult,
1198 4060 1440 4114 accedat.

254 4153 655 4225 Propitiatorem
702 4170 792 4225 per
849 4155 1004 4221 fidem
1048 4155 1100 4206 in
1157 4152 1405 4221 sanguine
1450 4152 1640 4221 ipsius,
1689 4154 1759 4206 ad

177 4248 517 4302 ostensionem
540 4246 764 4320 justitiw
789 4259 916 4300 suis.
942 4244 1010 4301 Ut
1040 4244 1364 4315 propitiatur
1390 4244 1490 4311 eis,
1514 4244 1608 4315 qui
1639 4259 1757 4300 cro-

176 4343 315 4397 dunt
338 4355 400 4395 se
428 4341 544 4412 ejus
570 4342 833 4410 sanguine
862 4339 1187 4394 liberandos.

253 4436 475 4502 Propter
498 4439 847 4491 remissionem
870 4436 1262 4508 praedantium
1282 4437 1602 4492 delictorum.
1628 4436 1759 4491 Pro-

179 4536 365 4601 pterea
398 4544 589 4601 passus
612 4538 697 4585 est
719 4528 990 4595 Christus,
1025 4540 1083 4584 ut
1109 4531 1445 4600 propositum
1478 4531 1573 4585 Dei
1603 4530 1758 4585 sedse

179 4634 266 4682 ret
293 4637 439 4697 tquo
470 4625 685 4680 tandem
714 4614 907 4695 punire
935 4623 1249 4679 decreverat
1279 4631 1611 4694 peccatores.

254 4717 317 4773 In
348 4720 718 4775 sustentatione
754 4717 876 4781 Dei,
913 4717 980 4770 ad
1012 4716 1349 4770 ostensione»:
1384 4717 1606 4788 justitiu:
1648 4718 1759 4787 ejus

180 4815 233 4867 in
257 4815 351 4867 hoc
372 4820 617 4885 tempore.
651 4811 781 4866 Vult
811 4810 1099 4865 ostendere
1130 4810 1298 4863 Deum
1327 4808 1544 4877 quidem
1572 4807 1637 4861 ad
1657 4806 1759 4861 hoc

184 4912 556 4976 exspectasse,
582 4913 643 4958 ut
666 4901 899 4958 tamdem
922 4908 982 4958 Se
995 4901 1326 4971 corrigerent
1354 4898 1750 4968 delinquentes.

184 4998 310 5053 illos
335 5000 468 5054 vero
498 4996 641 5053 male
671 5010 794 5052 usos
822 4994 1081 5066 patientia
1113 4993 1231 5056 Dei,
1255 4994 1308 5047 in
1339 4991 1541 5063 majora
1572 4989 1755 5060 prola-

182 5104 308 5160 psos
338 5103 461 5146 esse
506 5097 746 5160 peccata.
800 5085 955 5144 Unde
988 5084 1093 5141 Job
1141 5085 1236 5140 ille
1279 5083 1609 5153 iustissimus
1657 5090 1756 5137 suo

182 5194 426 5255 tempore
456 5184 533 5239 ait
559 5183 629 5238 de
654 5184 944 5254 peccatore
969 5199 980 5233 :
1008 5179 1165 5236 Dedit
1187 5179 1234 5235 ei
1267 5179 1408 5233 Deus
1434 5176 1612 5232 locum
1645 5190 1758 5246 pm-

180 5278 426 5333 nitentiat
460 5294 475 5332 :
503 5286 561 5332 et
587 5277 676 5331 ille
706 5276 943 5330 abutitur
971 5289 1036 5329 eo
1066 5273 1118 5328 in
1150 5270 1425 5341 superbia.

257 5371 328 5427 Ut
356 5370 423 5426 sit
458 5371 567 5443 ipse
588 5372 783 5441 justus,
814 5378 860 5422 et
881 5368 1176 5441 justi/imus
1198 5382 1333 5433 eum,
1358 5364 1446 5433 qui
1466 5378 1528 5417 ea:
1557 5364 1661 5431 ﬁde
1686 5370 1762 5416 est

176 5463 307 5518 Iesu
343 5462 552 5518 Christi.
597 5462 698 5529 Qui
725 5462 872 5517 solus
916 5462 1165 5515 inventus
1208 5469 1310 5527 est,
1344 5467 1400 5513 et
1440 5467 1598 5527 quem
1645 5457 1761 5527 ipse

172 5557 555 5631 justiﬁcaverit
587 5572 601 5609 :
635 5569 739 5608 non
770 5568 837 5608 ex
869 5552 1149 5622 operibus,
1198 5552 1291 5607 sed
1326 5567 1391 5624 ex
1421 5550 1546 5605 ﬁde.

260 5651 356 5708 Ubi
378 5662 453 5707 est
471 5666 591 5721 ergo
618 5648 854 5719 gloriatio
875 5650 1006 5701 tua?
1032 5647 1256 5701 Exclusa
1283 5655 1373 5701 est.
1407 5644 1488 5700 Ad
1514 5644 1758 5699 Judaeum

181 5745 468 5814 loquitur:
504 5758 571 5797 ne
613 5739 859 5810 glorieris
906 5749 959 5792 te
1004 5739 1261 5806 operibus
1306 5736 1568 5792 meruisse
1602 5735 1761 5805 justi-

182 5838 335 5896 tiam.
369 5838 503 5895 ltem
539 5832 895 5901 interrogatio
936 5833 1106 5889 Judaei
1152 5842 1253 5888 est.
1298 5830 1366 5888 Et
1403 5830 1761 5900 reSpondetur

1936 3322 2102 3379 Immo
2123 3337 2171 3381 et
2189 3327 2439 3399 gentium.
2466 3320 2700 3382 Pulchre
2726 3324 2945 3381 modum
2975 3328 3207 3381 servavit
3234 3330 3283 3380 In
3314 3340 3438 3383 ver-

1862 3418 1963 3473 bis.
1998 3419 2169 3473 lmtno
2193 3420 2333 3474 dixit
2359 3437 2373 3472 :
2397 3426 2454 3472 ut
2473 3419 2788 3474 ostenderet
2817 3417 2985 3488 magis
3011 3427 3219 3487 gentes,
3250 3432 3439 3488 quam-

1861 3511 1943 3565 vis
1974 3527 2082 3566 non
2113 3516 2271 3567 erant
2297 3510 2620 3566 circumcisi.
2658 3510 2719 3565 Et
2750 3511 3021 3565 Abraham
3054 3519 3177 3565 ante
3207 3512 3439 3567 circum-

1859 3602 2118 3659 clsionem
2167 3605 2370 3672 justus.
2418 3602 2485 3657 Et
2535 3600 2709 3657 reddit
2758 3600 3052 3669 rationem,
3106 3618 3175 3657 ne
3224 3603 3435 3661 Judtrbs

1858 3696 2147 3753 excludere
2178 3695 2472 3750 videretur.

1934 3787 2189 3853 Quoniam
2208 3786 2421 3857 quidem
2443 3796 2578 3841 unus
2603 3790 2677 3841 est
2702 3786 2866 3854 Deus,
2890 3784 3263 3862 quijustiﬁcat.
3294 3791 3435 3849 Utri-

1861 3876 1966 3949 que
1986 3878 2077 3933 uni
2112 3879 2242 3945 Deo,
2274 3886 2329 3933 et
2363 3881 2456 3935 uni
2483 3878 2700 3935 Christo
2728 3876 3051 3936 credidistis.

1932 3968 2381 4025 Circumcisionem
2419 3987 2482 4026 ea:
2523 3971 2645 4041 ﬁde,
2696 3980 2743 4025 et
2789 3976 3095 4045 prteputium
3122 3990 3212 4047 per
3255 3976 3434 4046 ﬁdem.

1860 4059 2035 4130 Ipsum
2069 4071 2153 4114 est
2182 4076 2251 4115 ex
2286 4061 2388 4115 ﬁde
2415 4071 2467 4116 et
2499 4076 2595 4130 per
2621 4061 2779 4118 ﬁdem
2805 4081 2817 4113 :
2847 4064 2943 4119 sed
2975 4078 3102 4120 usus
3128 4067 3436 4137 Scriptura-

1861 4167 1980 4207 rum
2026 4151 2112 4206 hic
2138 4154 2240 4220 est,
2278 4164 2335 4208 ut
2380 4155 2433 4208 in
2476 4153 2669 4209 iisdem
2710 4156 2887 4210 causis
2932 4158 3151 4213 mallent
3199 4166 3428 4228 mutare,

1860 4260 2020 4315 quam
2051 4258 2298 4317 repetere
2326 4261 2630 4303 sermonem
2660 4266 2672 4300 :
2698 4249 2834 4305 sicut
2852 4251 2907 4304 In
2932 4250 3155 4307 Daniele
3176 4254 3435 4323 scriptum

1860 4351 1942 4395 est
1972 4358 1986 4396 :
2021 4340 2247 4411 Propter
2273 4340 2544 4395 Abraham
2575 4350 2791 4398 set-itum
2821 4353 2990 4414 tuum,
3030 4354 3083 4401 et
3112 4345 3259 4401 lsaac
3298 4345 3432 4403 dile-

1858 4444 2001 4490 ctum
2032 4444 2204 4499 tuum,
2238 4444 2291 4487 ot
2323 4434 2481 4489 lsrael
2512 4445 2755 4490 sanctum
2798 4446 2969 4491 tuum.

1928 4528 2117 4596 Legem
2138 4544 2258 4599 ergo
2286 4529 2599 4583 destruimus
2623 4546 2711 4599 per
2732 4530 2886 4598 ﬁdem
2905 4533 2928 4585 Ρ
2950 4531 3114 4587 Absit.
3143 4532 3250 4587 Sed
3276 4533 3433 4602 legent

1779 4609 1831 4670 D
1857 4625 2146 4674 statuimus.
2178 4619 2294 4674 Non
2328 4622 2596 4675 contraria
2630 4620 2733 4676 sibi
2760 4621 3050 4690 Apostolus
3078 4624 3227 4689 dicit,
3267 4638 3433 4695 supe-

1860 4712 1971 4767 rius
1999 4727 2249 4767 asscrcns
2280 4712 2555 4767 exclusam
2583 4724 2706 4767 esse
2737 4712 3016 4781 umbram,
3046 4724 3100 4768 et
3143 4724 3329 4785 typum
3357 4718 3436 4773 le-

1858 4804 1940 4875 gis
1971 4806 2223 4874 prwsenti
2252 4806 2476 4859 veritate
2509 4823 2523 4859 :
2554 4819 2696 4859 nunc
2722 4816 2901 4861 autem
2935 4808 3103 4862 infert
3130 4811 3435 4880 approbare

1859 4912 1917 4951 se
1948 4897 2140 4965 legem,
2172 4897 2227 4951 in
2257 4911 2363 4966 quo
2396 4897 2511 4965 ipse
2546 4898 2911 4953 testimonium
2952 4899 3222 4970 perhibet.
3265 4901 3436 4958 Abra-

1861 4989 2009 5055 ham,
2038 5005 2146 5043 non
2173 5004 2239 5043 ex
2267 4988 2520 5057 operibus
2550 4988 2705 5059 legis,
2740 4990 2835 5045 sed
2864 5007 2933 5046 ex
2968 4991 3086 5047 ﬁde
3112 4992 3436 5063 iustiﬁcatus

1860 5091 1962 5137 est.
1986 5081 2139 5147 item,
2171 5080 2342 5149 legem
2369 5082 2518 5149 ergo,
2550 5094 2673 5151 qua:
2700 5081 3013 5139 circumcidi
3042 5088 3306 5158 praecipit,
3337 5100 3433 5143 su-

1861 5173 2119 5245 perﬂuam
2157 5171 2479 5241 iudicamus.
2527 5174 2704 5229 Absit.
2746 5173 2915 5229 immo
2958 5186 3102 5233 stare
3144 5179 3427 5248 faciamus,

1863 5268 1988 5323 dum
2021 5268 2311 5339 prObamus
2336 5278 2521 5321 verum
2554 5283 2696 5336 esse,
2723 5270 2867 5339 quod
2899 5268 3031 5327 dixit
3064 5291 3077 5327 :
3103 5275 3273 5346 legem
3302 5276 3433 5345 legi,

1865 5371 2243 5418 testamentum
2278 5369 2623 5429 testamento,
2654 5363 3124 5421 circumcisionem
3157 5369 3438 5423 circumci-

1862 5460 2002 5516 sioni
2032 5472 2425 5516 successuram.

2471 5553 2695 5613 CAPUT
2734 5552 2821 5612 IV.

1938 5644 2073 5712 Quid
2114 5660 2231 5715 ergo
2272 5645 2499 5700 dicemus
2537 5648 2789 5703 invenisse
2834 5649 3113 5703 Abraham.
3148 5647 3439 5704 Revocavit

1864 5736 1990 5790 illos
2012 5735 2078 5790 ad
2108 5744 2266 5805 caput
2291 5738 2717 5795 circumcisionis
2753 5760 2764 5794 :
2799 5750 2852 5797 ut
2881 5742 3023 5812 quod
3051 5741 3208 5798 initio
3238 5742 3438 5797 consti'

1867 5830 2053 5895 tuerit,
2083 5829 2399 5888 adhibeatur
2431 5832 2484 5888 in
2533 5840 2665 5889 toto.
