4030 6202
524 233 629 295 665

1558 220 1622 281 S.
1660 215 2035 278 ΗΙΕΒΟΝΥΜΙ
2073 209 2353 275 OPERUM
2391 205 2749 268 MANTISSA.

3700 200 3808 262 661-

606 353 833 411 Patrem
855 358 1099 410 nostrum.
1126 345 1345 402 Patrem
1362 336 1662 398 secundum
1689 336 1870 395 carnis
1887 335 2121 393 circum—
2146 334 2201 397 Α
2215 329 2493 403 justitiam.
2532 327 2734 384 Omnes
2759 323 2902 381 enim
2932 322 3275 391 conﬁtemur,
3302 327 3361 381 et
3386 322 3759 381 consentimus
3784 346 3799 380 :

536 449 825 505 eisionem.
858 446 989 500 Nam
1020 438 1152 494 ﬁdes
1184 438 1237 492 in
1268 445 1448 491 mente
1486 432 1756 488 consistit.

607 538 910 597 Secundum
960 546 1180 587 carnem.
1242 529 1439 583 Dicens
1497 525 1793 582 secundum
1848 538 2109 592 carnem,

536 632 775 692 ostendit
818 626 1095 681 traducem
1120 623 1300 678 carnis
1329 634 1473 685 esse,
1507 634 1614 674 non
1649 619 1863 673 animae.

602 726 667 781 Si
687 723 826 779 enim
855 716 1112 774 Abraham
1139 732 1203 770 ea:
1239 714 1474 785 operibus
1505 712 1629 785 legis
1663 711 1984 782 justiﬁcatus
2020 717 2112 764 est.

531 818 589 875 Si
618 832 684 872 ex
715 828 801 882 eo,
827 810 970 883 quod
1004 824 1063 865 se
1088 804 1447 871 circumcidit,
1475 803 1803 874 justiﬁcatus
1837 812 1940 870 est,
1985 800 2117 856 nihil

530 908 606 965 illi
638 907 780 962 Deus
803 900 1043 967 donavit,
1071 897 1167 953 sed
1193 911 1259 952 ex
1299 910 1359 951 se
1388 893 1577 949 habuit
1618 892 1871 965 gloriam.
1901 891 2112 947 Aliter:

2220 436 2279 482 ut
2312 426 2453 498 quod
2487 425 2625 481 ratio
2655 422 2722 479 de
2742 420 3021 477 Abraham
3052 420 3337 487 invenerit,
3364 418 3471 476 hoc
3499 418 3568 475 de
3593 420 3806 477 caeteris

2219 520 2591 576 observemus.

2292 614 2561 682 Quomodo
2601 630 2722 686 ergo
2765 620 3005 685 reputata
3047 620 3119 666 est
3162 611 3255 665 ei:
3286 610 3343 663 in
3388 610 3799 677 circumcisione,

2220 726 2288 764 an
2324 710 2378 763 in
2401 709 2688 781 praeputio?
2714 706 3005 763 Videamus
3044 714 3223 758 utrum
3254 701 3599 758 circumcisio
3625 716 3694 758 ex
3712 701 3802 772 ju-

2218 801 2385 867 stitia,
2426 816 2494 856 an
2519 800 2727 871 justitia
2751 815 2817 855 ex
2844 797 3261 854 circumcisione
3284 795 3354 849 sit
3376 804 3519 849 nata.

2291 893 2414 949 Non
2457 894 2511 946 in
2551 892 2960 958 circumcisione,
3002 889 3092 944 sed
3117 889 3171 942 in
3198 886 3643 960 prteputio.gQuia
3680 897 3805 946 ante

528 1001 586 1057 Si
610 999 756 1070 jussa
800 992 1050 1066 perfecit,
1100 989 1242 1061 apud
1268 988 1622 1059 semetipsum
1665 986 1829 1043 habet
1853 985 2111 1057 gloriam,
2214 988 2392 1059 justus
2414 1002 2573 1058 quam
2599 985 2975 1042 circumcisus.

529 1109 639 1150 non
680 1089 821 1161 apud
853 1088 1045 1142 Deum.

602 1185 774 1241 Habet
796 1182 1039 1257 gloriam,
1070 1178 1160 1233 sed
1191 1193 1295 1232 non
1317 1175 1457 1246 apud
1485 1174 1669 1228 Deum.
1704 1171 1926 1237 Dicens,
1956 1170 2119 1226 habet

531 1278 782 1351 gloriam,
807 1273 902 1329 sed
924 1287 1034 1328 non
1060 1269 1203 1341 apud
1235 1269 1408 1323 Deum
1434 1283 1447 1319 :
1473 1263 1713 1322 ostendit
1732 1278 1859 1320 eum
1890 1278 1958 1319 ex
1988 1276 2118 1335 ope-

528 1369 680 1427 ribus
704 1368 816 1424 suis
841 1364 1066 1436 gloriam
1109 1360 1329 1426 habere,
1358 1365 1412 1413 et
1438 1372 1546 1412 non
1580 1371 1652 1412 ex
1681 1356 1814 1411 Deo.

608 1460 744 1529 Quid
773 1458 911 1513 enim
936 1456 1060 1509 dicit
1091 1452 1367 1523 Scriptura
1391 1451 1415 1505 ἲ
1445 1448 1678 1504 Credidit
1703 1447 1964 1503 Abraham
1984 1446 2114 1503 Dea.

531 1557 670 1615 Tam
700 1566 891 1622 magna
920 1548 1020 1603 fuit
1044 1546 1179 1605 ﬁdes
1204 1542 1457 1609 Abrahae,
1492 1552 1551 1597 ut
1575 1551 1630 1598 et
1657 1541 1889 1612 pristina
1918 1540 1968 1596 ei
1992 1555 2118 1611 pec-

535 1659 655 1707 cata
682 1647 1036 1709 donarentur,
1062 1649 1115 1696 et
1144 1638 1257 1695 sola
1287 1652 1398 1709 prae
1427 1633 1801 1705 omnijustitia
1831 1634 2119 1690 doceretur

2290 1078 2357 1134 Et
2374 1080 2576 1151 signum
2600 1078 2793 1150 accepit
2814 1075 3239 1132 circumcisionis.
3262 1073 3340 1129 Ne
3358 1072 3603 1131 dicerent
3629 1093 3643 1131 :
3670 1089 3795 1146 ergo

2221 1173 2493 1247 superﬂue
2520 1172 2869 1229 circumcisus
2898 1180 2982 1227 est
3012 1186 3026 1225 :
3058 1169 3271 1241 signum
3303 1169 3377 1225 ait
3408 1183 3529 1226 esse
3554 1168 3795 1241 iustitiae,

2221 1282 2331 1323 non
2358 1274 2725 1336 augmentum.
3032 1330 3037 1341 ι

2292 1359 2631 1432 Signaculum
2657 1358 2879 1431 justitite
2906 1356 3050 1427 ﬁdei,
3078 1371 3192 1427 qua:
3218 1365 3293 1410 est
3320 1355 3372 1410 in
3409 1356 3684 1427 praeputio.
3716 1356 3804 1414 Si-

2220 1452 2506 1524 gnaculum
2555 1451 2766 1522 accepit
2812 1450 2960 1505 illius
2998 1449 3243 1520 iustitiae,
3293 1465 3445 1519 quam
3489 1450 3811 1520 praeputiati

2222 1544 2357 1601 ﬁdes
2385 1546 2601 1602 meruit.
2634 1543 2881 1600 Perfecta
2913 1541 3059 1600 enim
3090 1541 3212 1609 fuit,
3238 1550 3294 1596 ut
3320 1542 3651 1611 signaculum
3684 1557 3813 1598 me-

2223 1649 2452 1695 reretur.
2499 1638 2724 1708 Semper
2758 1636 2901 1694 enim
2944 1650 3032 1693 res
3068 1636 3228 1708 plena
3262 1634 3515 1706 signatur.
3574 1634 3708 1691 Sive
3748 1645 3809 1691 ut

534 1749 754 1813 accepta
776 1782 790 1805 ,
836 1745 889 1793 et
922 1742 1070 1790 tanto
1102 1732 1360 1801 deinceps
1390 1743 1575 1785 amore
1623 1726 1888 1798 ﬂagravit,
1935 1734 1995 1782 ut
2036 1742 2121 1783 διι-
2148 1729 2197 1791 Β
2224 1733 2555 1799 ostenderet,
2585 1748 2743 1804 quam
2766 1733 2941 1803 justus
2972 1740 3025 1787 et
3053 1731 3227 1787 ﬁdelis
3251 1741 3415 1796 esset,
3436 1730 3528 1801 qui
3556 1729 3801 1786 dolorem

534 1851 634 1907 per
663 1831 845 1889 omnia
879 1843 939 1882 se
970 1840 1130 1896 opera
1162 1829 1449 1893 praeparet.

601 1929 673 1982 Et
700 1931 991 1995 vapulatum
1012 1926 1085 1974 est
1100 1915 1181 1969 illi
1198 1916 1266 1968 ad
1277 1914 1564 1987 justitiam.
1591 1913 1657 1969 Et
1679 1912 1799 1970 ideo
1821 1912 1984 1969 habet
2003 1913 2118 1986 glo-

528 2023 667 2079 riam
699 2015 841 2087 apud
872 2013 1065 2077 Deum,
1100 2008 1397 2065 secundum
1425 2011 1567 2079 quod
1599 2009 1686 2065 lex
1711 2007 1976 2079 probavit.

601 2111 670 2166 Ei
696 2121 867 2164 autem
885 2106 972 2177 qui
996 2111 1257 2175 operatur,
1286 2118 1473 2157 merces
1498 2118 1603 2156 non
1632 2102 1920 2172 imputatur
1938 2118 2119 2158 secun-

530 2210 655 2263 dum
686 2202 934 2277 gratiam,
964 2197 1053 2253 sed
1073 2195 1356 2251 secundum
1394 2195 1639 2250 debitum.
1671 2194 1940 2252 Debitoris
1974 2196 2119 2253 enim

530 2310 617 2361 est
643 2299 839 2364 facere,
868 2309 988 2366 qua:
1024 2291 1283 2362 iubentur
1312 2307 1327 2342 ε
1355 2300 1409 2345 et
1453 2288 1559 2346 nisi
1586 2289 1845 2360 paruerit,
1889 2288 2119 2346 damna-

528 2407 659 2454 tur:
684 2393 730 2448 si
757 2396 939 2447 autem
968 2386 1181 2453 fecerit,
1207 2399 1317 2440 non
1338 2383 1502 2439 habet
1524 2382 1778 2454 gloriam,
1808 2383 1932 2453 quia
1959 2384 2121 2439 inuti-

529 2489 603 2546 lis
646 2484 825 2542 adbuc
871 2494 1064 2538 servus
1109 2476 1326 2545 dicitur,
1357 2475 1447 2546 qui
1489 2474 1624 2531 nihil
1664 2476 1915 2547 amplius,
1958 2492 2120 2548 quam

534 2580 680 2655 quod
724 2582 1058 2650 prameptum
1106 2580 1219 2639 est,
1265 2576 1542 2641 operatur.
1589 2565 1804 2624 Aliter:
1843 2567 1959 2624 Non
2012 2569 2120 2627 illis

533 2672 707 2747 gratis
734 2670 966 2725 donatur
992 2663 1219 2736 justitia,
1248 2676 1346 2719 seu
1374 2674 1584 2719 merces
1618 2660 1863 2718 redditur
1891 2676 2120 2732 operum

534 2764 909 2837 pristinorum.

610 2854 680 2910 Ei
702 2870 817 2909 vero
844 2851 934 2923 qui
953 2866 1059 2907 non
1081 2856 1346 2921 operatur,
1370 2848 1599 2905 credenti
1624 2857 1793 2906 autem
1812 2852 1868 2906 in
1895 2867 2013 2906 eum
2032 2855 2121 2924 qut

533 2949 795 3029 justiﬁcat
824 2947 1061 3019 impium,
1092 2952 1361 3017 reputatur
1405 2945 1530 3015 ﬁdes
1571 2949 1683 3019 ejus
1729 2945 1798 3001 ad
1836 2947 2117 3019 justitiam.

536 3046 961 3106 Convertentem
1009 3040 1257 3111 impium,
1302 3054 1401 3110 per
1449 3038 1623 3095 solam
1668 3038 1829 3095 ﬁdem
1868 3038 2125 3110 justiﬁeat

2222 1827 2329 1883 sibi
2371 1842 2437 1883 ex
2478 1827 2733 1882 mandato
2764 1826 2859 1881 Dei
2889 1824 3154 1880 dubitavit
3193 1822 3417 1879 inferre.
3456 1821 3575 1878 Non
3608 1826 3804 1893 putetis

2222 1922 2574 1992 superfluum,
2598 1919 2739 1990 quod
2762 1919 2828 1974 ab
2853 1917 3212 1974 essentiarum
3238 1916 3467 1972 Domino
3484 1914 3802 1987 jubebatur:

2223 2014 2366 2070 sicut
2405 2030 2507 2070 nec
2546 2012 2897 2084 parricidium
2940 2009 3172 2068 credidit
3212 2010 3459 2082 impium,
3502 2009 3645 2080 quod
3684 2008 3804 2066 fons

2222 2117 2557 2177 praeceperat
2580 2105 2817 2176 pietatis.

2297 2200 2365 2255 Ut
2399 2201 2466 2253 sit
2489 2208 2632 2272 pater
2670 2200 2897 2253 omnium
2924 2197 3241 2253 credentium
3268 2212 3362 2268 per
3387 2197 3713 2268 praeputium,
3750 2204 3809 2249 ut

2224 2274 2485 2364 reputetur
2511 2301 2559 2348 et
2583 2292 2689 2347 illis
2716 2291 2783 2345 ad
2803 2290 3102 2364 justitiam;
3127 2297 3175 2343 et
3203 2289 3267 2342 sit
3293 2298 3438 2359 pater
3458 2288 3809 2343 circumcisio-

2225 2389 2327 2455 nis,
2362 2405 2465 2443 non
2491 2388 2570 2442 his
2601 2395 2823 2453 tantum,
2852 2387 2940 2455 qui
2966 2395 3086 2440 sunt
3114 2400 3179 2439 ea:
3199 2384 3598 2449 circumcisione,
3623 2383 3712 2437 sed
3752 2391 3809 2438 et

2224 2479 2306 2535 his
2327 2481 2415 2552 qui
2433 2490 2694 2535 sectantur
2720 2480 2932 2551 vestigia
2956 2479 3099 2548 ﬁdei,
3130 2494 3245 2549 qua:
3270 2488 3345 2531 est
3363 2478 3416 2531 in
3432 2478 3675 2549 prwputio
3703 2494 3813 2547 pa-

2227 2573 2318 2628 tris
2340 2573 2501 2626 nostri
2521 2571 2763 2627 Abrahae.
2786 2572 2858 2629 Ut
2877 2586 3065 2627 omnes
3087 2572 3179 2642 qui
3200 2586 3266 2627 ex
3292 2570 3538 2642 gentibus
3556 2569 3809 2638 credunt,

2225 2663 2324 2720 ﬁlii
2344 2664 2454 2720 sint
2478 2664 2715 2721 Abrahae
2739 2683 2752 2719 :
2778 2665 2906 2720 dum
2930 2673 2986 2720 et
3015 2664 3125 2720 illis
3150 2664 3266 2719 sola
3290 2664 3426 2719 ﬁdes
3452 2663 3519 2719 ad
3545 2663 3815 2733 justitiam

2224 2768 2525 2830 reputatur.
2576 2758 2752 2815 Erunt
2795 2759 2900 2830 ipsi
2944 2760 3271 2825 circumcisi,
3316 2759 3411 2815 sed
3453 2757 3639 2815 corde.
3682 2758 3815 2816 Sive

2226 2853 2346 2924 quia
2380 2852 2434 2908 in
2461 2854 2727 2924 praeputio
2759 2854 2939 2924 justus
2968 2854 3089 2921 fuit,
3125 2862 3184 2909 ut
3222 2865 3365 2911 esset
3394 2854 3813 2910 incircumcisoo

2226 2960 2348 3000 rum
2376 2953 2532 3023 pater
2558 2964 2573 3001 :
2605 2954 2658 3002 et
2684 2947 3037 3002 circumcisus
3063 2947 3241 3017 justus
3273 2948 3593 3017 permansit,
3622 2954 3681 3002 ut
3706 2947 3816 3003 cir-

2226 3035 2584 3093 cumeisorum
2608 3037 2876 3109 justorum
2907 3038 3064 3095 ﬁeret
3090 3048 3263 3109 pater.

536 3143 705 3207 Deus,
728 3153 837 3194 non
857 3149 1021 3208 Opera
1042 3134 1207 3202 bona,
1235 3148 1354 3205 quae
1379 3147 1487 3188 non
1514 3132 1721 3189 habuit.
1750 3133 2006 3205 Alioquin
2026 3148 2125 3206 per
2151 3131 2197 3198 C
2298 3129 2422 3186 Non
2450 3130 2586 3184 enim
2616 3146 2707 3202 per
2731 3131 2892 3202 legem
2916 3131 3189 3203 promissio
3227 3131 3467 3199 Abralue,
3501 3141 3592 3187 aut
3631 3133 3813 3189 semini

538 3233 833 3307 impietatis
863 3243 1027 3302 opera
1072 3226 1249 3283 fuerat
1290 3225 1612 3298 puniendus.
1659 3224 1832 3283 Simul
1880 3227 2120 3298 attende,

540 3327 667 3400 quia
688 3341 796 3382 non
827 3331 1168 3395 peccatorem
1199 3317 1329 3374 dicit
1366 3316 1645 3387 iustiﬁcari
1673 3330 1769 3387 per
1814 3314 1997 3385 ﬁdem,
2028 3318 2125 3376 sed

538 3421 770 3492 impium
805 3435 815 3471 :
845 3415 950 3473 hoc
976 3422 1062 3471 est
1090 3424 1263 3481 nuper
1291 3408 1603 3465 credentem
1632 3409 1884 3465 asseruit.

614 3509 918 3569 Secundum
956 3507 1275 3578 propositum
1312 3503 1493 3574 gratia:
1522 3501 1639 3557 Dei.
1690 3501 1794 3570 Qui
1838 3505 2123 3578 proposuit

543 3605 712 3679 gratis
735 3618 834 3674 per
860 3600 1031 3657 solam
1057 3597 1220 3654 ﬁdem
1260 3605 1477 3669 peccata
1507 3595 1803 3654 dimittere.

616 3697 765 3754 Sicut
792 3703 838 3749 et
877 3692 1046 3749 Dauid
1075 3692 1197 3746 dicit
1238 3691 1599 3747 beatitudinem
1645 3693 1887 3750 hominis.
1937 3693 2127 3768 Magna

543 3784 828 3844 beatitudo
847 3794 932 3839 est
957 3783 1076 3838 sine
1100 3782 1288 3837 labore
1309 3782 1443 3854 legis
1462 3792 1517 3839 et
1536 3782 1891 3854 pmnitentite,
1913 3784 2127 3844 Domini

543 3881 773 3954 gratiam
803 3873 1142 3948 promereri:
1166 3873 1305 3932 sicut
1331 3874 1378 3931 si
1397 3874 1522 3947 quis
1549 3876 1780 3949 aliquam
1809 3877 2125 3951 dignitatem

539 3970 710 4044 gratis
729 3968 976 4041 accipiat.

615 4063 713 4120 Cui
732 4061 873 4118 Deus
891 4070 1097 4134 accepto
1123 4062 1223 4134 fert
1236 4061 1491 4133 justitiam
1513 4062 1624 4119 sine
1642 4064 1899 4133 operibus.
1921 4063 2005 4121 Ad
2026 4065 2128 4123 hoc

542 4157 685 4215 ﬁdes
714 4161 887 4227 prima
923 4155 989 4212 ad
1015 4155 1280 4226 justitiam
1321 4163 1622 4227 reputatur,
1660 4164 1723 4213 ut
1755 4157 1821 4213 de
1850 4160 2126 4229 praeterito

542 4253 856 4311 absolvatur
892 4270 905 4306 :
934 4260 988 4309 et
1016 4250 1084 4308 de
1112 4251 1369 4323 praesenti
1394 4250 1741 4324 iustiﬁcetur,
1782 4258 1838 4309 et
1858 4252 1925 4309 ad
1945 4251 2125 4312 futura

537 4348 666 4407 ﬁdei
691 4361 856 4421 opera
878 4353 1230 4420 praeparetur.

608 4442 757 4499 Beati
797 4456 1013 4510 quorum
1051 4442 1279 4495 remissa:
1304 4448 1425 4496 sunt
1467 4440 1782 4511 iniquitates,
1820 4451 1870 4497 et
1908 4460 2124 4515 quorum

2230 3225 2361 3297 ejus.
2376 3225 2473 3281 Hic
2492 3225 2636 3281 enim
2657 3226 2833 3296 legem
2855 3227 3028 3295 ipsam
3050 3226 3518 3281 circumcisionem
3536 3226 3768 3298 appellat
3790 3243 3808 3293 ;

2228 3331 2293 3374 eo
2312 3317 2455 3389 quod
2479 3320 2649 3389 possit
2678 3333 2837 3374 omne
2862 3329 3211 3391 praeceptum,
3235 3319 3320 3375 lex
3345 3320 3593 3391 intelligi.

2303 3411 2370 3468 Ut
2398 3410 2559 3468 haeres
2590 3421 2717 3469 esset
2743 3413 2924 3467 mundi
2951 3428 2971 3469 :
3000 3413 3091 3467 sed
3122 3428 3210 3483 per
3224 3413 3481 3483 justitiam
3509 3412 3651 3482 ﬁdei.
3684 3413 3814 3470 Sive

2226 3515 2287 3563 ut
2314 3504 2368 3561 in
2396 3506 2602 3563 semine
2622 3506 2763 3579 ejus,
2793 3507 2939 3579 quod
2959 3516 3044 3565 est
3064 3506 3334 3575 Christus,
3363 3508 3808 3565 benedicerentur

2229 3614 2417 3658 omnes
2444 3609 2631 3673 gentes
2657 3618 2672 3659 :
2705 3617 2827 3674 quae
2855 3602 2932 3660 illi
2962 3601 3018 3658 in
3046 3600 3415 3659 haereditatem
3446 3618 3477 3657 a
3505 3612 3654 3671 patre
3679 3610 3811 3657 sunt

2229 3693 2387 3751 datae.
2422 3693 2569 3765 Sive,
2610 3702 2672 3752 ut
2711 3710 2834 3753 cum
2870 3711 2935 3753 eo
2963 3696 3283 3754 recumbant
3318 3706 3507 3769 gentes
3544 3699 3600 3753 in
3637 3712 3807 3771 regno

2229 3787 2506 3845 caelorum.

2302 3882 2366 3940 Si
2406 3884 2541 3939 enim
2579 3885 2669 3956 qui
2714 3900 2777 3940 ea:
2819 3883 2950 3957 lege,
2982 3885 3208 3941 heredes
3240 3893 3404 3942 sunt:
3431 3886 3697 3942 exinanita
3734 3894 3811 3941 est

2230 3975 2375 4048 ﬁdes,
2406 3976 2598 4031 abolita
2627 3984 2699 4032 est
2734 3978 3025 4047 promissio.
3056 3977 3115 4034 Si
3145 3976 3225 4033 illi
3255 3977 3359 4033 soli
3385 3986 3443 4035 ut
3469 3993 3565 4035 vos
3606 3976 3769 4033 vultis
3790 4020 3806 4043 ,

2230 4070 2537 4128 circumcisi
2563 4068 2807 4127 bzeredes
2830 4078 2976 4138 sunt,
3010 4084 3115 4125 non
3146 4069 3390 4142 implevit
3409 4070 3553 4127 Deus
3579 4072 3811 4142 promis-

2228 4175 2346 4217 sum
2376 4161 2629 4230 Abrahae,
2656 4170 2715 4216 ut
2740 4149 2894 4232 pater
2923 4169 3067 4217 esset
3094 4160 3385 4217 multarum
3414 4161 3649 4233 gentium
3684 4180 3699 4217 :
3729 4172 3809 4233 et,

2227 4252 2275 4309 si
2296 4252 2367 4309 ita
2392 4265 2495 4321 est,
2521 4255 2631 4325 jam
2657 4252 2929 4309 videbitur
2952 4253 3065 4311 Deo
3084 4254 3202 4310 sine
3228 4268 3391 4311 causa
3420 4252 3733 4311 credidisse.

2297 4346 2409 4405 Lex
2434 4348 2572 4403 enim
2598 4348 2730 4401 iram
2756 4355 3014 4417 operatur.
3043 4345 3176 4415 Quia
3197 4346 3413 4419 injustis
3431 4356 3511 4405 est
3530 4346 3729 4420 posita,
3755 4358 3815 4405 et

2228 4440 2399 4512 magis
2427 4438 2668 4511 gravavit
2695 4452 2920 4511 peccare
2942 4439 3211 4508 volentes,
3241 4453 3403 4510 quam
3430 4439 3682 4508 absolvit,
3713 4456 3814 4511 per

538 4544 670 4591 tecta
698 4542 818 4590 sunt
846 4540 1072 4605 peccata.
1095 4530 1290 4588 Beatus
1308 4532 1386 4586 uir
1409 4531 1493 4586 cui
1523 4547 1626 4588 non
1650 4533 2120 4605 imputavitDomi-
2149 4532 2204 4598 D
2227 4533 2512 4590 scientiam
2542 4531 2867 4589 cumulando
2907 4531 3126 4589 delicta.
3165 4530 3224 4589 Si
3251 4530 3393 4589 enim
3419 4531 3550 4589 caeci
3593 4532 3811 4601 essetis,

538 4646 635 4684 nus
660 4636 941 4701 peccatum.
975 4625 1128 4694 Quod
1150 4625 1460 4697 pmnitetur,
1493 4640 1599 4681 non
1630 4633 1840 4683 tenetur
1866 4646 1880 4683 :
1903 4631 2119 4703 etquod

536 4720 734 4790 tegitur
753 4761 770 4788 ,
802 4734 911 4775 non
940 4724 1185 4790 apparet,
1216 4724 1271 4772 et
1303 4715 1509 4773 idcirco
1546 4716 1769 4775 minime
1799 4719 2115 4793 imputatur.

535 4811 765 4881 Quidam
798 4811 988 4868 dicunt
1010 4808 1235 4875 remitti,
1264 4824 1361 4881 per
1389 4809 1716 4881 baptismum
1748 4829 1760 4866 :
1789 4814 1926 4884 tegi,
1964 4814 2116 4871 labo-

536 4904 687 4960 ribus
731 4905 1066 4976 pmnitentia'.
1101 4918 1250 4959 :non
1291 4903 1567 4975 imputari,
1621 4919 1719 4976 per
1772 4907 2114 4979 martyrium.

536 4993 645 5048 Alii
676 5004 854 5050 autem
882 4995 1088 5062 dicunt,
1123 4995 1368 5051 remissis
1396 5010 1492 5066 per
1512 4996 1836 5067 baptismum
1860 5001 2114 5069 peccatis,

536 5085 726 5156 augeri
760 5086 1075 5142 cbaritatem
1109 5089 1163 5143 in
1202 5088 1337 5154 Deo,
1366 5103 1486 5159 quae
1512 5090 1692 5159 operit
1720 5089 2115 5150 multitudinem

533 5189 883 5250 peccatorum
915 5198 927 5234 :
959 5190 1014 5236 et
1055 5180 1312 5253 deinceps
1342 5197 1451 5237 non
1496 5183 1626 5238 sinit
1668 5183 1941 5253 imputari,
1990 5185 2117 5242 dum

532 5272 692 5329 bonis
722 5273 963 5345 quotidie
994 5275 1274 5345 operibus,
1306 5276 1444 5330 mala
1469 5280 1745 5347 praeterita
1769 5286 2113 5348 superantur.

604 5365 877 5423 Beatitudo
907 5384 1028 5440 ergo
1050 5368 1157 5423 htec
1183 5371 1237 5423 in
1267 5370 1653 5427 circumcisione
1680 5381 1879 5427 tantum
1906 5385 2073 5429 manet
2096 5392 2115 5431 :

533 5479 602 5518 an
622 5465 775 5518 etiam
800 5464 853 5517 in
874 5463 1123 5535 prceputio
1145 5466 1169 5517 ?
1194 5462 1325 5519 Vult
1350 5464 1507 5520 istam
1529 5464 1917 5522 beatitudinem
1943 5468 2113 5525 tribus

530 5555 868 5625 temporibus
894 5555 1169 5627 assignare
1202 5574 1216 5610 :
1246 5567 1475 5623 naturae,
1500 5567 1553 5615 et
1578 5559 2031 5629 circumcisionis,
2057 5571 2113 5619 et

532 5647 973 5706 Christianitatis.

608 5735 839 5795 Dicimus
868 5744 1001 5797 enim
1024 5760 1043 5797 :
1070 5748 1189 5814 quia
1222 5758 1459 5818 reputata
1498 5762 1574 5809 est
1614 5753 1835 5812 Abraha:
1863 5756 1994 5826 ﬁdes
2040 5757 2107 5813 ad

2228 4637 2509 4701 peccatum
2536 4642 2642 4683 non
2674 4625 2967 4684 haberetis.

2304 4720 2402 4779 Ubi
2435 4723 2572 4777 enim
2608 4737 2714 4777 non
2738 4730 2814 4778 est
2838 4722 2941 4792 lem,
2973 4739 3133 4795 neque
3162 4723 3538 4797 pratuaricatio.
3575 4723 3701 4782 Ideo
3746 4741 3816 4783 ea:

2227 4815 2348 4889 ﬁde,
2390 4825 2446 4871 ut
2492 4816 2771 4871 secundum
2806 4817 3028 4888 gratiam
3068 4817 3218 4887 ﬁrma
3254 4818 3319 4873 sit
3352 4818 3624 4892 promissio
3670 4821 3820 4875 omni

2225 4909 2425 4965 semini.
2455 4910 2579 4965 Non
2605 4911 2652 4966 ei
2682 4911 2769 4982 qui
2794 4924 2859 4964 ea:
2885 4911 2992 4983 lege
3020 4919 3094 4965 est
3130 4912 3318 4978 solum,
3346 4912 3436 4966 sed
3462 4920 3510 4965 et
3538 4914 3606 4979 ei,
3631 4913 3722 4984 qui
3746 4928 3817 4968 ea:

2225 5002 2330 5072 ﬁde
2358 5012 2432 5057 est
2462 5002 2702 5072 Abrahae,
2725 5004 2813 5075 qui
2839 5011 2911 5058 est
2943 5012 3086 5074 pater
3117 5004 3347 5059 omnium
3376 5012 3604 5060 nostrum
3628 5020 3647 5055 :
3675 5004 3816 5059 sicut

2222 5098 2471 5169 scriptum
2507 5106 2601 5152 est.
2630 5096 2760 5153 Cum
2798 5114 2925 5171 ergo
2966 5097 3101 5153 ﬁdes
3143 5099 3407 5155 exinaniri
3442 5113 3543 5154 non
3585 5106 3810 5169 potest,
3894 5152 3899 5159 .

2222 5205 2322 5246 nec
2351 5190 2637 5261 promissio
2666 5190 2873 5246 aboleri
2914 5209 2928 5246 :
2972 5204 3083 5246 non
3119 5197 3204 5245 est
3239 5204 3307 5245 ex
3338 5190 3455 5263 lege
3489 5189 3809 5257 hereditas,

2220 5284 2315 5340 sed
2341 5299 2411 5340 ex
2442 5284 2569 5340 ﬁde.
2599 5284 2711 5339 Lex
2741 5282 2885 5339 enim
2910 5298 3024 5339 non
3054 5281 3219 5339 donat
3247 5292 3495 5355 peccata,
3529 5280 3625 5338 sed
3647 5280 3810 5338 dam-

2221 5383 2315 5431 nat
2345 5393 2356 5426 :
2388 5382 2443 5429 et
2484 5376 2607 5430 ideo
2637 5390 2745 5430 non
2775 5384 2953 5446 potest
2987 5390 3175 5431 omnes
3218 5384 3408 5448 gentes
3446 5374 3589 5432 ﬁlios
3628 5375 3812 5431 facere

2221 5464 2497 5521 Abrahae:
2539 5467 2664 5536 quia
2709 5467 3006 5524 secundum
3034 5467 3176 5538 quod
3218 5484 3409 5524 omnes
3454 5468 3552 5523 sub
3581 5478 3809 5540 peccato

2222 5558 2429 5613 inventi
2472 5567 2619 5625 sunt,
2652 5574 2840 5616 omnes
2888 5571 3045 5618 erant
3091 5560 3273 5631 utique
3317 5560 3599 5632 puniendi.
3644 5560 3807 5617 Fides

2219 5663 2421 5724 autem,
2441 5652 2678 5710 dimissis
2702 5669 2799 5726 per
2824 5661 3049 5728 gratiam
3073 5657 3333 5728 peccatis,
3361 5670 3552 5713 omnes
3570 5655 3805 5713 creden-

2218 5760 2300 5810 tes
2320 5750 2459 5812 ﬁlios
2480 5752 2646 5813 efﬁcit
2669 5750 2902 5812 Abrahae
2928 5773 2939 5808 :
2971 5753 3086 5814 sive
3106 5751 3229 5823 quia
3247 5766 3359 5813 non
3388 5754 3636 5825 estquod
3659 5766 3804 5824 prte-
