4030 6202
258 239 359 299 665

953 230 1486 294 COMMENTARIUS
1522 232 1589 293 ΙΝ
1628 233 2013 294 EPISTULAM
2052 236 2144 294 AD
2182 232 2525 295 ROMANOS.
2562 234 2713 293 CAP.
2756 234 2822 293 V.

3416 237 3520 300 666

250 356 537 428 varicetur,
567 354 660 413 ubi
682 354 772 412 lex
798 366 907 410 non
935 362 1019 411 est
1047 370 1063 413 :
1103 352 1219 410 sive
1245 368 1356 410 non
1394 361 1499 423 est,
1533 351 1676 425 quod
1713 352 1832 409 vin-
1854 354 1910 417 Α
1945 353 2083 410 ﬁlios
2097 368 2218 410 esse
2240 352 2338 409 soli
2360 352 2529 409 Judaei
2551 350 2854 424 putabant),
2882 351 3359 422 ostenditratione,
3376 352 3521 424 quod

249 456 478 523 dicetur,
508 454 597 511 ubi
626 453 714 509 lex
745 450 1052 507 necessaria
1082 466 1188 507 non
1220 461 1324 507 est.

320 549 456 616 Quia
475 558 673 620 patrem
692 545 972 601 multarunt
992 545 1221 618 gentium
1240 544 1392 614 posui
1420 554 1469 598 te
1493 552 1611 598 ante
1633 541 1825 612 Deum,

250 642 330 697 cui
351 640 632 698 credidisti.
664 638 803 697 Ante
826 638 1021 707 Deum,
1050 638 1139 712 qui
1164 648 1318 711 pater
1339 646 1422 694 est
1444 638 1684 695 omnium
1710 652 1829 695 cre-

248 733 510 791 dentium.
1728 730 1731 735 ’

322 826 424 894 Qui
448 825 673 893 viviﬁcat
703 835 951 880 mortuos.
982 824 1080 881 Hic
1099 834 1343 881 mortuos
1370 824 1439 881 ad
1462 824 1827 898 generandum

245 917 394 984 dicit,
425 927 485 972 ut
510 918 760 988 praesenti
782 918 1066 975 conveniat
1096 932 1295 974 causai.

314 1009 385 1066 Et
412 1020 560 1067 vocat
582 1029 662 1079 ea,
699 1028 816 1084 qua:
853 1029 953 1067 non
984 1021 1124 1077 sunt,
1153 1022 1413 1083 tamquam
1436 1028 1520 1079 ea,
1548 1028 1662 1083 quae
1685 1020 1823 1067 sunt.

243 1105 502 1173 Quamvis
531 1114 588 1163 et
610 1110 664 1163 in
690 1106 957 1178 principio
980 1106 1273 1171 vocaverit,
1297 1121 1415 1175 qtue
1442 1120 1552 1158 non
1575 1112 1750 1170 erant,
1772 1114 1825 1160 et

242 1200 428 1256 statim
453 1214 577 1258 esse
606 1207 891 1270 cceperunt
924 1216 936 1251 :
970 1204 1154 1253 tamen
1186 1197 1273 1251 hic
1300 1196 1368 1251 de
1410 1194 1507 1250 ﬁlii
1540 1195 1825 1266 desperata

242 1291 599 1362 conceptione
626 1288 921 1361 signiﬁcat,
951 1288 1076 1359 quia
1100 1287 1214 1357 jam
1246 1300 1353 1342 non
1386 1293 1544 1341 erant
1571 1287 1650 1342 eis
1690 1294 1826 1343 tem-

240 1397 373 1455 pora
400 1382 709 1455 generandi.

310 1477 413 1543 Qui
449 1486 629 1532 contra
659 1491 799 1548 spem
834 1474 889 1529 in
915 1490 1005 1546 spe
1035 1474 1273 1529 credidit.
1299 1473 1501 1531 Contra
1541 1490 1691 1545 spem
1728 1490 1824 1531 na-

239 1579 377 1628 turae
405 1577 491 1625 est
532 1588 544 1623 :
595 1577 655 1623 ut
682 1576 903 1625 centum
950 1580 1214 1622 annorum
1263 1567 1424 1623 homo
1476 1582 1541 1623 ex
1595 1568 1824 1624 muliere

237 1680 389 1736 teque
406 1664 515 1735 jam
542 1663 683 1720 fessa
701 1704 719 1731 ,
746 1678 867 1734 qua:
895 1662 1059 1718 etiam
1082 1661 1133 1717 in
1150 1662 1432 1732 juventute
1460 1662 1658 1719 sterilis
1689 1664 1823 1719 luis-

1931 464 2039 503 non
2086 440 2279 517 genus,
2318 463 2419 503 nec
2466 447 2828 512 circumcisio,
2872 447 2965 501 sed
2995 447 3129 502 ﬁdes
3172 447 3333 504 iaciat
3374 446 3519 504 ﬁlios

1930 542 2163 598 Abrahae
2196 542 2287 612 qui
2318 557 2385 597 ex
2415 542 2525 596 sola
2559 541 2730 612 prima
2773 539 2877 595 ﬁde
2903 540 3229 609 justiﬁcatus
3256 550 3358 597 est.
3402 539 3520 610 Qua

1927 634 2139 691 ratione
2168 633 2446 702 conclusa,
2489 648 2677 705 pacem
2705 646 2800 689 eos
2824 631 3025 687 habere
3064 632 3310 688 hortatur
3339 633 3520 704 :fquia

1928 742 2089 783 nemo
2135 742 2235 782 suo
2276 727 2493 795 merito,
2539 725 2635 782 sed
2682 739 2869 782 omnes
2907 723 3189 797 aequaliter
3215 724 3313 780 Dei
3348 725 3519 798 gratia

1927 832 2055 875 sunt
2083 820 2297 875 salvati.

1998 910 2191 967 Pacem
2220 912 2502 967 habeamus
2529 912 2594 965 ad
2641 910 2813 966 Deum
2840 925 2931 982 per
2962 907 3245 965 Dominum
3284 920 3514 966 nostrum

1927 1004 2107 1059 Jesum
2149 1002 2434 1059 Christum.
2466 1002 2565 1058 Vel
2601 1002 2831 1073 subjecti
2881 1018 3070 1057 sumus
3114 1002 3329 1074 utrique
3368 1002 3517 1057 Deo:

1926 1096 2043 1152 sive
2070 1111 2260 1166 pacem
2290 1097 2409 1163 Dei,
2442 1112 2550 1152 non
2582 1105 2788 1152 tantum
2818 1095 3027 1163 saeculi,
3061 1096 3376 1153 habeamus.

1998 1187 2103 1242 Per
2145 1206 2295 1259 quem
2334 1201 2381 1243 et
2411 1206 2671 1244 accessum
2712 1188 2959 1244 habemus
2989 1205 3077 1261 per
3115 1189 3271 1259 ﬁdem
3299 1189 3351 1243 in
3395 1206 3519 1260 gra-

1923 1280 2051 1336 tiam
2076 1281 2249 1337 istam.
2281 1280 2386 1338 Per
2409 1297 2569 1354 quem
2599 1282 2930 1340 accessimus
2949 1298 3117 1356 prope
3141 1328 3158 1352 ,
3190 1284 3280 1357 qui
3302 1298 3518 1341 eramus

1924 1373 2104 1446 longe.

1996 1464 2064 1519 In
2092 1482 2196 1537 qua
2223 1472 2442 1521 stamus.
2479 1464 2582 1533 Qui
2608 1465 3087 1536 antejacebamus.

1996 1556 2065 1611 Et
2092 1558 2381 1630 gloriamur
2410 1559 2462 1612 in
2494 1575 2584 1627 spe
2609 1559 2789 1630 gloria:
2815 1558 3046 1629 ﬁliorum
3077 1558 3190 1613 Dei.
3215 1560 3521 1616 Gloriamur

1923 1667 2022 1708 nos
2051 1668 2272 1725 sperare
2298 1654 2529 1709 ﬁliorum
2558 1654 2655 1710 Dei
2685 1656 2913 1726 gloriam
2961 1671 3336 1726 possessuros.
3374 1658 3515 1713 Tan-

236 1764 339 1825 set,
373 1770 557 1812 semen
584 1769 739 1812 suum
771 1755 912 1811 sicut
932 1754 1117 1811 stellas
1144 1753 1272 1809 ραςιὶ
1300 1753 1549 1810 crederet
1577 1768 1697 1811 esse
1736 1754 1820 1811 iu-
1850 1743 1899 1805 B
1928 1754 2145 1817 tumque
2173 1754 2281 1815 est,
2322 1748 2467 1818 quod
2501 1763 2805 1819 speramus,
2847 1758 3106 1819 quantum
3136 1765 3201 1805 ex
3233 1765 3293 1806 se
3337 1751 3517 1808 nullus

239 1858 445 1905 turum.

314 1944 384 2001 Ut
416 1944 559 2013 ﬁeret
596 1953 741 2017 pater
770 1945 1056 2007 multarum
1080 1944 1307 2017 gentium
1333 1960 1351 1999 :
1384 1944 1664 2000 secundum
1689 1947 1826 2017 quod

239 2038 436 2093 dictum
461 2047 535 2093 est
556 2038 603 2091 ei
620 2054 641 2091 :
671 2036 763 2093 Sic
789 2039 886 2092 erit
910 2054 1080 2093 semen
1104 2048 1248 2093 tuum
1268 2038 1399 2093 sicut
1426 2038 1590 2094 stellte
1612 2040 1746 2106 ctuti,
1776 2046 1827 2095 et

239 2140 498 2200 tamquam
525 2146 688 2183 arena
713 2131 893 2185 maris.
927 2130 1031 2199 Qui
1063 2145 1165 2186 nec
1187 2131 1343 2185 unius
1372 2128 1466 2185 lilii
1487 2129 1602 2201 jam
1642 2146 1737 2201 per
1762 2145 1825 2188 se

238 2238 360 2279 esse
380 2232 592 2294 poterat
621 2230 792 2293 pater.

304 2316 378 2371 Et
394 2333 505 2371 non
543 2314 834 2385 inﬁrmatus
872 2323 945 2370 est
982 2316 1038 2370 in
1066 2316 1187 2384 ﬁde.
1226 2315 1519 2385 Qumritur,
1550 2316 1822 2386 quomodo

235 2408 528 2477 Abraham,
556 2408 669 2479 jam
696 2418 947 2463 emortuo
966 2423 1215 2479 corpore,
1246 2408 1385 2464 ﬁlios
1409 2408 1477 2465 de
1498 2409 1711 2464 (Iactura
1729 2424 1823 2481 ge-

233 2501 527 2570 neraverit,
570 2500 661 2572 qui
687 2499 755 2556 de
782 2500 916 2555 Sara
954 2508 1080 2555 ante
1119 2514 1225 2555 non
1256 2499 1467 2570 potuit?
1503 2499 1711 2556 idcirco
1751 2502 1820 2558 de

232 2594 369 2651 Sara
395 2608 502 2649 non
539 2595 746 2664 genuit,
792 2593 917 2664 quia
944 2602 1001 2649 et
1033 2608 1202 2649 senex
1231 2605 1347 2649 erat
1379 2603 1434 2650 et
1471 2593 1675 2650 sterilis
1711 2613 1725 2649 :
1764 2595 1817 2651 in

233 2687 326 2741 illa
352 2701 483 2742 vero
509 2686 664 2757 quasi
695 2685 751 2740 in
774 2684 992 2756 juvene,
1024 2700 1184 2741 cursu
1216 2694 1419 2742 natura:
1444 2683 1605 2742 facile
1642 2686 1819 2758 potuit

232 2796 517 2852 generare.

304 2874 431 2928 Non
457 2873 800 2929 consideravit
827 2889 1009 2946 corpus
1030 2889 1181 2928 suum
1201 2879 1489 2927 emortuum
1512 2888 1532 2928 :
1561 2888 1677 2927 cum
1708 2876 1814 2944 fere

229 2976 437 3023 centum
476 2978 607 3023 esset
644 2985 921 3038 annorum,
961 2976 1010 3023 et
1059 2977 1341 3022 emortuam
1374 2966 1580 3021 vulvam
1620 2966 1769 3022 Sane
1794 2982 1814 3021 :

228 3062 375 3118 Nihil
424 3072 632 3118 naturae
679 3062 992 3119 considerat
1020 3060 1178 3127 ﬁdes,
1221 3060 1343 3131 quia
1381 3060 1811 3131 omnipotentem

227 3153 384 3212 novit
408 3168 551 3221 esse,
580 3152 672 3225 qui
701 3153 854 3208 dixit.

300 3245 369 3301 In
396 3245 791 3315 repromissione
825 3244 980 3298 etiam
1017 3242 1117 3298 Dei
1152 3259 1255 3298 non
1290 3241 1539 3297 haesitavit
1575 3242 1815 3314 difﬁden-

227 3340 323 3408 tia,
346 3339 437 3395 sed
468 3340 789 3409 confortatus
814 3344 888 3392 est
917 3336 1040 3405 ﬁde.
1069 3334 1178 3391 Nec
1198 3334 1266 3390 de
1294 3349 1377 3402 se,
1407 3349 1507 3391 nec
1533 3333 1601 3390 de
1628 3349 1815 3392 senec-

227 3433 358 3490 tutis
389 3431 842 3504 impossibilitate,
883 3445 982 3487 nec
1026 3429 1094 3486 de
1133 3428 1506 3502 promissionis
1544 3431 1813 3502 magnitu-

224 3525 355 3582 dine
395 3524 682 3581 dubitavit.

294 3617 442 3673 Dans
470 3616 695 3688 gloriam
721 3615 832 3672 Deo
855 3634 874 3671 :
895 3615 1192 3687 plenissime
1215 3616 1403 3684 sciens,
1426 3614 1546 3686 quia
1565 3630 1815 3688 quacum-

223 3730 319 3785 que
343 3712 580 3786 promisit
610 3711 773 3781 Deus,
800 3720 985 3781 potens
1012 3719 1085 3767 est
1117 3721 1163 3766 et
1191 3711 1380 3783 facere.
1407 3709 1704 3782 Tamquam
1745 3710 1813 3767 de

223 3817 446 3878 recepto
474 3804 674 3877 gratias
702 3818 889 3875 agens.
893 3818 932 3878 λ,

291 3899 423 3955 Ideo
459 3908 508 3954 et
551 3904 839 3969 reputatum
866 3903 940 3951 est
982 3896 1063 3950 illi
1099 3894 1169 3950 ad
1200 3894 1486 3969 justitiam.
1518 3892 1657 3962 Quia
1702 3899 1813 3949 tam

225 3994 486 4066 perfecte,
513 4000 569 4049 et
596 3991 823 4047 ﬁrmiter
846 3989 1097 4045 credidit.

296 4085 423 4141 Non
444 4094 520 4141 est
546 4095 716 4140 autem
745 4085 996 4156 scriptum
1022 4090 1224 4136 tantum
1246 4089 1457 4155 propter
1476 4081 1668 4149 ipsum,
1692 4078 1816 4153 quia

226 4190 516 4250 reputatum
550 4187 623 4233 est
663 4176 743 4232 illi
781 4178 848 4231 ad
882 4176 1144 4246 justitiam
1175 4191 1194 4230 :
1237 4174 1326 4230 sed
1366 4182 1413 4229 et
1453 4185 1658 4248 propter
1695 4191 1811 4242 nos,

223 4274 406 4345 quibus
449 4268 790 4341 reputabitur.
834 4267 953 4324 Non
994 4275 1054 4325 ut
1080 4268 1198 4339 ejus
1232 4267 1408 4325 solum
1445 4268 1609 4325 ﬁdem
1647 4268 1815 4325 scire-

226 4379 345 4421 mus
370 4406 384 4430 ,
416 4379 523 4435 qua
552 4361 782 4419 Domino
812 4360 1015 4433 placuit
1054 4378 1068 4417 :
1103 4362 1193 4433 qui
1224 4360 1346 4417 ideo
1374 4361 1536 4418 etiam
1583 4368 1815 4418 tentatus

224 4466 325 4523 est,
356 4467 418 4512 ut
444 4464 497 4513 et
529 4456 645 4526 ipse
670 4470 731 4511 se
762 4463 967 4522 nosset,
998 4462 1054 4511 et
1079 4469 1180 4510 nos
1205 4469 1577 4525 sequeremur.
1619 4466 1633 4524 ι

1925 1842 2186 1899 auderet:
2218 1860 2285 1899 ne
2314 1860 2421 1898 non
2451 1860 2595 1914 spes,
2628 1845 2723 1900 sed
2752 1844 3087 1914 blasphemia
3117 1854 3415 1917 putaretur,
3448 1862 3515 1901 eo

1925 1935 2071 2007 quod
2100 1934 2286 1991 multis
2317 1950 2416 2007 pro
2442 1952 2540 1992 sua
2569 1936 2940 2009 magnitudine
2980 1938 3295 1997 incredibile
3334 1939 3516 1997 videa-

1926 2040 2033 2087 ῑυΐ.

1997 2124 2123 2181 Νοη
2152 2125 2320 2180 solum
2349 2133 2543 2194 autem,
2575 2126 2667 2181 sed
2689 2136 2735 2180 et
2763 2125 3056 2198 gloriamur
3084 2126 3140 2180 in
3169 2126 3517 2183 tribulationi-

1924 2220 2015 2274 bus
2054 2238 2073 2274 .'
2116 2222 2329 2276 scientes
2364 2221 2503 2292 quod
2549 2221 2816 2275 tribulatio
2870 2221 3171 2291 patientiam
3227 2229 3470 2293 aperatur
3498 2237 3518 2278 :

1924 2313 2177 2383 patientia
2223 2323 2395 2368 autem
2445 2314 2817 2381 probationem.
2872 2312 2989 2368 Non
3041 2313 3213 2379 solum
3256 2315 3307 2368 in
3336 2313 3527 2384 gloria:

1923 2420 2045 2477 spe,
2075 2404 2170 2462 sed
2200 2406 2365 2461 etiam
2394 2406 2447 2461 in
2469 2406 2837 2463 saluberrimis
2866 2406 3297 2464 tribulationibus
3324 2409 3521 2479 gloria-

1922 2515 2065 2568 mur,
2089 2498 2516 2570 magnitudinem
2548 2500 2757 2570 prtemii
2787 2512 3179 2571 cognoscentes
3199 2548 3213 2573 ,
3246 2502 3386 2558 sicut
3427 2501 3519 2558 Ja-

1919 2592 2088 2649 cobus
2118 2592 2195 2646 ait
2221 2591 2425 2648 :Omne
2451 2592 2704 2663 gaudium
2732 2593 3057 2650 existimate.
3085 2594 3303 2662 fratres,
3337 2604 3393 2651 et
3428 2610 3517 2651 re-

1917 2685 2083 2757 liqua.
2128 2682 2285 2741 Unde
2331 2692 2387 2740 et
2434 2684 2673 2755 gaudere
2716 2684 2977 2741 debemus
3019 2685 3219 2757 aliquid
3260 2688 3369 2757 pati
3418 2702 3519 2759 pro

1919 2777 2141 2832 nomine
2170 2776 2290 2844 Dei,
2330 2785 2389 2831 ut
2418 2777 2764 2847 acquiramus
2794 2777 2863 2833 de
2906 2778 3253 2835 tribulatione
3281 2778 3519 2835 ﬁnienda

1916 2871 2200 2942 prtemium
2248 2870 2534 2926 inlinitum.
2597 2868 3047 2928 Consideratione
3106 2872 3248 2929 enim
3305 2874 3515 2944 praemii

1917 2963 2123 3017 nullum
2194 2977 2477 3033 possumus
2534 2963 2860 3035 condignum
2911 2965 3185 3022 mstimare
3248 2965 3510 3023 laborem.

1915 3052 2049 3108 Nam
2079 3062 2134 3108 et
2166 3054 2367 3109 scimus
2398 3053 2643 3111 homines
2683 3065 2904 3127 propter
2935 3071 3125 3112 aurum
3168 3056 3312 3113 ultro
3356 3072 3417 3113 se
3445 3058 3516 3115 ad

1842 3131 1888 3194 (ἶ
1919 3147 2119 3204 bestias
2157 3147 2418 3218 deputare
2459 3148 2647 3218 :quod
2672 3157 2850 3205 tamen
2886 3148 2941 3204 in
2972 3157 3231 3205 aeternum
3281 3166 3388 3206 non
3419 3166 3516 3221 po-

1922 3250 2142 3297 tuerunt
2171 3240 2451 3312 possidere
2490 3261 2501 3296 :
2537 3251 2739 3313 quanto
2762 3240 2936 3313 magis
2965 3256 3064 3297 nos
3092 3242 3343 3312 exemplo
3371 3243 3516 3313 Apo-

1918 3334 2184 3391 stolorum
2218 3334 2270 3388 in
2294 3334 2731 3390 tribulationibus
2754 3334 2991 3405 gaudere
3019 3332 3344 3389 debeamus!
3378 3335 3511 3403 Quae

1917 3427 2137 3502 quidem
2174 3444 2296 3485 cum
2325 3429 2435 3483 sint
2460 3427 2789 3498 temporales
2814 3470 2829 3494 ,
2858 3436 3120 3484 aeternam
3166 3426 3394 3483 salutem
3424 3442 3515 3483 ac—

1916 3523 2181 3595 quirunt:
2224 3530 2279 3576 et
2308 3536 2335 3573 a
2373 3518 2654 3575 doloribus
2696 3520 2932 3575 liberant
2972 3519 3337 3591 sempiternis.
3378 3518 3515 3578 Cum

1916 3614 2071 3671 multi
2122 3621 2344 3684 propter
2395 3625 2547 3683 Spem
2590 3604 2771 3682 parvae
2809 3610 3019 3677 salutis,
3070 3618 3125 3669 et
3171 3625 3357 3668 curam
3393 3626 3517 3669 cor-

1915 3706 2067 3778 poris
2090 3748 2105 3775 ,
2139 3704 2404 3759 maximos
2429 3704 2789 3760 sustinuerint
2817 3703 3092 3761 cruciatus
3139 3721 3153 3760 :
3198 3718 3299 3762 nec
3328 3715 3514 3765 tamen

1916 3798 2207 3871 perlectam
2238 3805 2466 3869 possunt
2492 3798 2747 3870 consequi
2777 3797 3059 3855 sanitatem
3086 3813 3102 3857 :
3134 3813 3255 3870 qua
3281 3800 3442 3858 etiam
3466 3799 3515 3858 si

1915 3892 2252 3965 provenerit,
2276 3890 2438 3963 paulo
2461 3900 2603 3963 post,
2628 3900 2806 3948 morte
2829 3890 3225 3959 intercedente,
3252 3892 3515 3949 solvetur.

1918 3984 2194 4042 Habemus
2217 3999 2346 4056 ergo
2375 3983 2517 4040 unde
2542 3985 2794 4053 honeste,
2822 3993 2878 4041 et
2902 3984 3024 4041 sine
3049 3983 3293 4056 periculo
3316 3984 3513 4055 glorie-

1915 4094 2056 4136 mur.
2089 4078 2278 4150 Magna
2303 4077 2445 4133 enim
2470 4077 2640 4150 gloria
2666 4085 2751 4133 est
2790 4077 2859 4133 de
2888 4077 3015 4133 imis
3040 4077 3108 4132 ad
3139 4091 3355 4131 summa
3392 4091 3512 4133 cre-

1916 4183 2069 4226 scere
2098 4186 2111 4224 :
2143 4168 2211 4225 de
2245 4167 2418 4226 nihilo
2450 4168 2517 4223 ad
2550 4168 2782 4224 maxima
2825 4168 3109 4240 pervenire
3140 4186 3151 4220 :
3184 4166 3253 4223 de
3282 4165 3415 4223 limo
3442 4166 3510 4227 ad

1918 4264 2139 4333 omium,
2174 4272 2231 4321 et
2268 4264 2336 4319 de
2364 4263 2626 4320 servitute
2656 4277 2918 4319 vocamur
2944 4262 3010 4319 ad
3042 4276 3270 4334 regnum
3299 4277 3313 4316 :
3354 4262 3401 4317 si
3430 4270 3509 4316 ta-

1918 4371 2042 4414 men
2070 4356 2217 4412 omni
2260 4354 2443 4412 smeuli
2470 4354 2645 4425 gloria
2669 4396 2685 4423 ,
2716 4363 2771 4411 et
2807 4352 3149 4426 iucunditate
3177 4360 3511 4421 contempta,

1917 4450 1973 4506 in
1999 4449 2094 4507 illo
2118 4450 2259 4519 solo,
2289 4449 2435 4520 quod
2457 4449 2614 4506 nobis
2638 4448 2991 4520 promittitur,
3014 4446 3329 4519 gloriemur.
3355 4444 3513 4512 Quod

294 4550 629 4608 Credentibus
655 4552 710 4605 in
737 4567 875 4617 eum,
914 4551 1005 4622 qui
1033 4550 1292 4605 suscitavit
1331 4549 1513 4605 Iesum
1539 4548 1806 4607 Christum
1830 4532 1885 4595 Ῐ)
1909 4553 1964 4601 et
1990 4544 2035 4599 si
2066 4541 2327 4610 feceritis,
2360 4542 2467 4599 tale
2496 4551 2601 4607 est,
2636 4541 2795 4613 quale
2819 4540 2867 4596 si
2894 4539 3035 4611 quis,
3070 4550 3292 4593 nummo
3332 4535 3510 4608 plum-

230 4644 507 4700 Dominum
539 4653 770 4699 nostrum
810 4660 842 4697 a
870 4643 1105 4697 mortuis.
1136 4642 1193 4699 Si
1224 4653 1333 4699 tam
1362 4643 1598 4715 perfecte
1628 4645 1807 4703 credi-

227 4737 466 4793 derimus
492 4735 769 4791 Christum
793 4749 823 4790 a
852 4734 1077 4790 mortuis
1113 4736 1509 4792 resurrexisse:
1536 4737 1811 4809 quomodo

229 4832 317 4889 ille
345 4833 577 4890 credidit
600 4848 796 4904 corpus
827 4846 982 4889 suum
1011 4846 1173 4901 posse
1197 4832 1265 4886 ad
1284 4831 1653 4902 generandum
1680 4832 1811 4889 vivi-

230 4927 376 4983 iicari
401 4926 512 4997 jam
539 4936 835 4982 mortuum.

300 5020 401 5088 Qui
423 5021 645 5074 traditus
666 5030 739 5076 est
763 5027 972 5092 prapter
993 5017 1180 5075 delicta
1203 5026 1402 5087 nostra,
1430 5027 1479 5075 et
1503 5024 1810 5077 ressurrexit

231 5121 436 5186 prapter
468 5114 897 5186 justi/icationem
936 5123 1184 5169 nostram.
1215 5111 1318 5181 Qui
1347 5121 1520 5168 morte
1554 5128 1671 5178 sua,
1712 5128 1810 5170 no-

229 5217 334 5261 Stra
368 5215 589 5277 peccata
613 5208 846 5263 abolevit
882 5224 899 5263 :
942 5216 995 5262 et
1022 5208 1075 5262 in
1115 5221 1177 5264 ea
1205 5205 1490 5275 qualitate,
1523 5221 1623 5277 qua
1662 5222 1808 5262 mor-

231 5308 350 5356 tuus
373 5308 473 5365 est,
509 5300 814 5357 necessario
844 5315 1132 5373 resurgens
1162 5300 1433 5372 apparuit,
1467 5309 1521 5356 ut
1542 5299 1808 5371 justitiam

227 5391 561 5449 credentium
586 5392 951 5448 conﬁrmaret.

844 5485 1074 5544 CAPUT
1110 5486 1177 5544 ν.

296 5580 580 5651 Justiﬁcati
622 5580 780 5651 igitur
814 5595 876 5634 ea:
911 5579 1032 5649 ﬁde.
1074 5580 1406 5638 Pertractata
1444 5595 1604 5638 causa
1642 5596 1807 5653 quare

230 5689 388 5733 nemo
415 5689 606 5735 eorum
632 5689 698 5732 ex
721 5674 974 5744 operibus
994 5673 1317 5745 justiﬁeatus
1344 5677 1449 5745 sit,
1487 5677 1581 5733 sed
1620 5690 1807 5732 omnes

233 5780 297 5824 ex
342 5770 447 5829 ﬁde
490 5768 657 5843 (quod
707 5766 951 5839 exemplo
990 5767 1221 5826 Abrahae
1263 5769 1454 5841 probat
1493 5788 1506 5823 :
1538 5768 1709 5846 cujus
1745 5784 1806 5828 se

1912 4636 2014 4693 beo
2033 4642 2365 4709 contempto,
2386 4648 2652 4706 gemmam
2667 4634 2870 4704 regiam
2892 4636 3259 4701 consequatur
3285 4645 3297 4680 :
3323 4642 3505 4699 quam-

1913 4747 2072 4804 quam
2118 4745 2219 4788 nec
2263 4732 2334 4785 sit
2368 4727 2531 4800 digna
2570 4723 2922 4796 comparatio,
2963 4720 3090 4795 quia
3131 4720 3375 4794 quamvis
3422 4722 3510 4801 hic

1912 4825 2145 4897 pretium
2185 4822 2396 4878 distet:
2430 4829 2609 4875 tamen
2657 4826 2841 4874 manet
2872 4815 3152 4885 utriusque
3193 4815 3507 4887 corruptio;

1913 4919 1987 4974 ibi
2018 4932 2151 4973 vero
2195 4912 2699 4985 incorruptibilibus
2728 4918 3009 4983 corrupta.
3060 4920 3115 4967 et
3158 4909 3377 4966 aeternis
3412 4923 3506 4966 ca-

1915 5010 2053 5068 duca
2083 5016 2378 5064 mutantur.

1989 5101 2239 5158 Probatio
2264 5116 2380 5154 vero
2403 5115 2543 5172 spem
2567 5116 2585 5155 :
2607 5114 2722 5170 spes
2744 5102 2915 5152 autem
2936 5113 3038 5153 non
3060 5095 3353 5169 confundit.
3379 5094 3515 5166 Spes

1917 5197 2220 5254 iuturorum
2249 5208 2465 5251 omnem
2496 5191 2873 5249 confusionem
2920 5191 3165 5261 expellit.
3204 5188 3356 5246 Unde
3385 5202 3512 5258 pro-

1916 5294 2073 5350 batur
2099 5307 2209 5348 non
2247 5290 2453 5346 habere
2495 5302 2669 5359 spem,
2715 5287 2807 5358 qui
2839 5284 3126 5359 praeceptis
3160 5282 3511 5341 confunditur

1918 5386 2137 5443 Christi.

1984 5480 2119 5548 Quia
2162 5476 2389 5532 charitas
2423 5474 2523 5531 Dei
2574 5472 2766 5543 di/fusa
2809 5481 2884 5529 est
2926 5473 2982 5527 in
3012 5448 3251 5525 cordibus
3291 5466 3503 5524 nostris.

1919 5574 2229 5648 Magnitudo
2252 5572 2639 5629 beneﬁciorum
2670 5571 2878 5626 excitat
2912 5570 2966 5624 in
2998 5581 3058 5624 se
3082 5563 3509 5637 magnitudinem

1910 5670 2225 5737 charitatis;
2259 5684 2379 5741 qua:
2403 5667 2641 5741 perlecta
2671 5663 2917 5733 conﬁdit,
2951 5670 3006 5719 et
3031 5663 3228 5719 timere
3255 5674 3362 5716 non
3407 5674 3505 5715 no-

1908 5766 2002 5827 vit.
2031 5765 2162 5823 item
2212 5761 2498 5824 manifesto
2540 5761 2641 5820 hoc
2671 5759 2910 5820 ostendit
2951 5755 3119 5832 :quia
3149 5767 3501 5829 quaecumque
