4030 6202
458 212 563 270 667

1483 204 1541 272 s.
1584 208 1957 272 HIERONYMI
1996 199 2275 275 orantia
2317 202 2680 273 MANTISSA.

3622 196 3763 271 668

456 333 779 397 hominibus
803 351 831 394 a
855 334 963 395 Deo
987 337 1143 391 Patre
1162 334 1451 402 donantur,
1480 348 1579 403 per
1605 331 1864 405 Spiritum
1893 346 2048 388 sanc-
2073 331 2127 394 Α
2151 332 2544 388 contemnendo
2570 377 2584 401 ,
2633 314 2771 387 sicut
2819 331 2952 387 dicit
2998 331 3288 403 Apostolus
3314 348 3327 389 :
3386 331 3553 389 Scitis
3603 333 3753 402 quia

458 435 573 485 tum
609 434 936 488 tribuuntur.

538 516 651 577 Per
680 524 935 594 Spiritum
964 528 1199 573 sanctum
1220 560 1236 585 ,
1278 519 1367 588 qui
1395 519 1545 573 datus
1584 526 1659 572 est
1707 519 1871 571 nobis.
1904 506 2050 583 Quo-

466 610 630 670 modo
661 618 757 669 nOs
786 611 927 665 Deus
952 607 1179 680 diligat,
1210 626 1279 665 ex
1314 611 1415 664 hoc
1468 610 1843 680 cognoscimUS
1876 612 1887 662 ':
1922 609 2047 680 quia

466 708 570 762 non
600 705 773 759 solum
816 704 968 757 nobis
998 718 1095 773 per
1125 701 1245 758 Filii
1276 703 1358 757 sui
1392 708 1618 757 mortem
1651 696 1868 771 peccata
1900 701 2050 757 dimi-

463 799 553 864 sit,
607 797 705 854 sed
733 806 788 853 et
824 797 1081 871 Spiritum
1111 806 1356 851 sanctum
1387 796 1542 851 nobis
1579 794 1768 863 dedit,
1809 794 1907 869 qui
1937 792 2047 864 jam

466 890 713 949 ostendat
741 890 975 962 gloriam
1004 889 1330 947 futtirorum.
1800 902 1805 907 ‘

538 982 607 1040 Ut
638 985 765 1057 quid
792 985 926 1039 enim
954 980 1188 1038 Christus
1218 1000 1333 1037 cum
1364 983 1532 1037 adhuc
1562 980 1755 1053 inﬁrmi
1783 984 2004 1038 chemus
2028 980 2052 1040 ?

467 1079 536 1137 Ut
563 1078 693 1151 quid
724 1076 961 1134 indebite
991 1094 1089 1150 pro
1121 1077 1273 1133 nobis
1303 1088 1545 1133 mortuus
1568 1070 1651 1133 es't
1677 1120 1691 1144 ,
1725 1066 1827 1132 nisi
1858 1072 1913 1131 ut
1937 1094 2051 1132 ma-

466 1172 745 1229 nilestaret
772 1188 925 1227 suam
953 1170 1268 1227 charitatem
1304 1189 1316 1225 :
1351 1186 1472 1226 cum
1506 1156 1678 1228 adhuc
1709 1172 2050 1243 peccatorum

468 1275 523 1323 et
551 1265 823 1323 scelerum
851 1265 1197 1337 languoribus
1222 1260 1639 1337 premerentur?

540 1359 838 1416 Secundum
869 1368 1087 1431 tempus.
1115 1358 1424 1416 Secundum
1454 1368 1665 1429 tempus
1694 1358 1915 1425 iniirmi,
1948 1360 2053 1430 quo

465 1455 575 1526 jam
605 1455 879 1511 deiecerat
922 1469 1062 1525 pene
1102 1453 1333 1524 justitia.
1377 1452 1505 1510 Sive
1536 1454 1661 1524 quia
1706 1453 1892 1509 ultimo
1921 1464 2055 1509 tem-

470 1550 813 1619 pore'passus
844 1542 926 1603 est
960 1546 1232 1611 Christus,
1276 1545 1393 1602 sive
1433 1546 1498 1601 ad
1534 1544 1691 1602 tridui
1733 1555 1965 1620 tempus,
1996 1556 2056 1603 ut

468 1640 884 1713 przedicebatur,
916 1648 1001 1696 est
1029 1650 1291 1696 mortuus.

2150 425 2377 480 amicitia
2412 425 2570 495 hujus
2603 424 2785 483 mundi
2829 408 3045 480 inimica
3081 432 3165 481 est
3198 416 3310 481 Deo
3340 444 3351 479 :
3386 422 3758 495 Quicumque

2150 519 2293 574 enim
2334 514 2561 573 voluerit
2603 506 2805 573 amic‘us
2834 521 2955 575 esse
3005 518 3185 575 smculi
3232 506 3429 589 hujus,
3478 517 3757 574 inimicus

2151 612 2247 667 Dei
2283 611 2644 681 cognoscitur.
2679 611 2881 667 Inimici
2918 620 3049 682 cr‘go
3079 596 3313 677 actibus,
3353 612 3463 667 non
3510 604 3745 667 natura.

2151 703 2508 759 iteconciliati
2544 713 2754 773 autem,
2790 705 2912 775 quia
2958 704 3224 760 conciliati
3260 704 3585 759 naturaliter
3617 702 3755 761 lue-

2151 796 2353 849 mittitis.

2222 887 2391 941 Multo
2421 887 2580 957 magis
2603 884 2944 952 reconciliati,
2971 880 3099 940 salvi
3121 885 3309 941 erimus
3334 884 3392 940 in
3415 885 3521 940 vita
3542 885 3754 957 ipsius.

2152 964 2207 1034 Si
2240 982 2333 1048 per
2358 964 2588 1033 martem
2618 966 2815 1034 Christi
2844 976 3030 1033 salvati
3062 976 3249 1033 sumus
3278 994 3292 1035 :
3325 980 3531 1050 quanto
3565 979 3756 1050 magis

2152 1071 2206 1127 iit
2228 1073 2344 1141 ejus
2359 1060 2775 1141 gloi-illcabiinui'
2795 1071 2923 1135 vita,
2948 1070 2991 1125 si
3017 1072 3133 1124 eam
3156 1068 3417 1126 fuerimus
3434 1062 3659 1127 imitati!

2226 1158 2349 1219 Non
2374 1164 2539 1219 solum
2568 1170 2759 1229 autem,
2787 1162 2875 1217 sed
2904 1158 2952 1217 ei
2977 1154 3262 1235 gloriamur
3282 1164 3335 1217 in
3368 1156 3480 1219 Dea
3506 1176 3598 1235 per
3625 1156 3752 1219 Do-

2154 1261 2350 1313 minum
2392 1264 2625 1314 nostrum
2659 1256 2689 1311 J
2700 1274 2841 1312 esum
2872 1246 3155 1324 Christum,
3188 1272 3277 1328 per
3306 1268 3455 1326 quem
3481 1258 3621 1312 nunc
3645 1273 3753 1311 re-

2156 1348 2571 1405 conciliationem
2610 1351 2917 1420 accepimus.
2947 1348 3062 1403 Non
3105 1350 3281 1403 solum
3313 1344 3469 1403 nobis
3498 1349 3606 1403 vita
3630 1347 3751 1403 d'a-

2158 1438 2301 1497 bitur
2332 1444 2679 1512 setupiterna,
2712 1430 2805 1498 sed
2839 1441 3004 1497 etiam
3030 1440 3273 1513 quzcdam
3307 1440 3605 1497 Similitudo
3627 1456 3751 1512 per

2157 1532 2428 1590 Christum
2485 1535 2813 1606 promittitur
2870 1524 3067 1589 divince
3129 1530 3339 1603 glorise.
3401 1534 3543 1589 sicut
3595 1524 3747 1588 dicit.

2160 1628 2445 1699 Apostolus
2477 1626 2709 1684 Joannes
2738 1632 2752 1682 ξ
2779 1627 3020 1683 Nondum
3052 1630 3293 1699 apparuit
3325 1616 3454 1699 quid
3491 1626 3701 1684 erimus
3723 1669 3745 1696 ,

544 1722 653 1788 Pro
679 1733 853 1801 impiis
882 1740 1116 1788 mortuus
1138 1736 1210 1787 est
1246 1751 1265 1784 :
1297 1724 1421 1786 Vult
1449 1720 1754 1798 ostendere,
1793 1730 1915 1803 quia
1960 1746 2059 1803 pro
2088 1718 2136 1788 Β
2163 1720 2409 1792 quoniam
2434 1732 2554 1777 cum
2579 1721 2907 1791 apparuerit.
2939 1720 3142 1777 Similes
3170 1721 3219 1776 εἰ
3250 1720 3467 1777 erimus.

472 1826 652 1897 impiis
689 1833 931 1880 mortuus
972 1832 1057 1881 est
1082 1843 1095 1880 :
1124 1824 1179 1878 ut
1219 1839 1283 1880 ex
1315 1818 1699 1878 beneﬁciorum
1727 1823 2057 1894 contempla.

474 1916 641 1986 tione,
677 1917 793 1988 ejus
813 1918 1036 1987 gratiam
1064 1913 1489 1979 commendaret,
1522 1923 1577 1970 et
1604 1902 1657 1969 in
1690 1914 1927 1970 mereato
1957 1902 2054 1972 ἀει

473 2011 608 2080 licti,
650 2018 905 2082 quantum
935 2025 1079 2071 eum.
1106 2009 1398 2067 debeamus
1427 2010 1674 2080 diligere,
1720 2010 2060 2068 demanatr‘a-

472 2108 555 2159 ret
588 2122 601 2158 :
634 2110 685 2157 et
714 2096 863 2157 tanto
901 2092 1164 2158 beneﬁcio
1193 2108 1247 2156 et
1276 2110 1481 2167 sancto,
1512 2106 1578 2155 an
1611 2088 1808 2172 aliquid
1852 2105 2060 2171 praepo-

474 2184 711 2251 nendum
743 2196 835 2262 sit,
868 2194 1213 2250 Videremusi
1246 2202 1365 2248 cum
1416 2192 1508 2248 ille
1553 2194 1709 2248 nobis
1753 2191 1931 2263 impiis
1962 2200 2059 2249 nec

472 2288 635 2343 vitam
664 2302 814 2343 suam
844 2288 1229 2359 praeposuerit,
1264 2302 1331 2341 ne
1378 2274 1733 2341 necessariam
1768 2276 1926 2342 nobis
1966 2285 2061 2342 de-

476 2392 696 2453 negaret
724 2388 975 2438 mortem.

556 2474 660 2528 Via:
684 2476 819 2527 enim
850 2488 942 2543 pro
966 2474 1145 2545 justo,
1174 2474 1289 2545 quis
1329 2474 1571 2527 moritur.
1614 2468 1742 2528 ideo
1784 2478 1881 2540 pro
1910 2474 2055 2542 just‘o

473 2562 694 2621 diﬂicile
737 2567 984 2634 moritur,
1028 2567 1149 2637 quia
1184 2567 1360 2637 justus
1392 2572 1496 2620 non
1536 2554 1703 2620 habet
1747 2565 1903 2620 mori.
1957 2560 2060 2621 Pro

476 2660 742 2714 morituro
768 2661 909 2713 enim
946 2658 1083 2714 forte
1113 2659 1345 2714 moritur
1367 2657 1523 2713 alter.

555 2750 692 2803 Nam
721 2766 813 2822 pro
842 2750 970 2805 bono
1017 2746 1257 2822 forsitan,
1288 2753 1403 2822 quis
1434 2752 1621 2805 audeat
1671 2740 1845 2806 meri?
1882 2749 2062 2805 Bonus

478 2846 597 2914 ipse
625 2852 729 2913 est,
756 2836 845 2912 qui
870 2852 926 2898 et
962 2841 1159 2914 justus.
1211 2842 1349 2897 Dicit
1379 2844 1523 2898 enim
1554 2834 1680 2899 alibi
1715 2850 1730 2900 ξ
1756 2842 2060 2899 Mandatum

479 2947 749 3003 sanctum,
784 2946 837 2992 et
863 2937 1087 3007 justum,
1120 2934 1174 2993 et
1201 2936 1424 2992 bonum.
1452 2934 1696 2993 Forsitan
1727 2950 1927 3008 autem,
1959 2937 2063 2993 hoc

478 3034 584 3096 est,
611 3034 720 3083 tam”
747 3026 902 3085 t‘acile
929 3029 1139 3093 audeat,
1168 3042 1236 3083 ne
1267 3029 1343 3083 illi
1371 3030 1559 3098 injuria
1592 3030 1702 3083 iiat.

2234 1813 2513 1884 Propterea
2550 1815 2682 1868 sicut
2731 1830 2820 1883 per
2855 1829 3013 1868 unum
3054 1814 3330 1868 hominem.
3362 1811 3421 1869 Si
3452 1826 3550 1882 per
3575 1822 3750 1867 unum

2160 1906 2429 1961 hominem
2456 1906 2640 1973 EVam,
2667 1910 2943 1977 peccatum
2965 1904 3183 1961 intravit
3207 1904 3258 1959 in
3285 1904 3570 1967 mundum,
3598 1907 3747 1961 insa—

2160 1994 2341 2064 niunt,
2390 1997 2479 2067 qui
2532 1996 2754 2053 dicunt:
2815 2000 3100 2069 antequam
3164 1994 3438 2068 deceperit
3494 1993 3749 2051 diabolus

2161 2089 2349 2152 Evam,
2375 2092 2651 2160 peccatum
2676 2089 2844 2145 fuisse
2868 2091 2917 2145 in
2940 2089 3156 2145 mutulo.
3184 2086 3314 2144 Item
3339 2087 3426 2143 hic
3452 2087 3749 2143 bstehdere

2162 2186 2277 2239 vult
2308 2194 2589 2255 propterea
2638 2185 2909 2241 Christum
2942 2200 3155 2254 passum
3182 2226 3197 2247 ,
3228 2186 3287 2238 ut
3310 2184 3402 2254 qtii
3441 2183 3738 2253 sequentes

2162 2276 2330 2333 Adam
2363 2272 2784 2334 discesseramus
2811 2294 2839 2332 a
2862 2276 2974 2334 Deo
2998 2319 3013 2345 ,
3046 2288 3140 2348 per
3164 2275 3441 2332 Christum
3485 2277 3739 2333 retendi-

2164 2373 2419 2429 iiaremur
2447 2370 2579 2428 Deo.

2233 2466 2297 2521 In
2327 2468 2462 2521 hunc
2503 2467 2749 2521 mundum
2773 2470 3038 2537 pacatum
3068 2462 3312 2531 intravit,
3362 2462 3411 2519 et
3438 2480 3523 2537 per
3548 2480 3735 2536 pecca-

2164 2570 2294 2626 tum,
2323 2562 2458 2613 niors
2483 2564 2500 2611 ὲ
2527 2558 2783 2629 Exemplo
2809 2566 2831 2594 η
2853 2556 2937 2613 vel
2961 2557 3153 2613 forma.
3179 2556 3464 2624 Quomodo
3488 2562 3605 2612 cum
3630 2566 3743 2610 non

2164 2652 2308 2711 esset
2356 2655 2650 2724 peccatum,
2682 2660 2775 2720 per
2817 2650 2986 2706 Adam
3012 2651 3228 2705 advenit
3259 2669 3273 2709 :
3317 2650 3393 2704 ita
3422 2649 3584 2704 etiam
3614 2660 3746 2703 cum

2164 2764 2302 2820 pene
2351 2745 2491 2815 apud
2537 2746 2742 2800 nullum
2779 2744 2984 2813 justitia
3030 2742 3402 2807 remansisset,
3450 2757 3548 2812 per
3586 2740 3751 2797 Chri-

2167 2848 2306 2895 stum
2338 2842 2417 2894 est
2445 2842 2719 2893 revecata.
2752 2836 2819 2892 Et
2842 2834 3112 2906 quomodo
3139 2844 3237 2907 per
3261 2833 3404 2890 illius
3436 2841 3749 2905 peccatum,

2167 2947 2313 2989 mors
2357 2916 2618 2997 intravit;
2664 2931 2735 2984 ita
2787 2938 2842 2986 et
2883 2942 2975 2999 per
3006 2928 3165 2999 hujus
3188 2928 3447 3000 juStltiam
3476 2970 3491 2994 ,
3520 2928 3635 2984 vita
3666 2938 3753 2986 est

2168 3030 2414 3097 reparata
2446 3018 2644 3093 futura,
2682 3029 2787 3079 non
2820 3030 3079 3093 praesens.

553 3074 584 3096 .,
747 3074 902 3085 ...νην
929 3074 1139 3093 “ww,
1169 3074 1236 3083 ..ν
1372 3074 1559 3098 HT...“
2172 3074 2414 3097 .-τ-η---
2446 3074 2644 3093 ---πη
2822 3074 3078 3093 r--__--___

553 3120 885 3178 Commendat
920 3130 1089 3176 autem
1126 3121 1423 3175 charitatem
1454 3130 1599 3176 suam
1643 3114 1782 3176 Deus
1812 3114 1864 3177 in
1895 3116 2057 3180 nobis.
2086 3074 2133 3152 Ο
2237 3119 2304 3173 Et
2328 3122 2401 3173 ita
2432 3120 2487 3173 in
2529 3134 2703 3172 omnes
2733 3119 2961 3172 homines
2999 3134 3137 3172 mors
3166 3117 3516 3187 pertransivit.
3537 3113 3568 3155 ιδ
3607 3117 3753 3172 Dum

486 3215 789 3272 Amabiiem
820 3215 968 3282 facit,
998 3216 1119 3270 eum
1161 3215 1398 3271 insinuat
1426 3216 1682 3285 quantum
1718 3222 1814 3269 nos
1840 3216 2023 3288 diligat
2048 3238 2061 3274 :

483 3308 700 3380 quando
760 3298 903 3363 enim
972 3304 1211 3362 indebite
1264 3305 1461 3375 aliquid
1529 3310 1851 3377 praestatur,
1937 3316 2064 3367 tunc

488 3401 722 3456 maxime
750 3394 1026 3456 charitatis
1050 3398 1483 3456 Commendatur.
1514 3397 1650 3464 Quid
1675 3400 1819 3454 enim
1850 3408 1956 3455 tam
1987 3403 2069 3457 in-

488 3494 692 3563 debite,
721 3509 876 3565 quam
908 3502 965 3549 ut
995 3496 1113 3549 sine
1138 3500 1359 3563 peccato
1387 3490 1641 3546 Dominus
1664 3487 1763 3561 pro
1783 3494 2067 3548 servisim-

492 3586 594 3656 piis
630 3594 929 3640 moreretur
960 3603 973 3640 :
1005 3588 1057 3639 'et
1083 3582 1461 3639 universitatis
1489 3582 1735 3637 conditor
1756 3578 2071 3654 dignaretur

492 3680 751 3743 apparere
788 3668 844 3729 in
881 3675 1123 3742 homine,
1167 3683 1223 3730 et
1271 3668 1541 3729 contemni
1589 3682 1687 3746 pro
1728 3670 2071 3746 reparatione

492 3766 727 3839 propria;
756 3765 1054 3820 creaturze?

572 3856 824 3924 Quoniam
848 3856 888 3912 si
911 3866 1028 3913 cum
1051 3858 1221 3913 adhuc
1241 3870 1528 3932 peccatores
1545 3868 1773 3917 essemus
1794 3863 2071 3917 secundum

498 3956 714 4020 tempus.
746 3946 1047 4005 Notandum
1074 3952 1215 4023 quod
1253 3952 1574 4025 plerumque
1625 3952 1925 4023 Apostolus
1953 3969 2072 4011 cre-

495 4041 684 4100 dentes
707 4044 817 4115 jam
847 4041 904 4098 in
930 4042 1144 4099 Christo
1175 4040 1339 4101 inisse
1366 4058 1702 4118 peccatores,
1728 4046 1936 4112 dicens,
1959 4044 2067 4116 jam

500 4152 604 4193 non
631 4150 751 4194 esse
780 4136 1049 4209 Signiﬁcat
1073 4154 1086 4193 :
1121 4146 1177 4193 ut
1204 4138 1432 4210 qualiter
1456 4152 1516 4197 se
1540 4139 1794 4195 exhibere
1819 4139 2069 4206 debeant,

501 4240 911 4302 recognoscant.

570 4322 803 4378 Christus
828 4334 924 4395 pro
961 4324 1105 4378 nobis
1136 4333 1364 4378 mortuas
1390 4330 1464 4378 est
1488 4339 1506 4376 :
1538 4316 1697 4377 multo
1726 4318 1884 4395 igitur
1910 4324 2074 4395 magis

492 4415 762 4488 justiﬁeati
786 4431 940 4471 nunc.
966 4412 1023 4474 Si
1046 4428 1364 4488 peccatores
1389 4420 1593 4471 tantum
1620 4414 1809 4470 dilexit
1834 4426 1846 4471 :
1872 4422 2075 4487 quanto

502 4510 668 4580 magis
696 4509 1151 4580 custodietjttstos
1174 4512 1190 4567 !

570 4602 637 4657 In
667 4605 915 4674 sanguine
942 4602 1102 4677 ipsius
1139 4601 1268 4658 salvi
1297 4603 1485 4657 smnus
1519 4600 1581 4656 ab
1624 4604 1703 4656 ira
1743 4617 1833 4673 per
1877 4600 2072 4671 ipsum.

501 4695 615 4753 Non
667 4697 978 4753 animalium
1009 4699 1153 4753 sicut
1201 4698 1254 4752 in
1299 4688 1441 4767 lege.
1483 4692 1787 4751 Caveamus
1813 4704 1967 4766 ergo,
2006 4710 2075 4752 ne

503 4788 775 4859 peccando
816 4804 937 4846 eum
970 4788 1241 4860 pollutum
1281 4788 1522 4846 dicamus
1554 4803 1568 4845 :
1615 4788 1756 4844 sicut
1798 4784 1927 4844 dicit
1958 4788 2075 4859 ipse

504 4883 791 4953 Apostolus
820 4884 885 4939 ad
912 4884 1191 4942 ltebrreos.

576 4975 639 5031 Si
679 4978 811 5031 enim
855 4995 969 5031 cum
1004 4978 1199 5033 inimici
1237 4994 1488 5045 essemus,
1542 4974 1860 5032 reconciliati
1899 4993 2075 5033 sumus

511 5066 620 5126 Deo
658 5085 745 5141 per
775 5078 985 5125 mortem
1014 5067 1143 5126 Filii
1172 5071 1306 5145 ejus.
1334 5066 1653 5128 Peccatores
1692 5069 1901 5126 inimici
1950 5080 2077 5128 sunt

570 5262 595 5290 λ
628 5250 836 5307 Locum
872 5246 1013 5302 hunc
1057 5247 1254 5304 Marius
1286 5249 1545 5305 Mercator
1573 5249 1639 5304 de
1686 5249 1884 5320 Pelagii
1934 5248 2073 5306 libro

500 5325 577 5381 sic
616 5324 810 5380 recitat
837 5340 851 5376 :
884 5320 1131 5384 Exemplo
1155 5366 1168 5389 ,
1202 5322 1371 5389 inquit
1398 5365 1411 5387 ,
1439 5340 1525 5376 seu
1555 5323 1774 5392 imagine
1808 5338 1932 5374 usus
1964 5330 2073 5377 est:

501 5400 621 5458 quia
646 5396 781 5451 sicut
808 5410 923 5447 cum
958 5409 1059 5445 non
1089 5404 1214 5446 esset
1246 5405 1511 5464 peccatum
1531 5436 1546 5458 ,
1585 5411 1671 5460 per
1706 5394 1868 5447 Adam
1898 5392 2073 5464 subin-

503 5470 653 5521 travit
683 5483 700 5520 :
732 5466 803 5520 sic
830 5476 875 5518 et
902 5480 1015 5517 cum
1052 5480 1153 5516 non
1193 5462 1513 5517 remansisset
1538 5464 1748 5534 justitia
1786 5462 1927 5536 apud
1974 5463 2074 5518 ali-

503 5552 669 5603 quem,
701 5537 803 5591 vita
834 5552 921 5607 per
943 5535 1204 5607 Christum
1229 5546 1467 5604 reparata
1494 5545 1588 5591 est.

570 5608 596 5647 δ
635 5610 786 5663 Hunc
820 5604 962 5662 idem
989 5606 1255 5659 Mercator
1284 5609 1465 5661 locum
1498 5608 1567 5660 ita
1600 5604 1955 5662 refertzCum
1978 5609 2073 5673 sic,

500 5673 710 5747 inquit,
744 5690 984 5743 peccant,
1012 5677 1245 5747 similiter
1285 5687 1330 5731 et
1365 5679 1677 5747 moriuntur.
1715 5677 1891 5745 Neque
1941 5681 2077 5733 enim

502 5742 594 5803 αιιὶ
618 5750 682 5821 oin
700 5742 984 5813 Abraham,
1017 5754 1107 5798 aut
1130 5742 1315 5814 Isaac,
1343 5756 1432 5801 aut
1452 5746 1612 5803 Iacob
1643 5763 1781 5801 mors
1809 5742 2075 5817 pertrans-

2168 3212 2239 3267 ita
2289 3218 2555 3282 peccant,
2606 3216 2656 3266 et
2697 3211 2943 3265 Similiter
2980 3208 3299 3265 moriuntur.
3349 3208 3466 3264 Non
3500 3209 3644 3265 Enim
3692 3211 3748 3265 in

2167 3307 2439 3366 Abraham
2467 3350 2481 3375 ,
2512 3308 2566 3363 et
2615 3309 2783 3373 lsaae,
2832 3314 2885 3361 et
2921 3306 3089 3362 Jacob
3118 3306 3432 3376 pertransiit
3457 3304 3525 3360 de
3549 3305 3752 3375 quibus

2168 3399 2298 3455 dicit
2339 3390 2601 3454 Dominus
2630 3412 2643 3453 :
2679 3399 2881 3455 Omnes
2909 3399 3053 3454 enim
3082 3392 3159 3455 illi
3189 3399 3392 3453 vivunt.
3425 3394 3524 3452 Hic
3562 3400 3749 3452 autem

2170 3494 2291 3548 ideo
2320 3493 2447 3546 dicit
2470 3506 2659 3549 omnes
2688 3501 2927 3547 mortuos
2953 3534 2968 3559 ,
2999 3493 3125 3563 quia
3161 3492 3213 3546 in
3241 3490 3585 3547 multitudine
3612 3504 3750 3561 pec—

2171 3591 2409 3641 caturum
2435 3594 2541 3640 non
2565 3585 2897 3655 excipientur
2928 3587 3082 3657 pauci
3118 3578 3272 3656 justi,
3308 3585 3447 3641 sicut
3482 3584 3549 3639 ibi
3576 3594 3589 3638 ξ
3622 3580 3750 3640 Non

2172 3680 2274 3747 eat,
2310 3678 2397 3747 qui
2438 3676 2601 3732 iaciat
2642 3679 2840 3733 bonum
2875 3698 2885 3731 :
2922 3690 3029 3733 non
3054 3684 3331 3748 estusque
3361 3678 3427 3733 ad
3458 3692 3647 3733 unum.
3677 3676 3755 3732 Et

2172 3772 2347 3827 omnis
2371 3771 2530 3827 homo
2560 3772 2806 3826 mendax.
2832 3773 2958 3827 Sive
2986 3772 3041 3826 in
3066 3786 3159 3826 eos
3188 3785 3376 3827 omnes
3406 3770 3753 3841 pertransiit,

2173 3862 2261 3933 qui
2293 3862 2529 3917 humano
2553 3903 2568 3927 ,
2609 3874 2716 3916 nun
2747 3861 2955 3917 cmleSti
2999 3863 3101 3917 ritu
3130 3860 3399 3917 vivebant.
3444 3862 3575 3917 ltetn
3606 3874 3758 3917 nunc

2174 3954 2466 4022 Aposmlus
2521 3962 2747 4008 mortem
2798 3956 2992 4008 animae
3048 3954 3359 4024 signiﬁcat:
3409 3955 3531 4022 quia
3579 3946 3754 4008 Adam

2176 4048 2539 4118 prteVat‘icans
2579 4052 2819 4101 mortuus
2852 4057 2967 4114 est,
3008 4048 3145 4101 sicut
3185 4060 3237 4102 et
3270 4046 3536 4117 Propheta
3568 4046 3701 4101 dicit
3738 4065 3749 4100 :

2175 4140 2386 4201 Anima,
2421 4155 2540 4211 qua:
2570 4150 2773 4211 peccat,
2807 4141 2916 4209 ipsa
2950 4140 3229 4195 morietur.
3260 4136 3535 4194 Transit-it
3562 4140 3740 4202 enim,

2176 4234 2231 4288 et
2252 4231 2305 4287 in
2331 4247 2518 4288 omnes
2550 4233 2817 4301 homines,
2850 4233 2940 4302 qui
2962 4232 3261 4287 naturalem
3289 4231 3461 4301 legem
3495 4232 3750 4301 praevari-

2176 4328 2278 4379 cati
2307 4334 2452 4379 sunt.

2249 4419 2314 4473 In
2344 4436 2444 4491 quo
2493 4434 2661 4473 omnes
2706 4424 3060 4488 peccaverunt.
3113 4414 3225 4474 iioc
3245 4426 3329 4473 est
3373 4420 3427 4474 in
3476 4430 3563 4483 eo,
3611 4418 3760 4489 quod

2102 4486 2154 4546 D
2183 4486 2370 4568 omnes
2403 4486 2784 4582 peccaverunt,
2820 4511 3071 4581 exemplo
3098 4511 3230 4567 Adte
3258 4518 3507 4582 peccant.

2256 4605 2426 4677 Usque
2466 4604 2534 4660 ad
2584 4608 2745 4679 legem
2789 4608 2924 4659 enim
2973 4616 3234 4677 peccatum
3280 4612 3387 4661 erat
3434 4610 3487 4662 in
3534 4608 3757 4662 mundo.

2181 4698 2291 4756 Lex
2320 4698 2527 4768 peccati
2570 4698 2768 4753 vindex
2807 4698 3060 4753 advenit:
3094 4707 3219 4753 ante
3268 4699 3423 4767 cujus
3469 4700 3763 4754 adventum

2182 4792 2424 4858 liberius,
2458 4791 2540 4847 vel
2574 4791 2860 4863 praesentis
2889 4792 3011 4846 vita:
3041 4791 3376 4861 longitudine
3416 4790 3760 4848 fruebantur.

2184 4886 2309 4941 Erat
2337 4885 2553 4956 quidem
2580 4894 2705 4940 ante
2738 4886 2905 4956 legem
2938 4894 3235 4954 peccatum,
3259 4885 3352 4940 sed
3375 4901 3481 4941 non
3506 4888 3576 4941 ita
3598 4896 3761 4956 puta-

2182 4976 2340 5034 batur
2376 4992 2497 5035 esse
2538 4986 2844 5050 peccatum,
2883 4978 3006 5046 ltuit!
3050 4977 3159 5045 jam
3206 4992 3341 5047 pene
3384 4978 3754 5033 oblitteratum

2183 5075 2356 5131 fuerat
2402 5072 2454 5128 in
2500 5080 2714 5127 natura.
2762 5067 2894 5126 item
2934 5069 3158 5126 dicens:
3214 5068 3396 5141 Usque
3443 5071 3507 5125 ad
3556 5072 3757 5138 legem,

2178 5258 2257 5321 iit,
2285 5258 2348 5311 de
2384 5254 2565 5325 quibus
2597 5250 2849 5306 Dominus
2877 5252 2945 5305 ait
2968 5266 2987 5306 :
3014 5249 3085 5303 Hi
3113 5264 3285 5304 omnes
3310 5252 3499 5304 vivunt.
3531 5248 3630 5303 His
3662 5266 3767 5325 nu-

2180 5340 2301 5391 tem,
2336 5323 2533 5395 inquit,
2560 5332 2829 5394 propterea
2870 5325 2990 5376 dicit
3022 5338 3191 5395 omnes
3220 5334 3449 5376 mortuos
3471 5362 3485 5384 ,
3515 5323 3767 5386 quoniam

2180 5399 2506 5453 multitudine
2540 5404 2866 5459 peccatorum
2912 5410 3009 5448 non
3042 5394 3369 5460 excipiuntur
3395 5395 3548 5459 pauci
3580 5394 3714 5462 justi
3745 5410 3762 5446 :

2180 5472 2308 5524 sicut
2344 5478 2390 5521 ct
2427 5468 2495 5518 ibi
2521 5464 2681 5532 inquit
2707 5478 2723 5513 :
2756 5463 2879 5517 Non
2918 5474 2995 5517 est
3023 5466 3110 5533 qui
3134 5464 3291 5535 faciat
3318 5463 3629 5525 bonitatem,
3658 5480 3763 5517 non

2183 5550 2256 5594 est
2301 5552 2457 5606 usque
2498 5536 2566 5586 ml
2608 5548 2789 5606 unum.
2830 5535 2897 5587 Et
2936 5532 3293 5587 iterum'illttd
3334 5535 3545 5602 inquit:
3582 5535 3763 5588 Divinis

2182 5612 2333 5667 homo
2354 5604 2593 5661 mendax.
2621 5604 2719 5656 Aut
2743 5616 2876 5658 certe
2902 5606 2954 5658 in
2980 5606 3094 5659 illos
3124 5621 3294 5657 omnes
3322 5607 3645 5673 pertransiit,
3674 5607 3757 5661 in—

2179 5684 2318 5757 quit,
2345 5681 2427 5753 qui
2451 5680 2671 5732 humano
2698 5675 2835 5743 ritu,
2866 5691 2966 5730 non
2998 5676 3203 5741 cazlcsti,
3233 5686 3348 5731 sunt
3379 5678 3685 5727 cattvet‘suli.
