4030 6202
252 298 354 361 869

938 302 1477 365 COMMENTARIUS
1517 304 1581 362 IN
1622 304 2004 365 EPISTULA.“
2049 306 2137 363 AD
2176 306 2525 366 ROMANOS.
2563 309 2715 365 CAP.
2758 311 2821 366 ν.

3410 311 3512 368 670

252 410 423 489 Moysi
450 414 714 488 signiﬁcat
743 430 757 471 :
788 416 1034 474 inferens
1064 427 1267 486 autem,
1290 426 1567 489 peccatum
1594 432 1698 474 non
1721 416 1823 473 im-
1853 406 1907 482 Α
2004 414 2147 475 Ναηι
2170 439 2273 475 non
2295 423 2427 476 sicut
2450 421 2717 489 delictum,
2749 424 2819 476 ita
2847 431 2891 477 et
2920 424 3131 482 donum.
3160 424 3236 484 Ne
3263 425 3315 482 in
3340 426 3509 483 iorma

256 514 479 578 putatur
506 526 627 567 cum
678 511 760 566 lex
791 521 897 567 non
933 522 1015 567 est
1046 530 1058 567 :
1088 512 1386 567 naturalem
1418 512 1612 569 iterum
1649 522 1829 569 osten-

250 603 329 657 dit
358 602 553 673 legem,
584 619 676 674 per
707 619 863 676 quam
895 606 1277 675 prmvaricatus
1302 608 1382 660 est
1406 604 1539 660 Cain
1577 623 1591 662 :
1623 606 1675 660 et
1709 618 1829 687 post

248 696 449 767 ipsum,
479 699 570 769 qui
598 699 898 754 naturalem
924 696 1096 769 legem
1125 700 1461 768 prmvaricati
1489 710 1635 756 sunt.

326 790 599 844 Peccatum
631 800 801 846 autem
833 808 933 847 non
960 793 1343 863 imputabatur,
1374 809 1489 847 cum
1522 792 1605 847 lea:
1632 806 1729 847 non
1756 808 1833 846 es-

248 895 345 937 set.
390 884 672 953 Quomodo
712 901 863 941 mors
902 888 1186 959 regnabat,
1232 886 1279 943 si
1316 902 1424 942 non
1465 886 1832 958 imputabatur

248 978 567 1046 peccatum?
597 978 698 1035 nisi
728 977 1041 1047 subaudias,
1072 980 1126 1034 in
1169 979 1422 1050 praesenti
1453 993 1563 1035 non
1599 979 1831 1049 imputa-

248 1067 430 1125 batur.

323 1162 428 1218 Sed
474 1167 707 1239 regnavit
749 1182 886 1220 mors
916 1164 979 1218 ab
1014 1165 1218 1231 Adam,
1270 1179 1429 1235 usque
1467 1164 1535 1217 ad
1586 1160 1824 1235 Moysen.

246 1255 376 1314 Sive
402 1257 526 1313 dum
566 1274 673 1314 non
704 1262 876 1326 eSset,
911 1258 1003 1328 qui
1042 1256 1183 1313 inter
1207 1258 1232 1294 ἰ
1259 1254 1462 1327 justum
1492 1260 1545 1311 et
1571 1254 1828 1325 iniustum

246 1360 377 1404 ante
412 1351 787 1420 distingueret,
832 1349 1058 1419 putabat
1100 1362 1245 1403 mors
1275 1358 1331 1402 se
1373 1340 1621 1403 omnibus
1651 1345 1829 1400 domi-

243 1444 387 1497 nari.
434 1443 559 1499 Sive
589 1459 692 1499 non
725 1441 901 1499 solum
944 1443 995 1497 in
1040 1455 1137 1495 eos
1162 1483 1176 1506 ,
1208 1439 1299 1511 qui
1330 1446 1661 1510 praeceptum
1688 1439 1829 1495 sicut

244 1536 415 1590 Adam
449 1535 767 1606 transgressi
796 1543 920 1590 sunt
945 1553 958 1589 :
989 1530 1091 1589 hoc
1116 1544 1200 1589 est
1222 1533 1288 1588 de
1316 1532 1442 1587 ﬂliis
1463 1529 1599 1595 Noe,
1626 1530 1825 1603 quibus

239 1628 453 1695 jussum
484 1638 603 1694 est,
645 1641 715 1683 ne
742 1627 977 1682 animam
1012 1627 1065 1681 in
1099 1625 1360 1697 sanguine
1387 1623 1781 1679 manducarent
1808 1642 1823 1681 :

243 1730 301 1776 et
321 1721 387 1777 de
414 1721 536 1775 ﬁliis
561 1721 812 1787 Abrahae,
837 1719 1033 1792 quibus
1056 1717 1402 1775 circumcisio
1431 1716 1681 1772 mandata
1701 1718 1785 1773 est
1808 1736 1821 1769 :

1934 514 2212 585 :cqualitas
2241 524 2544 587 putaretur.

2005 606 2067 663 Si
2106 610 2246 662 enim
2285 609 2442 663 unius
2476 608 2667 663 delicto
2713 609 2863 663 mulli
2910 611 3100 663 mortui
3144 618 3258 665 sunt
3292 628 3310 666 :
3348 606 3510 668 multo

1933 704 2098 777 magis
2136 708 2303 775 gratia
2346 702 2474 771 Dei,
2510 715 2558 759 et
2584 703 2777 759 donum
2809 694 2862 758 in
2904 706 3076 778 gratia
3112 708 3264 759 unius
3293 702 3513 763 hominis

1932 788 2056 850 Jesu
2081 794 2271 851 Christi
2297 797 2349 850 in
2371 798 2544 866 plures
2578 788 2856 852 abundavit
2890 805 2936 850 ο.
2971 788 3067 852 llic
3091 797 3381 853 mttnilcsm
3414 798 3509 853 do-

1935 894 2021 945 ‘cet
2045 907 2057 942 :
2091 889 2214 960 quia
2238 905 2342 945 non
2376 884 2704 958 generaliter
2731 880 2798 944 de
2824 884 2969 944 omni
3010 883 3228 944 homine
3252 878 3400 955 dicit,
3432 886 3511 945 tli-

1934 997 2064 1037 cens
2093 1000 2104 1034 :
2136 983 2293 1038 unius
2314 983 2514 1039 delicto
2540 1027 2554 1050 ,
2588 972 2742 1038 multi
2770 982 2967 1038 mortui
2993 991 3119 1038 sunt
3152 999 3164 1037 :
3196 985 3319 1053 quia
3360 990 3509 1039 com-

1934 1070 2079 1127 muni
2104 1081 2161 1127 et
2186 1072 2421 1129 naturali
2461 1082 2675 1132 morte:
2706 1090 2811 1131 non
2850 1064 3023 1131 solum
3052 1062 3338 1146 peccantes
3364 1117 3379 1143 ,
3417 1076 3512 1132 sed

1932 1173 1987 1220 et
2006 1165 2140 1228 justi
2173 1166 2478 1221 moriuntur
2506 1165 2554 1219 ἀ.

2002 1255 2071 1310 Et
2096 1272 2197 1311 non
2216 1242 2348 1310 sicut
2374 1250 2469 1328 per'
2486 1273 2643 1312 unum
2664 1267 2952 1327 peccatum,
2983 1254 3060 1314 ita
3090 1266 3138 1315 et
3162 1254 3376 1314 donum.
3405 1244 3511 1316 Sed

1931 1347 2184 1417 amplius.

2004 1439 2145 1494 Nam
2166 1442 2425 1514 judicium
2454 1441 2659 1513 quidem
2692 1458 2755 1497 ex
2792 1458 2895 1497 uno
2924 1436 2980 1499 in
3009 1441 3507 1501 condemnationem.

1929 1522 2010 1588 Ex
2040 1549 2145 1589 uno
2178 1532 2325 1605 justo
2354 1540 2647 1608 peccante,
2680 1528 2949 1607 processit
2990 1535 3252 1608 judicium
3299 1538 3509 1592 mortis.

2000 1627 2181 1683 Gratia
2220 1640 2390 1686 autem
2426 1647 2487 1688 ea:
2534 1629 2708 1685 multis
2744 1628 2949 1686 delictis
2974 1633 3029 1687 in
3070 1633 3509 1701 iustiﬁcationem.

1931 1716 2065 1789 Quia
2107 1737 2212 1778 non
2247 1706 2452 1780 invenit
2502 1723 2673 1779 Adam
2722 1726 2947 1781 multam
2996 1726 3296 1796 justitiam,
3346 1738 3504 1797 quam

241 1816 339 1870 sed
362 1814 527 1871 etiam
558 1816 611 1871 in
634 1830 747 1886 eos,
772 1815 862 1889 qui
892 1815 1011 1871 sine
1039 1822 1316 1885 prmeepto
1342 1814 1517 1884 legem
1545 1819 1824 1884 contemp-
1852 1818 1900 1881 Β
1928 1828 2025 1868 suo
2078 1816 2335 1886 exemplo
2394 1815 2701 1872 destrueret
2734 1833 2747 1871 :
2807 1814 3053 1873 Christus
3103 1825 3280 1873 autem
3338 1817 3511 1889 gratia

242 1925 367 1965 sere
408 1914 636 1966 naturae.

318 1998 497 2056 Etiam
522 2003 576 2057 in
598 2018 707 2070 eos,
735 2001 821 2073 qui
849 2016 955 2056 non
978 2004 1317 2073 peccaverunt
1346 1998 1404 2052 in
1434 1990 1827 2053 similitudinem

254 2096 695 2164 prmaricationis
731 2094 877 2151 Adae.
909 2093 974 2149 lii
1004 2100 1159 2161 sunt,
1186 2091 1275 2165 qui
1308 2106 1414 2147 non
1443 2090 1496 2146 in
1523 2088 1829 2146 similitudi-

250 2200 376 2240 nem
408 2186 869 2258 praevaricationis
902 2184 1031 2242 Adae
1058 2193 1421 2251 peccaverunt
1447 2199 1462 2237 :
1495 2183 1586 2254 qui
1616 2198 1712 2254 per
1734 2198 1829 2239 na-

246 2276 481 2332 turalem
516 2278 689 2349 legem
721 2278 1043 2349 transgressi
1074 2282 1231 2341 ‘sunt.
1262 2280 1318 2333 et
1350 2284 1456 2332 non
1490 2275 1631 2331 sicut
1656 2272 1825 2330 Adam

246 2386 344 2440 per
374 2371 708 2425 mandatum.

321 2465 422 2532 Qui
450 2475 526 2519 est
550 2469 717 2536 forma
745 2457 929 2533 futuri.
961 2463 1087 2519 Sive
1116 2458 1237 2519 ideo
1266 2462 1438 2517 forma
1469 2458 1569 2519 nm
1596 2460 1825 2530 Christi,

246 2560 377 2627 quia
401 2557 428 2597 ι)
452 2558 591 2613 sicut
626 2557 795 2613 Adam
842 2556 958 2612 sine
999 2557 1141 2610 coitu
1182 2571 1213 2611 a
1257 2556 1368 2611 Deo
1394 2556 1572 2612 tactus
1603 2564 1683 2610 est
1714 2572 1726 2610 :
1755 2550 1827 2609 ita

246 2649 339 2703 ille
363 2663 427 2703 ex
455 2648 663 2719 virgine
684 2690 699 2715 ,
732 2648 936 2719 Spiritu
972 2653 1161 2702 sancto
1202 2656 1463 2717 operante
1485 2688 1500 2712 ,
1542 2646 1825 2718 processit.

246 2738 475 2806 Quidam
508 2738 691 2797 dicunt
717 2741 887 2796 formo
922 2740 1230 2796 econtrario
1253 2782 1268 2807 ,
1292 2743 1396 2796 hoc
1418 2742 1502 2797 est
1524 2750 1539 2794 ξ
1564 2741 1707 2796 sicut
1736 2734 1830 2795 ille

248 2831 460 2900 peccati
512 2843 714 2904 caput,
768 2828 838 2887 ita
898 2842 954 2888 et
1008 2828 1109 2888 iste
1163 2833 1408 2902 justitiae.
1468 2833 1601 2889 Item
1659 2832 1829 2887 forma

245 2923 442 2981 Christi
474 2926 645 2982 Adam
676 2926 849 2982 factus
878 2934 982 2982 est.
1017 2926 1169 2982 Sient
1211 2927 1352 2982 enim
1413 2925 1581 2981 Adam
1624 2925 1829 2996 primus

247 3017 559 3072 mandatum
606 3018 700 3074 Dei
743 3007 1127 3089 prtev'aricans,
1178 3016 1488 3088 exemplum
1537 3025 1621 3073 est
1656 3018 1828 3089 legem

246 3111 340 3166 Dei
390 3113 743 3181 prtevaricare
771 3113 1077 3167 volentibus
1108 3130 1118 3163 :
1152 3111 1231 3165 sic
1272 3120 1327 3165 et
1351 3110 1597 3164 Christus
1639 3111 1830 3165 volun-

1932 1921 2030 1961 sua
2086 1906 2380 1961 multorum
2446 1917 2664 1978 peccata
2705 1902 2968 1963 dissolvit.
3022 1898 3089 1964 Et
3138 1908 3305 1965 Adam
3342 1908 3514 1966 solam

1933 1994 2161 2054 formam
2215 1996 2341 2054 iecit
2371 1997 2552 2054 delicti
2587 2013 2603 2056 :
2646 1997 2894 2054 Christus
2920 2006 3047 2054 vero
3088 2000 3144 2055 et
3172 1999 3341 2072 gratis
3383 2014 3509 2072 pec-

1933 2094 2052 2147 eala
2081 2090 2307 2159 remisit,
2340 2096 2393 2146 et
2419 2088 2643 2161 justitize
2674 2082 2821 2147 dedit
2850 2090 3181 2162 exemplum.

2006 2178 2068 2236 Si
2103 2182 2238 2237 enim
2290 2182 2443 2236 unius
2508 2174 2693 2236 delicto
2743 2196 2881 2236 mors
2924 2182 3155 2255 regnarit
3198 2197 3287 2253 per
3315 2192 3511 2237 unum:

1921 2272 2094 2327 'multo
2134 2272 2298 2344 magis
2340 2271 2711 2327 abundantiam
2740 2273 2947 2344 gratim,
2993 2283 3044 2327 et
3083 2272 3414 2338 donationis,
3464 2284 3513 2327 et

1928 2364 2143 2436 iustitia:
2172 2364 2474 2436 accipientes
2501 2365 2553 2418 in
2574 2364 2701 2432 vita,
2723 2364 3008 2436 regnabunt
3032 2382 3123 2435 per
3138 2374 3298 2420 unum
3323 2366 3507 2421 Iesum

1931 2457 2211 2512 Christum.
2252 2456 2430 2527 Quare
2470 2459 2634 2512 multa
2661 2467 2881 2528 peccata
2908 2456 3147 2524 dimisit,
3181 2460 3509 2516 abundantia

1931 2552 2241 2607 donationis
2291 2552 2528 2622 Spiritus
2569 2552 2776 2617 sancti,
2807 2550 2929 2623 quia
2976 2546 3141 2607 multa
3185 2560 3310 2609 sunt
3342 2554 3506 2609 dona.

1932 2636 2047 2716 ipsa
2078 2628 2221 2701 enim
2257 2645 2464 2716 justitla
2504 2644 2733 2703 donatur
2766 2660 2863 2717 per
2891 2645 3242 2719 baptismum,
3281 2654 3389 2704 nan
3438 2663 3507 2704 ex

1933 2739 2128 2793 merito
2158 2737 2483 2808 possidetur.

2003 2824 2173 2902 Igitur
2201 2832 2334 2886 sicut
2371 2840 2461 2902 per
2502 2832 2655 2887 unius
2694 2830 2942 2886 delictum
2978 2830 3031 2886 in
3073 2847 3246 2887 omnes
3280 2832 3509 2888 homines

1934 2922 1989 2976 in
2022 2924 2501 2979 condemnationem
2531 2941 2550 2978 .'
2576 2927 2650 2979 sic
2671 2935 2717 2979 et
2743 2941 2833 2994 per
2866 2926 3015 2980 unius
3043 2924 3297 2994 iustitiam
3319 2924 3373 2981 in
3402 2943 3515 2980 om—

1933 3032 2021 3069 nes
2051 3017 2279 3071 homines
2309 3017 2361 3071 in
2392 3017 2820 3090 justiﬁcationem
2856 3014 2991 3072 vita’.
3027 3010 3168 3073 Mors
3212 3019 3459 3089 regnarit
3491 3036 3506 3073 :

1932 3107 2286 3177 subauditur,
2318 3104 2391 3164 ita
2423 3114 2478 3165 et
2514 3120 2608 3180 per
2635 3110 3080 3179 justiticationem
3112 3110 3285 3182 gratia
3320 3114 3511 3182 regna-

244 3213 411 3259 talem
440 3205 614 3260 Patris
653 3205 957 3277 complens,
1000 3205 1307 3276 exemplum
1346 3213 1431 3260 est
1462 3202 1662 3260 imitari
1702 3214 1827 3261 eum
1857 3204 1901 3273 ρ
1932 3202 2029 3255 vit.
2061 3200 2301 3271 Itemque
2327 3196 2580 3272 superius
2602 3200 2767 3258 dicit:
2797 3200 3067 3274 Numquid
3096 3202 3313 3273 iniquus
3337 3203 3502 3269 Deus,

240 3296 605 3369 cupientibus.

316 3530 343 3559 ⁸
382 3520 537 3590 Apud
570 3520 817 3575 eumdem
859 3536 925 3575 ex
958 3519 1158 3587 Pelagii
1198 3518 1354 3581 libro.
1402 3517 1521 3574 Sice
1566 3536 1681 3572 cum
1719 3530 1819 3573 non

244 3603 395 3658 esset,
424 3593 615 3663 inquit,
639 3593 726 3660 qui
750 3595 883 3665 inter
904 3594 1103 3665 justum
1135 3602 1179 3644 et
1212 3592 1459 3665 injustam
1490 3590 1817 3665 discerneret,

242 3665 456 3735 putabat
480 3680 616 3717 mors
633 3681 686 3717 se
713 3663 938 3716 omnium
958 3664 1237 3727 dominari,
1261 3663 1364 3715 sive
1390 3663 1441 3714 in
1464 3676 1548 3735 eos
1570 3663 1659 3731 qui
1677 3674 1822 3714 man-

240 3731 724 3806 datumAtamquum
758 3735 924 3788 Adam
954 3734 1277 3804 prceuaricati
1310 3744 1447 3794 sunt.
1495 3731 1591 3785 hoc
1617 3744 1727 3806 est.
1758 3734 1822 3787 de

242 3807 365 3876 ﬁliis
396 3804 538 3873 Noe,
574 3804 755 3876 quibus
799 3816 1109 3875 prwceptum
1140 3814 1232 3864 est.
1263 3816 1317 3857 ut
1337 3806 1583 3876 annnam
1610 3805 1659 3857 in
1694 3820 1817 3857 san-

244 3873 398 3949 guine
428 3894 533 3931 non
564 3873 933 3930 manducarent
958 3873 971 3943 ,
995 3886 1042 3931 et
1065 3878 1126 3929 de
1156 3876 1277 3949 ﬁliis
1310 3873 1596 3949 Abraham,
1633 3877 1817 3945 quibus

244 3948 563 4003 circumcisio
589 3949 834 4003 mandata
855 3959 963 4002 est:
983 3950 1070 4002 sed
1099 3959 1144 4001 et
1166 3948 1222 4000 in
1251 3962 1334 4000 cos
1359 3948 1445 4016 qui
1463 3955 1649 4016 prccter
1674 3961 1821 3999 man-

243 4022 422 4075 datum
454 4022 613 4091 legem
644 4027 1051 4088 contempserant
1078 4017 1390 4091 naturalem.

314 4092 342 4131 δ
374 4086 768 4162 ldetnlegetat:
796 4086 1051 4155 Quoniam
1076 4092 1211 4162 sicut
1234 4087 1401 4141 Adam
1425 4098 1609 4162 printer
1625 4086 1815 4162 coitum

247 4180 278 4216 a
310 4163 423 4217 Deo
449 4156 698 4231 for-tuatua
725 4173 795 4214 est
826 4178 841 4215 :
887 4164 961 4214 sic
988 4172 1033 4212 et
1062 4159 1293 4213 Christus
1332 4174 1397 4212 ea:
1419 4156 1630 4231 virgine,
1658 4156 1819 4231 {abri-

245 4248 392 4288 cante
430 4226 631 4305 Spiritu
671 4243 881 4296 sancto,
919 4231 1197 4305 processit;
1228 4230 1327 4283 sive
1349 4231 1478 4305 sicut
1498 4226 1712 4305 quidam
1739 4228 1818 4281 di-

242 4318 388 4370 cunt,
418 4298 587 4374 forma
616 4320 648 4357 a
678 4298 967 4369 contrario,
1004 4304 1097 4355 hoc
1139 4311 1216 4355 est
1236 4344 1250 4367 ,
1294 4309 1351 4353 ut
1378 4300 1511 4353 sicut
1533 4298 1623 4351 ille
1658 4308 1816 4367 caput

238 4378 457 4448 peccati,
488 4379 560 4430 sic
588 4377 681 4430 iste
722 4386 875 4441 caput
894 4375 1234 4448 justititeest.
1263 4384 1503 4448 sso‘son
1531 4385 1679 4425 SICUT
1707 4386 1817 4448 pe-

241 4441 462 4516 Ltcrun,
490 4464 573 4502 In
605 4463 672 4502 ετ
698 4441 909 4502 υοΝυΜξ
928 4443 1009 4501 Ne
1035 4446 1088 4499 in
1115 4445 1301 4515 forma,
1333 4443 1525 4515 inquit,
1549 4441 1815 4512 wqualitas

239 4531 545 4647 prliari/liti;
572 4608 599 4643 ει
624 4589 841 4659 Pelagio
868 4586 1173 4659 expositum,
1202 4585 1377 4641 locum
1406 4584 1654 4659 laudatus
1684 4596 1812 4659 auc-

240 4670 325 4717 tor
358 4665 600 4726 invenit,
636 4656 778 4715 Ριυέ
808 4656 998 4728 valuit,
1031 4658 1204 4727 inquit
1226 4658 1539 4727 Apostolus,
1564 4659 1734 4728 gratia
1757 4656 1812 4709 in

240 4735 575 4804 uiviﬁcando,
602 4749 755 4799 quam
786 4725 1047 4799 peccatum
1072 4725 1126 4783 in
1154 4725 1435 4804 occidendo
1456 4744 1472 4780 :
1490 4725 1624 4804 quia
1644 4725 1811 4780 Adam

241 4822 294 4859 se
329 4798 514 4888 solum.
542 4815 590 4858 et
616 4798 743 4858 suos
777 4798 1006 4886 posteros
1044 4800 1330 4871 interfecit;
1376 4798 1625 4892 Christus
1668 4812 1807 4892 vero,
1836 4831 1890 4892 Ι)

241 4885 288 4930 et
312 4894 399 4931 eos
426 4878 514 4949 qui
536 4885 654 4949 tunc
688 4871 830 4929 erant
857 4875 1168 4949 incorpore,
1204 4880 1251 4924 et
1280 4872 1489 4949 cos_qui
1514 4879 1687 4949 postea
1718 4871 1802 4949 fu-

241 4952 345 5003 turi
370 4942 521 5003 erant
542 4989 555 5012 ,
587 4947 814 5001 liberauit
836 4986 851 5013 ,
890 4946 988 5001 Cui
1017 4942 1225 4999 Votieno
1252 4942 1549 5013 antidotum
1586 4942 1705 5013 ipse
1738 4942 1805 4995 de

247 5038 342 5074 suo
369 5020 454 5075 his
484 5020 667 5075 verbis
699 5011 846 5073 addit
878 5036 890 5071 :
922 5018 1020 5071 Hic
1053 5015 1315 5070 sollicitus
1349 5011 1651 5067 catholicus
1693 5011 1804 5066 lec-

245 5103 326 5146 tor
351 5102 522 5160 notet,
542 5091 664 5161 quid
689 5090 851 5155 dicat,
866 5089 1042 5161 Adam
1067 5101 1171 5141 non
1194 5084 1295 5161 sibi
1320 5085 1441 5146 soli,
1456 5083 1563 5161 sed
1585 5092 1638 5161 et
1661 5093 1806 5150 post-

244 5166 349 5217 eris
397 5154 519 5219 suis'
551 5154 1010 5216 nocuisse.”le
1048 5159 1390 5226 superiorem
1439 5154 1805 5208 deﬁnitionem

244 5234 379 5303 ejus.
425 5235 680 5290 Posteros
717 5232 862 5305 enim
901 5231 1143 5305 hicdicit
1167 5244 1318 5305 ,dnon
1350 5243 1536 5279 omnes
1565 5227 1806 5305 omnino,

244 5296 297 5359 ct.
320 5308 515 5374 ubique
547 5314 694 5359 totos
723 5302 964 5358 homines
992 5303 1151 5357 laesos
1176 5300 1317 5374 illius
1348 5307 1589 5374 peccato,
1612 5296 1711 5374 sed
1741 5298 1806 5348 il-

245 5375 324 5429 los
353 5369 585 5441 tantum,
617 5376 706 5444 qui
738 5390 834 5443 per
862 5374 1217 5444 imitationem
1262 5370 1511 5444 similiter
1541 5369 1654 5444 suis
1686 5382 1808 5444 pec-

249 5448 381 5501 catis
420 5460 471 5503 et
499 5439 875 5517 prepriis'lacli
896 5444 1019 5498 sunt
1048 5444 1124 5517 rei
1152 5441 1644 5517 prtevaricationis,
1674 5439 1814 5491 sicut

245 5520 433 5586 Adoni,
468 5511 557 5588 qui
584 5520 701 5571 sine
729 5516 893 5570 dubio
920 5518 953 5569 ii
984 5516 1083 5584 ipsi
1106 5522 1431 5584 pronepotes
1451 5511 1568 5582 ejus
1589 5519 1643 5565 et
1667 5518 1811 5579 post-

243 5590 318 5645 eri
354 5604 476 5646 esse
497 5588 860 5644 inveniuntur.

313 5659 338 5697 ά
380 5662 496 5715 lluc
545 5660 705 5712 etiam
746 5668 1016 5722 spectasse
1046 5655 1327 5722 videntur,
1368 5669 1485 5725 qua:
1531 5655 1810 5725 impugnat

246 5730 306 5785 S.
340 5731 667 5802 Augustinus
693 5727 785 5781 lib.
824 5728 975 5802 inde
1000 5737 1354 5802 peccatorum
1388 5724 1589 5802 meritis
1614 5731 1669 5778 ct
1696 5724 1806 5776 itc-

246 5795 503 5860 missioiie
538 5800 638 5858 sub
674 5812 794 5867 cap.
828 5799 857 5855 1
898 5796 1143 5852 initium:
1177 5795 1397 5862 Verum,
1446 5796 1645 5864 inquit,
1698 5802 1809 5862 post

1937 3293 2026 3367 qui
2060 3292 2225 3351 infert
2250 3295 2383 3351 iram
2412 3296 2434 3349 ?
2461 3293 2529 3351 Et
2549 3293 2745 3366 adjecit
2776 3312 2789 3349 :
2825 3294 3012 3361 Absit;
3038 3294 3308 3365 quomodo
3341 3301 3517 3366 potest

1933 3518 2263 3605 paucissimos
2286 3518 2399 3605 dies
2422 3518 2528 3605 legi
2560 3516 2765 3591 Pelagii
2787 3520 3021 3588 quwdam
3050 3524 3269 3605 scripta,
3300 3524 3416 3605 viri,
3452 3534 3506 3578 ut

1923 3590 2113 3667 audio,
2152 3590 2339 3667 sancti,
2387 3599 2581 3667 etnon
2603 3590 2759 3667 parvo
2782 3602 3022 3667 provectu
3052 3590 3357 3667 Christiani,
3389 3613 3504 3667 qua?

1922 3664 1979 3715 in
2026 3661 2181 3714 Pauli
2230 3660 2451 3731 apostoli
2496 3661 2739 3728 epistolas
2784 3660 3130 3731 expositiones
3178 3660 3503 3721 breuissimus

1924 3734 2245 3786 continerent
2268 3770 2283 3793 ,
2304 3739 2479 3803 atque
2507 3732 2578 3784 ibi
2600 3732 2847 3803 comperi,
2873 3751 2985 3787 cum
3009 3737 3075 3788 ad
3105 3735 3255 3790 illum
3286 3738 3504 3793 venisset

1924 3804 2116 3866 locum,
2139 3803 2232 3881 .ubt'
2278 3802 2405 3881 dicit
2436 3801 2734 3881 Apostolus,
2768 3801 2872 3857 Per
2900 3821 3057 3859 unum
3079 3806 3347 3871 jhominem
3388 3827 3506 3880 pec-

1922 3882 2095 3926 catum
2118 3874 2347 3948 intrasse
2374 3874 2427 3925 in
2454 3876 2731 3948 mundum,
2764 3884 2813 3929 et
2836 3892 2931 3946 per
2951 3889 3215 3946 peccatum
3248 3874 3460 3934 mortem
3482 3922 3498 3948 ,

1927 3956 2081 4011 atque
2111 3944 2187 3996 ita
2230 3946 2283 3997 in
2328 3956 2502 4021 omnes
2529 3943 3176 4021 hominespertransisse,
3220 3943 3499 4021 quamdam

1925 4016 2628 4092 eorumargumentationem
2653 4060 2667 4083 ,
2711 4018 2808 4092 qui
2839 4032 3025 4091 negant
3056 4016 3294 4088 parvulos
3320 4038 3502 4092 pecca-

1923 4096 2028 4141 tum
2050 4087 2303 4161 originale
2325 4096 2709 4161 gestare.......,
2748 4088 2836 4144 Sic
2867 4087 2987 4160 ergo
3010 4087 3104 4145 illa
3129 4087 3501 4161 argutttentatto

1920 4160 2086 4235 posita
2114 4152 2187 4212 e'st
2212 4152 2530 4235 alligatam,
2566 4152 2748 4229 inquit,
2774 4164 2860 4228 qui
2870 4234 2875 4235 γ
2896 4152 3349 4235 contraﬁtrad'ucem
3379 4180 3497 4235 pec-

1924 4231 2023 4303 cati
2053 4240 2192 4294 sunt,
2222 4230 2294 4282 ita
2318 4228 2465 4283 illum
2494 4228 2796 4303 impugnare
2825 4228 3100 4288 nituntur}
3133 4234 3190 4288 Si
3220 4228 3389 4298 Adar;
3415 4234 3497 4288 in-

1918 4302 2129 4374 quiunt,
2160 4313 2424 4371 peccatum
2458 4303 2611 4355 etiam
2640 4302 2741 4357 non
2770 4306 3093 4372 peccantibus
3133 4308 3334 4369 nocuit,
3373 4321 3497 4374 ergo

1920 4382 1965 4425 et
1995 4373 2189 4426 Christi
2204 4374 2414 4437 justitia
2443 4375 2601 4429 ctiam
2622 4392 2726 4429 non
2751 4376 3073 4430 credentibus
3101 4377 3350 4445 prodest:
3375 4373 3497 4444 quia

1918 4445 2172 4511 similiter,
2205 4447 2357 4498 immo
2383 4447 2627 4518 etmagis
2655 4448 2777 4518 dicit
2800 4465 2889 4515 per
2920 4464 3079 4501 unum
3107 4448 3317 4518 salvari,
3340 4463 3497 4518 quam

1921 4531 2008 4588 per
2030 4532 2185 4588 unum
2209 4525 2325 4569 ante
2348 4516 2625 4588 perierunt.
2656 4516 2857 4572 Eadem
2883 4518 3094 4587 plenius
3118 4516 3381 4574 Mercator
3409 4534 3495 4573 re-

1915 4587 2045 4661 citat
2069 4604 2083 4641 :
2109 4586 2182 4641 Hi
2203 4586 2396 4661 autem,
2419 4589 2506 4661 qui
2533 4597 2710 4642 contra
2733 4586 2995 4643 traducem
3019 4593 3212 4661 peccati
3232 4590 3480 4656 sentiunt,

1914 4657 2066 4732 aliter
2082 4674 2164 4712 eos
2186 4659 2275 4729 qui
2296 4657 2575 4732 defendunt
2598 4660 2860 4732 traducem
2888 4657 3193 4732 impugnare
3210 4671 3491 4732 conantur.

1915 4728 1978 4783 Si
2008 4728 2289 4795 peccatum,
2324 4728 2517 4799 inquit,
2552 4731 2697 4799 Adde,
2726 4732 2878 4784 etiam
2896 4728 3017 4799 gnon
3036 4728 3371 4799 peccantibus
3402 4749 3495 4786 no-

1916 4803 2040 4867 cuit,
2075 4816 2197 4872 ergo
2218 4810 2263 4855 et
2295 4802 2482 4872 Christi
2503 4802 2716 4872 justitia
2759 4818 2859 4854 non
2890 4803 3213 4855 credentibus
3252 4803 3490 4871 prodest,

1913 4871 2159 4943 quoniam
2213 4871 2687 4943 similiter,’immo
2737 4872 2855 4941 plus
2908 4874 3032 4926 dicit
3079 4872 3355 4941 Apostolus
3404 4891 3494 4943 per

1912 4958 2074 4995 unum
2099 4941 2327 5005 liberari,
2350 4957 2507 5011 quam
2536 4958 2626 5013 per
2646 4958 2807 4995 unum
2833 4955 2953 4998 ante
2984 4944 3263 5011 perierunt.
3294 4941 3494 5001 Deinde

1914 5014 2109 5078 dicunt,
2145 5014 2357 5080 inquit:
2388 5013 2450 5067 Si
2486 5013 2767 5082 baptismus
2802 5015 3015 5085 mundat
3056 5015 3321 5085 antiquum
3360 5016 3493 5077 illud

1915 5093 2329 5157 veternosumque
2358 5092 2688 5157 peccatum,
2738 5083 2826 5154 qui
2868 5086 2930 5137 de
2977 5083 3188 5157 duobus
3222 5088 3491 5157 baptizutis

1915 5156 2022 5206 nati
2043 5155 2260 5225 fuerint,
2285 5152 2467 5207 debent
2507 5154 2601 5207 hoc
2636 5152 2808 5208 carere
2833 5167 3057 5225 peccato.
3093 5155 3216 5211 Non
3241 5152 3372 5212 enim
3400 5176 3491 5225 po-

1916 5234 2115 5298 tuerunf
2143 5224 2211 5298 ad
2234 5235 2463 5296 posteros
2485 5224 2843 5298 transmittere,
2871 5231 3006 5297 quod
3033 5231 3133 5298 ipsi
3165 5232 3372 5284 minimc
3392 5224 3489 5284 ha-

1916 5296 2150 5351 buerunt.
2184 5295 2245 5350 In
2274 5298 2365 5351 hoc
2391 5297 2623 5369 addunt,
2654 5297 2845 5366 inquit,
2864 5295 3110 5369 quoniam
3128 5303 3171 5355 si
3201 5306 3491 5369 animation

1916 5378 1987 5421 est
2013 5384 2075 5422 ea:
2103 5370 2337 5432 traduce,
2369 5368 2500 5422 sicut
2544 5384 2632 5422 nec
2662 5378 2764 5434 est,
2790 5366 2886 5424 sedi
2909 5371 3021 5424 sola
3044 5384 3164 5426 caro
3197 5366 3341 5426 habet
3375 5382 3485 5425 tra-

1916 5440 2092 5513 ducem
2131 5441 2353 5513 peccati,
2385 5442 2494 5493 sola
2521 5450 2569 5494 et
2589 5455 2785 5512 poenam
2824 5454 3047 5497 meretur
3068 5486 3080 5496 .
3122 5443 3384 5513 Injustum
3419 5453 3494 5496 est

1913 5512 2065 5573 enim,
2101 5522 2151 5563 ut
2168 5512 2318 5562 hodie
2340 5521 2462 5564 nata
2489 5513 2665 5565 anima
2692 5527 2791 5565 non
2812 5528 2875 5565 ea:
2894 5529 3063 5567 massa
3096 5512 3240 5582 sua,
3271 5527 3374 5567 tam
3393 5533 3491 5569 an-

1919 5584 2113 5649 tiquum
2132 5590 2401 5653 peccatum
2432 5593 2595 5653 portet
2626 5582 2849 5636 alienum
2877 5600 2892 5637 :
2922 5587 3042 5653 quia
3070 5603 3162 5640 nec
3190 5588 3493 5640 rationabile

1914 5663 2009 5717 est,
2041 5663 2093 5705 ut
2116 5652 2275 5728 licus,
2309 5655 2396 5723 qui
2432 5656 2643 5727 propria
2676 5667 2888 5725 peccata
2923 5652 3175 5728 dimittit,
3207 5674 3365 5711 unum
3398 5659 3493 5713 iut-

1916 5733 2054 5793 putet
2078 5726 2321 5780 alienum.
2350 5775 2362 5797 ,
