4030 6202
485 213 587 275 671

1519 211 1576 269 S.
1618 206 1998 267 ﬂlERONYMl
2036 205 2321 267 OPERUM
2359 203 2730 265 MANTISSA.
2800 270 2803 275 ν

3670 206 3774 266 672

492 332 656 392 unius
692 329 889 388 delicto
936 328 1067 387 Adae
1088 367 1102 394 ,
1144 339 1333 384 omnes
1376 326 1624 383 homines
1673 325 2071 381 condemnare?
2098 324 2153 388 Α
2175 326 2312 381 rium
2337 322 2771 392 consepeliamur
2807 319 3024 377 Christo
3046 359 3062 388 ,
3094 318 3411 379 criminibus
3441 320 3770 389 morientes.

488 443 615 493 cum
659 441 759 484 nec
789 424 946 479 unius
974 420 1179 477 Christi
1206 418 1435 490 justitia,
1484 432 1675 474 omnes
1715 417 1960 473 homines
1982 416 2073 488 ju-

500 518 720 583 Stiﬁcati
749 515 902 575 sunt?
930 512 1130 568 Omnes
1155 520 1335 567 autem
1366 510 1577 580 dicens,
1608 524 1715 565 non
1746 509 2075 582 generaliter

498 616 647 685 dicit,
691 610 786 668 sed
822 606 1237 678 uniuscujusque
1271 604 1440 676 partis
1471 603 1742 675 signiﬁcat
1770 602 2075 658 multitudi-

500 723 645 767 nem.
693 700 949 773 Alioquin
989 700 1340 761 iuveniuntur
1368 712 1557 753 omnes
1596 695 1845 753 homines
1878 694 2078 765 justiti-

500 800 607 861 cati
640 798 697 855 in
726 795 943 853 Christo
967 837 983 863 ,
1032 794 1169 850 sicut
1212 801 1268 849 et
1304 792 1355 847 in
1386 789 1561 846 Adam
1597 788 1983 845 condemnati:
2026 797 2081 845 et

501 910 612 954 non
638 893 744 950 erit
770 892 933 956 ultra,
962 888 1052 962 qui
1083 886 1359 959 puniatur.

565 986 715 1045 Sicut
744 985 877 1039 enim
907 996 999 1051 per
1027 979 1423 1034 inobedientiam
1464 976 1617 1032 unius
1648 975 1870 1030 hominis
1899 990 2082 1047 pecca-

498 1088 634 1135 tores
654 1075 919 1132 constituti
950 1083 1069 1127 sunt
1105 1070 1299 1126 multi:
1333 1071 1407 1125 ita
1442 1078 1488 1125 et
1516 1087 1607 1140 per
1642 1070 1798 1124 unius
1844 1069 2083 1123 obedien-

499 1171 627 1226 tiam
652 1169 782 1241 iusti
818 1167 1193 1222 constituentur
1218 1161 1392 1216 multi.
1423 1160 1576 1219 Sicut
1610 1160 1862 1231 exemplo
1890 1159 2082 1215 inobe-

501 1261 716 1320 dientiae
733 1260 885 1329 Adae,
910 1266 1270 1331 peccaverunt
1297 1256 1471 1312 multi.
1487 1255 1704 1313 Grande
1720 1255 1866 1310 enim
1879 1254 2087 1310 crimen

506 1355 885 1415 inobedientite
914 1365 1019 1423 est,
1050 1353 1198 1425 quod
1229 1360 1407 1408 tantos
1429 1350 1647 1407 occidit.

575 1448 688 1504 Lex
709 1458 881 1502 autem
900 1444 1203 1501 subintravit
1226 1459 1243 1495 :
1269 1451 1323 1495 ut
1350 1442 1634 1496 abundaret
1659 1439 1929 1495 delictum.
1954 1438 2087 1507 Quia

501 1544 803 1600 naturalem
833 1542 1005 1611 legem
1037 1539 1297 1594 habentes
1319 1535 1538 1592 Hebraei
1562 1544 1617 1590 et
1645 1534 1840 1591 scribae
1867 1548 2090 1604 accepe-

506 1652 655 1707 runt,
686 1647 970 1711 propterea
1010 1633 1141 1690 dicit
1166 1677 1181 1701 ,
1210 1630 1552 1687 subintravit.
1582 1628 1690 1699 Ipsi
1716 1628 1860 1684 enim
1883 1627 1949 1683 ad
1978 1643 2093 1683 ma—

2178 427 2232 475 et
2271 417 2644 473 renuntiantes
2684 414 2929 486 pristina:
2970 415 3098 469 vitae
3132 431 3146 468 :
3192 422 3251 469 ut
3290 413 3567 485 quomodo
3607 413 3772 472 Pater

2178 508 2512 585 gloriﬁcatur
2538 510 2592 565 in
2630 507 2754 564 Filii
2784 507 3206 573 resurrectione,
3246 507 3320 562 ita
3348 516 3403 564 et
3433 523 3531 578 per
3560 516 3767 564 nostra:

2179 603 2604 660 conversationis
2632 602 2932 658 novitatem
2958 600 3025 657 ab
3055 600 3307 656 omnibus
3332 600 3638 657 honoretur
3662 618 3676 657 :
3710 614 3769 657 ut

2180 713 2249 756 ne
2280 697 2433 769 signa
2463 694 2678 768 quidem
2710 684 2913 751 veteris
2938 694 3173 749 hominis
3199 704 3564 766 agnoscantur
3590 696 3645 752 in
3674 711 3773 752 no.

2180 792 2284 849 bis.
2326 791 2434 848 Nec
2474 791 2617 847 enim
2653 787 2854 860 aliquid
2884 787 3061 855 velle,
3107 797 3201 842 aut
3239 802 3440 859 cupere
3480 787 3769 854 debemus,

2181 886 2327 959 quod
2350 886 2538 941 volunt
2558 894 2651 941 aut
2673 884 2919 954 cupiunt,
2951 881 3047 953 qui
3072 881 3315 938 nondum
3340 891 3469 937 sunt
3492 882 3769 954 baptizati,

2183 990 2239 1037 et
2277 981 2603 1052 quicumque
2646 978 2821 1035 adhuc
2859 978 3062 1035 veteris
3107 977 3231 1033 vitae
3271 976 3556 1034 erroribus
3595 977 3773 1049 impli-

2185 1086 2394 1134 cantur.
2856 1124 2859 1125 ,

2259 1171 2322 1227 Si
2351 1171 2485 1226 enim
2516 1170 2851 1245 complantati
2881 1168 3003 1239 facti
3032 1184 3209 1223 sumus
3235 1166 3571 1223 similitudini
3598 1168 3775 1223 mortis

2188 1268 2328 1338 ejus,
2357 1266 2513 1321 simul
2540 1276 2587 1321 et
2616 1263 3002 1319 resurrectionis
3029 1262 3238 1317 erimus.
3274 1260 3331 1318 Si
3359 1261 3661 1333 consepulti
3685 1277 3777 1317 su-

2189 1375 2310 1416 mus
2339 1375 2502 1425 nunc,
2529 1368 2584 1415 et
2603 1365 2731 1414 tunc
2750 1356 3168 1414 resurrectionis
3190 1354 3307 1425 ejus
3329 1356 3628 1428 poterimus
3654 1369 3775 1411 esse

2192 1451 2520 1524 participes;
2550 1459 2605 1506 et
2630 1450 2675 1506 si
2704 1448 2968 1506 fuerimus
2999 1449 3156 1517 novi,
3187 1456 3242 1505 et
3267 1449 3530 1505 immutati
3558 1450 3611 1503 in
3643 1464 3780 1505 con-

2193 1544 2542 1611 versatione,
2590 1541 2840 1599 similiter
2886 1541 3013 1599 novi
3063 1550 3119 1598 et
3164 1541 3421 1600 immutati
3467 1541 3672 1598 erimus
3716 1541 3778 1597 in

2195 1638 2390 1709 gloria.

504 1738 678 1809 jorem
702 1730 1008 1790 mercedem
1030 1725 1359 1797 accipientes
1385 1723 1581 1794 legem,
1615 1736 1712 1790 per
1738 1735 1890 1775 suam
1921 1719 2090 1789 negli-

2267 1732 2384 1787 Hoc
2415 1732 2658 1798 scientes,
2686 1732 2809 1804 quia
2838 1738 2978 1789 vetus
3004 1732 3157 1786 homo
3187 1740 3373 1785 noster.
3400 1730 3504 1799 Qui
3537 1738 3782 1787 veterem

510 1829 749 1903 gentiam
804 1840 912 1882 non
967 1819 1375 1883 custodientes,
1440 1817 1493 1869 iu
1551 1814 1724 1883 majus
1781 1810 2094 1867 ceciderunt

517 1923 797 1990 delictum,
823 1933 892 1973 ne
916 1916 1179 1979 dicerent,
1205 1910 1301 1967 sed
1324 1908 1479 1965 nobis
1507 1907 1595 1964 lex
1627 1916 1908 1978 peccatum
1936 1904 2095 1961 dimi-

518 2019 590 2075 sit
615 2035 628 2070 :
657 2030 785 2082 non,
815 2011 1023 2084 inquit,
1054 2008 1208 2064 venit
1244 2005 1517 2061 dimittere
1538 2044 1553 2069 ,
1594 2002 1690 2056 sed
1720 2000 2096 2055 demonstrare

514 2111 738 2169 delicta.
769 2107 837 2164 Et
862 2105 992 2161 dum
1033 2104 1269 2159 scienter
1298 2106 1587 2171 peccatur,
1628 2095 1794 2166 coepit
1818 2092 2097 2149 abundare

514 2205 776 2262 delictum
803 2217 817 2255 :
846 2198 998 2272 quasi
1028 2195 1073 2251 si
1103 2195 1309 2251 diceret
1339 2210 1352 2248 :
1382 2200 1442 2246 ut
1472 2189 1654 2257 video,
1689 2188 1777 2243 lex
1812 2197 2096 2258 peccatum

513 2315 623 2356 non
650 2294 893 2359 abstulit,
927 2290 1023 2348 sed
1052 2287 1253 2359 adjecit
1284 2304 1298 2341 :
1332 2301 1439 2342 non
1474 2294 1652 2340 tamen
1683 2297 1785 2338 suo
1811 2282 1965 2347 vitio,
1999 2281 2095 2338 sed

512 2390 726 2446 illorum
754 2404 769 2453 ;
803 2381 1155 2445 subintravit,
1187 2379 1293 2434 hoc
1322 2386 1427 2441 est,
1460 2374 1640 2431 subito
1666 2372 1907 2442 intravit,
1942 2380 1997 2428 et
2024 2374 2099 2429 ita

513 2478 777 2552 contingit
804 2485 862 2533 ut
891 2474 1191 2531 abundaret
1211 2470 1489 2527 delictum.

592 2574 689 2629 Ubi
730 2582 898 2627 autem
947 2566 1224 2623 abundavit
1262 2562 1537 2630 delictum,
1587 2560 2017 2634 superabundavit
2055 2568 2103 2616 et

513 2667 702 2744 gratia.
754 2663 905 2721 Sicut
931 2661 1006 2716 ait
1042 2659 1328 2716 Salvator:
1360 2655 1458 2711 Cui
1499 2654 1622 2724 plus
1650 2653 1961 2723 dimittitur,
1989 2668 2103 2709 am-

520 2763 663 2834 plius
688 2755 884 2829 diligit.
918 2753 1255 2810 hlaniiestata
1283 2757 1373 2806 est
1398 2748 1545 2804 enim
1568 2745 1846 2819 quantitas
1872 2746 2100 2818 peccati,

522 2861 585 2911 ut
622 2851 855 2909 sciretur
887 2847 1074 2921 gratiae
1101 2842 1413 2915 magnitudo
1434 2883 1450 2910 ,
1484 2847 1540 2897 et
1578 2838 1932 2896 redderemus
1955 2854 2105 2896 com-

521 2954 713 3018 petens
741 2941 984 2999 debitum
1005 2936 1302 2995 charitatis.

2197 1822 2471 1881 hominem
2494 1832 2773 1879 terrenum
2796 1823 2969 1879 Adam
2994 1821 3258 1878 imitando
3283 1822 3601 1894 peccabant.

2272 1917 2440 1975 Simul
2462 1917 2740 1986 cruciﬁxus
2766 1926 2860 1972 est.
2888 1917 2993 1973 Per
3018 1916 3350 1987 baptismum
3384 1924 3438 1973 te
3468 1916 3787 1973 cruciﬁxum

2197 2010 2458 2079 intellige,
2489 2008 2580 2077 qui
2617 2008 2919 2064 membrum
2950 2007 3021 2064 de
3055 2022 3285 2079 corpore
3307 2008 3428 2078 ejus
3456 2007 3681 2065 eﬂ'ectus
3704 2025 3788 2065 es.

2198 2104 2266 2160 Et
2305 2102 2397 2158 ille
2445 2101 2662 2173 quidem
2706 2101 2983 2156 innoxium
3030 2115 3233 2171 corpus
3273 2099 3577 2172 appendit,
3623 2110 3684 2154 ut
3730 2109 3790 2155 tu

2199 2197 2418 2254 noxium
2448 2193 2746 2266 suspendas
2778 2210 2811 2249 a
2833 2194 2976 2250 vitiis
2998 2235 3014 2263 ,
3055 2195 3111 2250 in
3144 2208 3252 2265 quo
3284 2194 3550 2266 mysterio
3577 2194 3791 2267 Moyses

2200 2296 2503 2360 serpentem
2529 2302 2729 2343 aereum
2754 2287 2807 2342 in
2831 2285 3050 2343 deserto
3072 2286 3380 2358 suspendit.

2276 2382 2346 2438 Ut
2364 2382 2660 2437 destruatur
2681 2397 2863 2452 corpus
2885 2381 3078 2451 peccati
3099 2397 3116 2435 :
3140 2388 3196 2435 ut
3219 2381 3361 2435 ultra
3382 2397 3482 2435 non
3503 2379 3793 2435 serviamus

2202 2483 2430 2548 peccato.
2473 2473 2586 2529 Hoc
2612 2479 2734 2539 est,
2778 2481 2838 2527 ut
2875 2472 3058 2528 omnia
3090 2471 3222 2527 vitia
3261 2472 3619 2537 destruantur,
3655 2471 3788 2541 quia

2204 2584 2368 2625 unum
2396 2566 2607 2636 vitium,
2642 2566 2943 2622 membrum
2970 2574 3055 2622 est
3080 2566 3287 2637 peccati
3317 2583 3332 2622 :
3361 2566 3559 2631 omnia,
3584 2580 3794 2634 cerpus

2204 2670 2398 2721 totum.
2430 2659 2679 2717 Christus
2708 2676 2815 2716 non
2841 2676 2909 2717 ex
2938 2670 3110 2731 parte,
3140 2659 3235 2716 sed
3262 2659 3470 2730 integer
3497 2668 3582 2715 est
3618 2658 3797 2714 cruci-

2206 2756 2365 2812 ﬁxus.
2395 2754 2522 2813 Sive
2550 2763 2609 2811 ut
2634 2769 2831 2825 corpus
2861 2760 3109 2809 nostrum
3134 2755 3448 2809 destruatur
3471 2766 3503 2807 a
3530 2751 3797 2807 servitute

2205 2851 2456 2924 peccati,
2501 2858 2556 2908 et
2597 2850 2691 2905 ﬁat
2724 2848 2955 2920 justitiae
2994 2847 3323 2919 mancipium
3348 2888 3365 2913 ,
3404 2845 3553 2918 quod
3584 2844 3796 2901 solebat

2208 2960 2331 3001 esse
2358 2944 2562 3001 delicti.
2593 2943 2781 3001 Omnis
2808 2942 2954 3002 enim
2984 2943 3075 3015 qui
3102 2941 3235 3000 facit
3262 2948 3571 3015 peccatum,
3603 2954 3796 2997 servus

600 3036 671 3093 Ut
702 3036 837 3091 sicut
863 3032 1092 3107 regnavit
1120 3036 1381 3102 peccatum
1408 3026 1463 3080 in
1493 3034 1727 3092 mortem,
1756 3025 1830 3079 ita
1857 3034 1905 3080 et
1936 3024 2107 3097 gratia
2209 3050 2293 3097 es;
2319 3040 2547 3112 ρθοεειί,

520 3140 697 3206 regnet
740 3146 833 3201 per
863 3127 1127 3199 justitiam
1173 3124 1227 3177 ἱη
1268 3125 1425 3176 vitam
1468 3130 1749 3211 απενηαηι,
1802 3137 1891 3192 Per
1931 3112 2181 3177 1(3me
2287 3134 2390 3200 Qui
2428 3133 2564 3188 enim
2603 3145 2837 3189 mortuus
2879 3144 2974 3201 est,
3018 3135 3339 3207 justificatus
3379 3141 3456 3188 est
3500 3149 3533 3187 a
3564 3142 3795 3204 peccato.

524 3226 785 3283 Christum
809 3219 1092 3276 Dominum
1130 3224 1386 3270 nostrum.
1427 3212 1580 3268 Sicut
1615 3210 1952 3268 abundanter
1979 3228 2111 3269 cou-

523 3321 792 3377 ﬁrmatum
817 3324 901 3373 est
921 3328 1151 3386 regnum
1172 3308 1401 3381 peccati,
1426 3321 1522 3377 per
1542 3314 1912 3376 contemptum
1936 3305 2068 3376 legis
2092 3323 2107 3363 :

525 3413 603 3468 ita
646 3420 701 3465 et
744 3421 970 3479 regnum
1020 3400 1207 3475 gratia:
1253 3397 1630 3463 conﬁrmetur,
1679 3410 1776 3466 per
1818 3396 2107 3451 multorum

525 3501 903 3559 remissionem
931 3504 1279 3568 peccatorum
1299 3533 1314 3559 ,
1346 3499 1403 3547 et
1430 3488 1825 3545 indesinentem
1853 3486 2110 3560 deinceps

524 3594 749 3666 iustitiae
774 3594 1059 3651 actionem.
1140 3655 1368 3718 CAPUT
1404 3655 1494 3711 VL

606 3774 745 3842 Quid
773 3790 890 3847 ergo
918 3774 1183 3828 dicemus?
1209 3769 1533 3826 Manebimus
1560 3768 1613 3823 in
1635 3778 1842 3843 peccato
1865 3786 1884 3826 :
1915 3778 1969 3824 ut
1994 3787 2113 3841 gra-

533 3870 607 3927 tia
641 3868 904 3924 abundet?
940 3866 1102 3921 Absit.
1138 3866 1239 3934 Qui
1283 3866 1417 3919 enim
1456 3864 1645 3918 mortui
1675 3879 1853 3918 sumus
1881 3873 2110 3934 peccato.

532 3964 612 4020 Ne
649 3980 757 4019 non
802 3961 1166 4033 intelligentes
1209 3961 1455 4017 dicereut
1488 3978 1499 4013 :
1534 3959 1590 4015 Si
1615 3960 1793 4030 gratia
1828 3959 2024 4015 crescit
2057 3960 2112 4015 iu

536 4056 903 4127 magnitudine
929 4054 1273 4121 delictorum,
1304 4067 1533 4124 peccare
1556 4051 1839 4121 debemus,
1864 4061 1921 4106 ut
1946 4052 2117 4122 possit

536 4148 709 4223 magis
738 4163 800 4205 ac
830 4148 1000 4219 magis
1027 4148 1198 4218 gratia
1227 4146 1534 4202 abundare.
1567 4144 1746 4201 Absit.
1778 4145 1890 4215 Ego
1917 4144 1987 4200 de
2011 4145 2117 4201 illis

533 4243 676 4309 dico,
706 4257 841 4315 quos
874 4242 946 4298 ita
978 4241 1113 4296 tides
1143 4240 1384 4306 invenit,
1425 4254 1533 4295 non
1572 4237 1642 4294 de
1671 4237 1857 4304 nobis,
1885 4236 1977 4308 qui
2002 4237 2116 4308 jam

536 4337 732 4395 mortui
763 4351 949 4393 sumus
978 4344 1222 4407 peccato,
1249 4341 1310 4390 ut
1332 4332 1502 4405 gratia
1533 4331 1867 4386 viveremus.

610 4430 880 4501 Quomodo
909 4429 1077 4485 adhuc
1101 4429 1323 4483 vivemus
1352 4427 1406 4480 in
1446 4424 1585 4478 illo?
1612 4422 1739 4478 Vult
1768 4430 1874 4478 tam
1901 4421 2116 4479 ﬁrmum

539 4540 665 4583 esse
695 4524 1045 4594 baptizatum,
1068 4531 1285 4591 tamque
1314 4516 1637 4588 perfectum.

606 4617 688 4672 An
716 4618 987 4691 ignoratis,
1021 4618 1228 4687 fratres.
1259 4613 1367 4666 Aut
1393 4607 1657 4680 numquid
1683 4607 1908 4666 nescitis
1938 4609 2117 4682 ipsum

533 4721 936 4769 sacramentum
968 4706 1331 4779 baptismatis.

611 4804 748 4871 Quia
788 4805 1095 4876 quicumque
1135 4797 1377 4871 baptizati
1418 4811 1595 4852 sumus
1635 4795 1693 4851 in
1729 4792 1937 4852 Christo
1969 4794 2117 4852 Iesu.

539 4897 739 4954 Tribus
783 4896 960 4953 modis
1002 4892 1332 4964 baptismum
1376 4890 1636 4961 accipitur
1676 4889 1731 4944 in
1771 4888 2067 4961 Scripturis
2103 4907 2118 4944 :

540 4997 732 5065 Aquae,
757 5000 810 5047 et
835 4991 1072 5061 Spiritus
1099 4987 1294 5054 sancti,
1321 4986 1412 5057 qui
1440 4994 1493 5040 et
1522 4982 1659 5056 ignis
1683 4982 1984 5055 appellatus
2013 4989 2121 5051 est,

541 5096 599 5144 et
627 5085 903 5156 sanguinis
935 5084 990 5139 in
1018 5080 1278 5155 martyrio
1297 5121 1311 5147 ,
1340 5079 1411 5135 de
1445 5093 1552 5150 quo
1584 5077 1832 5135 Salvator
1858 5075 2078 5135 dicebat
2105 5092 2119 5130 :

538 5179 817 5252 Baptismo
847 5178 1019 5234 habeo
1048 5174 1333 5247 baptizari.

610 5273 680 5328 In
705 5280 870 5327 morte
895 5272 1057 5341 ipsius
1086 5268 1332 5342 baptizati
1356 5283 1555 5323 sumus.
1582 5266 1653 5325 Ut
1679 5265 1755 5323 illi
1784 5264 2122 5323 commoria—

539 5386 663 5426 mur
688 5368 743 5425 in
771 5366 1061 5437 baptismo.

607 5464 912 5536 Consepulti
952 5462 1085 5517 enim
1121 5477 1299 5517 sumus
1338 5476 1455 5515 cum
1484 5458 1577 5513 illo
1606 5474 1695 5531 per
1727 5457 2038 5528 baptismum
2067 5456 2122 5510 in

538 5570 753 5615 mortem
776 5577 795 5615 :
824 5567 880 5613 ut
914 5557 1167 5627 quomodo
1199 5554 1429 5609 Christus
1457 5554 1678 5608 surrexit
1705 5570 1737 5606 η
1764 5553 1999 5618 mortuis,
2034 5567 2123 5621 per

542 5652 758 5723 gloriam
790 5652 965 5709 Patris
989 5666 1005 5701 :
1036 5650 1107 5702 ita
1132 5659 1179 5703 et
1209 5666 1298 5704 nos
1324 5650 1377 5703 in
1400 5647 1621 5703 novitate
1644 5646 1761 5701 vita:
1784 5643 2122 5701 ambulemus.

542 5745 787 5804 Ostendit
815 5761 915 5803 nos
946 5752 1227 5815 pr0pterea
1254 5744 1347 5821 ita-
1375 5739 1672 5814 baptizari,
1713 5748 1770 5797 ut
1795 5754 1893 5813 per
1925 5747 2127 5811 myste-

2212 3225 2325 3281 Hoc
2379 3224 2811 3292 est,falienatus
2861 3233 2947 3281 est
2990 3241 3022 3281 a
3069 3234 3313 3298 peccato.
3368 3224 3613 3281 Mortuus
3653 3226 3797 3282 enim

2211 3318 2435 3373 omnino
2458 3334 2564 3373 non
2595 3326 2800 3388 peccat.
2831 3317 2907 3373 Ita
2930 3328 2986 3374 et
3014 3319 3106 3390 qui
3132 3329 3290 3374 natus
3317 3326 3402 3374 est
3426 3317 3495 3374 de
3518 3318 3655 3387 Deo,
3688 3333 3798 3374 non

2213 3420 2419 3482 peccat.
2469 3410 2770 3466 Crueiﬁxus
2809 3412 2953 3467 enim
2996 3412 3251 3468 omnibus
3296 3410 3559 3467 membris
3606 3410 3799 3468 dolore

2212 3505 2513 3576 occupatis,
2536 3520 2761 3576 peccare
2789 3505 2877 3561 vix
2900 3507 3119 3575 poterit.

2285 3598 2345 3654 Si
2374 3607 2546 3653 autem
2572 3600 2762 3655 mortui
2785 3615 2961 3655 sumus
2987 3616 3105 3654 cum
3132 3596 3362 3669 Christo,
3391 3598 3642 3655 credimus
3667 3599 3795 3671 quia

2213 3689 2368 3745 simul
2415 3690 2569 3745 etiam
2613 3692 2834 3747 vivemus
2870 3708 2987 3747 cum
3035 3692 3153 3748 illo.
3207 3692 3265 3749 Si
3317 3691 3640 3748 commortui
3685 3707 3799 3748 non

2215 3800 2401 3840 sumus
2432 3828 2447 3854 ,
2503 3799 2605 3843 nec
2652 3785 3001 3843 convivemus
3048 3803 3065 3845 :
3116 3784 3242 3858 quia
3288 3786 3406 3858 ejus
3449 3803 3558 3843 non
3612 3801 3801 3842 sumus

2217 3877 2481 3933 membra.

2289 3968 2518 4024 Scientes
2560 3971 2699 4041 quod
2728 3968 2964 4026 Christus
3001 3987 3271 4044 resurgens
3307 3986 3373 4026 ea:
3412 3972 3651 4040 mortuis,
3686 3974 3799 4045 jam

2219 4076 2321 4114 non
2350 4062 2570 4115 moritur
2597 4078 2616 4115 :
2647 4078 2786 4117 mors
2814 4061 2894 4115 illi
2923 4060 3061 4116 ultra
3100 4079 3201 4117 non
3231 4063 3601 4118 dominabitur.
3642 4062 3715 4117 Ita
3747 4071 3803 4116 et

2220 4170 2319 4212 nos
2340 4155 2385 4210 si
2408 4155 2493 4211 hic
2511 4155 2792 4212 voluntate
2815 4156 3015 4212 mortui
3045 4155 3348 4213 fuerimus:
3376 4156 3664 4213 secundam
3692 4171 3802 4210 non

2219 4248 2530 4303 timebimus
2569 4255 2821 4305 mortem.
2862 4248 2987 4304 Sive
3022 4249 3137 4318 jam
3178 4265 3287 4305 non
3331 4250 3556 4320 potestis
3604 4248 3802 4303 iterum

2220 4328 2504 4410 baptizari,
2533 4341 2658 4411 quia
2685 4339 2936 4395 Christus
2966 4356 3073 4396 non
3099 4349 3277 4411 potest
3304 4356 3403 4412 pro
3427 4341 3578 4396 vobis
3601 4342 3806 4398 lterum

2221 4432 2461 4503 crucitigi
2503 4450 2516 4487 :
2561 4432 2700 4487 sicut
2738 4432 2870 4487 dicit
2908 4433 2977 4489 ad
3008 4432 3267 4490 Hebraeos
3301 4452 3314 4487 :
3361 4432 3696 4504 lmpossibile
3720 4442 3812 4490 est

2148 4512 2203 4575 D
2226 4540 2341 4588 eos,
2367 4524 2458 4594 qui
2486 4524 2656 4579 semel
2687 4523 2978 4581 illuminati
3003 4535 3159 4593 sunt,
3190 4534 3296 4581 etc.
3322 4525 3529 4595 Quibus
3558 4540 3665 4583 non
3691 4540 3811 4596 pte-

2224 4617 2504 4673 nitentiam
2558 4625 2766 4688 negat,
2818 4618 2915 4674 sed
2955 4617 3304 4676 iterationem
3352 4618 3610 4693 baptismi
3663 4616 3812 4674 ditii-

2224 4722 2386 4769 tetur.

2301 4803 2452 4871 Quod
2482 4804 2618 4859 enim
2642 4814 2871 4861 mortuus
2899 4815 2976 4864 est
3007 4814 3238 4878 peccato,
3269 4816 3504 4861 mortuus
3534 4815 3608 4863 est
3627 4806 3813 4862 semel.

2226 4895 2362 4966 Quia
2384 4899 2499 4969 ipse
2522 4908 2743 4968 peccata
2764 4908 2944 4971 nostra
2966 4898 3218 4972 portavit,
3240 4906 3296 4955 et
3317 4912 3414 4970 pro
3435 4898 3591 4956 nobis
3610 4897 3810 4968 doluit,

2228 5007 2294 5047 ne
2320 4992 2387 5047 de
2414 5000 2615 5047 caetero
2638 5006 3010 5063 peccaremus.

2300 5083 2454 5150 Quod
2479 5092 2648 5137 autem
2677 5083 2830 5153 vivit,
2876 5084 2995 5139 vivit
3034 5082 3164 5141 Deo.
3203 5082 3352 5141 Vivit
3388 5081 3443 5141 in
3480 5081 3650 5155 gloria
3689 5080 3815 5140 dci-

2226 5176 2371 5232 tatis.

2297 5268 2326 5323 1
2333 5278 2383 5324 ta
2410 5280 2459 5324 et
2500 5285 2587 5324 ros
2614 5270 2899 5325 existimate
2942 5287 3029 5326 vos
3057 5279 3287 5327 mortuos
3315 5270 3518 5337 quidem
3554 5284 3663 5324 esse
3690 5284 3815 5341 pec-

2227 5370 2340 5417 cato
2361 5379 2379 5416 :
2406 5363 2623 5417 viventes
2643 5370 2812 5416 autem
2836 5363 2963 5430 Deo,
2986 5365 3040 5418 in
3060 5362 3258 5419 Christo
3278 5360 3422 5419 Iesu.
3449 5362 3616 5431 Quasi
3640 5378 3816 5419 mem-

2226 5456 2322 5511 bra
2351 5454 2467 5524 ejus
2504 5455 2675 5509 semel
2711 5468 2807 5509 vos
2850 5455 3047 5511 scitote
3072 5465 3446 5512 commortuos
3472 5454 3674 5511 debere
3696 5455 3813 5525 jam

2226 5560 2441 5615 semper
2462 5544 2646 5601 vivere
2671 5546 2781 5601 Deo
2803 5545 2856 5599 in
2875 5545 3113 5617 Christo,
3138 5548 3191 5605 in
3212 5561 3321 5619 quo
3344 5547 3455 5603 vita
3483 5558 3668 5604 nostra
3690 5548 3818 5602 abs-

2227 5634 2442 5694 condita
2473 5643 2559 5692 est
2586 5635 2731 5706 apud
2757 5635 2924 5694 Deum
2955 5654 2970 5693 :
3002 5651 3164 5709 quem
3192 5636 3367 5696 induit
3400 5655 3415 5694 :
3459 5639 3580 5709 ejus
3618 5653 3813 5712 sequa-

2227 5748 2348 5792 mur
2371 5730 2701 5804 exemplum.
