4056 6330
450 235 553 292 67ῗί
1474 233 1531 292 S.
1576 231 1959 295 lllERONYMl
1996 229 2278 291 OPILRUM
2318 230 2707 295 MANTISSA.,
3620 230 3731 291 (:76

444 348 710 417 Quamdiu
750 348 878 404 vivit
908 350 1009 419 vir,
1039 346 1238 404 tamdiu
1283 346 1356 403 illi
1390 345 1685 403 secundum
1714 345 1831 416 ejus
1859 344 2025 400 solius
2052 346 2106 417 Α
2130 343 2182 399 id
2204 350 2306 408 est,
2332 342 2420 412 qui
2444 342 2674 414 primum
2706 337 2799 396 Dei
2824 338 3073 397 mandata
3097 340 3374 421 cognoscit
3398 357 3413 415 ;
3440 356 3566 398 cum
3589 357 3734 403 con-

445 458 669 500 necesse
694 452 777 499 est
796 442 980 499 vivere
1002 442 1334 501 voluntatem
1360 456 1373 494 :
1397 456 1517 495 cum
1541 448 1745 503 autem,
1775 436 1870 492 illo
1889 452 2033 493 mor-

445 543 562 605 tuo,
586 538 691 593 alio
724 536 837 592 viro
862 534 1056 590 mulier
1084 532 1245 589 fuerit
1268 532 1540 604 copulata,
1564 530 1674 602 jam
1707 546 1816 587 non
1842 528 1919 585 illi
1948 543 2031 587 se-

447 630 679 687 cundum
706 628 899 699 prioris
923 628 1021 682 viri
1062 626 1504 684 consuetudinem
1526 635 1610 682 est
1630 624 1939 681 vivendum.

516 725 721 793 Itaque,
755 722 943 793 fratres
976 722 1095 790 mei,
1130 731 1176 777 et
1200 738 1288 779 vos
1318 721 1615 791 mortiﬁcati
1636 719 1755 775 estis
1779 718 1898 790 legi.
1926 717 2032 774 No—

446 816 545 873 luit
585 817 735 887 juxta
769 818 1261 895 comparationem,
1305 820 1474 897 legem
1524 816 1631 885 illis
1661 816 1843 877 dicere
1889 829 2033 869 mor-

446 921 591 966 tuam
620 928 634 967 :
661 911 752 966 sed
775 909 919 983 quod
950 911 1129 969 verbis
1149 911 1229 968 cis
1256 911 1439 975 dicere
1463 927 1568 969 non
1594 909 1847 978 audebat,
1875 908 2033 965 intel-

446 1005 607 1077 lectui
640 1005 944 1077 dereliquit.

522 1098 627 1153 Per
655 1116 841 1168 corpus
884 1097 1094 1171 Christi,
1128 1107 1186 1154 ut
1232 1098 1346 1155 sitis
1394 1099 1608 1155 alterius
1638 1100 1734 1159 uiri
1770 1116 1786 1153 :
1838 1098 1928 1171 qui
1970 1114 2034 1157 ea;

447 1193 661 1247 mortuis
686 1193 986 1259 resurrexit,
1018 1202 1074 1247 ut
1104 1192 1424 1266 fructi/iactis
1456 1191 1581 1247 Deo.
1616 1191 2033 1248 Comtnoriendo

447 1280 685 1352 Christo,
714 1284 805 1355 qui
828 1284 1104 1342 damnavit
1128 1293 1405 1355 peccatum
1434 1286 1487 1341 in
1515 1300 1701 1340 carne.

519 1378 649 1436 Cum
676 1381 810 1436 enim
837 1396 1059 1436 essemus
1086 1380 1138 1433 in
1163 1396 1321 1434 carne
1339 1424 1351 1448 ,
1382 1381 1648 1450 passiones
1675 1387 2031 1450 peccatorum,

447 1490 560 1543 qua:
580 1492 670 1545 per
699 1475 860 1546 legem
884 1482 1053 1539 erant,
1094 1474 1439 1543 operabantur
1468 1474 1521 1527 in
1552 1471 1790 1527 membris
1822 1473 2028 1527 nostris.

447 1565 581 1621 Cum
612 1582 855 1623 essemus
888 1568 940 1623 in
972 1566 1176 1622 carnali
1204 1567 1637 1632 conversatione,
1686 1567 1865 1637 passio
1904 1581 2035 1622 con-

447 1660 795 1727 cupiscentia:
824 1660 1150 1732 operabatur
1171 1661 1224 1716 in
1246 1659 1416 1717 oculis
1441 1678 1455 1714 :
1481 1669 1534 1715 et
1550 1661 1602 1715 in
1625 1660 1837 1716 caeteris
1864 1675 2034 1715 mem-

2133 434 2475 495 suctudinetn
2506 434 2667 490 habet
2694 432 3061 505 delinquendi.

2210 529 2349 584 Nam
2385 528 2849 601 concupiscentiam
2880 528 3185 599 nesciebam,
3219 528 3322 583 nisi
3367 526 3450 584 tea:
3493 528 3682 585 diceret
3709 546 3728 585 :

2136 620 2257 677 Non
2281 622 2629 693 concupisces.
2660 620 2777 677 Non
2807 619 2971 688 dixit;
3004 636 3109 678 non
3140 618 3430 689 habebam,
3466 630 3579 691 aut,
3614 638 3727 678 non

2132 714 2396 771 faciebam
2426 731 2439 768 :
2470 714 2589 782 sed,
2619 713 2965 770 nesciebam:
3006 714 3108 770 hoc
3129 722 3232 781 est,
3262 713 3569 787 nesciebam
3594 729 3730 771 con-

2132 806 2519 887 cupiscentiam
2562 821 2683 863 esse
2726 814 3029 877 peccatum.
3073 805 3207 862 Item
3255 805 3393 861 sicut
3445 806 3627 867 iumen
3673 808 3728 863 in

2133 900 2398 969 tenebris,
2456 900 2542 956 vel
2584 898 2992 966 oll‘endiculum,
3044 900 3130 955 vel
3180 898 3394 954 foveam
3446 900 3722 957 OStendit:

2139 992 2413 1059 similiter,
2442 1002 2497 1048 et
2526 992 2612 1049 lex
2626 991 3061 1063 pratcavendum,
3092 999 3148 1047 et
3174 990 3576 1047 observandum
3605 1007 3725 1048 esse

2138 1100 2169 1140 a
2219 1084 2452 1155 peccatis
2499 1086 2625 1140 t‘acit
2672 1085 2917 1169 notitiam
2966 1093 3349 1154 peccatorum:
3401 1095 3456 1139 et
3500 1103 3595 1157 per
3626 1085 3726 1145 hoc

2137 1176 2309 1249 legem
2340 1186 2581 1234 sanctam
2613 1178 2889 1235 etbonam
2921 1194 3040 1235 esse
3070 1178 3325 1234 dicimus.

2212 1271 2497 1328 Occasione
2527 1283 2697 1327 autem
2746 1283 2978 1345 accepta,
3012 1283 3278 1343 peccatum
3315 1287 3406 1346 per
3430 1275 3726 1331 mandatum

2135 1380 2399 1440 Operatum
2431 1377 2501 1422 est
2527 1368 2579 1423 in
2603 1384 2704 1422 me.
2732 1367 2831 1423 llic
2858 1377 3137 1439 peccatum
3161 1367 3437 1431 diabolum
3468 1368 3719 1441 appellat,

2134 1459 2275 1516 sicut
2306 1462 2357 1515 in
2383 1460 2708 1532 Apocalypsi
2738 1460 3047 1516 nominatur
3080 1476 3094 1515 :
3128 1459 3335 1516 scilicet
3372 1470 3561 1516 auctor
3610 1476 3725 1532 pec-

2134 1553 2259 1609 cati.
2294 1552 2435 1609 Dicit
2477 1568 2607 1624 ergo
2637 1554 2981 1609 occasionem
3014 1551 3285 1607 mandati:
3325 1552 3465 1629 quod
3495 1568 3726 1609 excusa-

2135 1648 2337 1705 tionem
2397 1647 2716 1719 ignorantiae
2776 1646 3021 1702 abstulit.
3079 1646 3303 1702 Gravius
3360 1640 3503 1703 enim
3563 1646 3723 1712 facit,

445 1753 559 1808 bris
588 1763 798 1809 camena
821 1754 1142 1825 passiones;
1172 1771 1291 1826 qua;
1324 1764 1503 1813 tamen
1532 1769 1627 1829 per
1656 1754 1828 1825 legem
1852 1762 2034 1813 osten-
2063 1741 2111 1801 B
2138 1760 2296 1825 quam
2327 1753 2451 1799 ante
2477 1728 2701 1815 peccare
2728 1760 2741 1797 :
2772 1744 2909 1798 sicut
2938 1741 3115 1817 omnis
3143 1741 3355 1805 invidus
3392 1748 3525 1799 tunc
3548 1741 3717 1812 magis

449 1840 717 1899 debantur
764 1861 888 1901 esse
950 1834 1199 1917 peccata.
1250 1843 1379 1901 item
1431 1847 1483 1899 in
1538 1861 1697 1900 carne
1744 1856 1827 1901 est
1870 1863 1883 1898 :
1940 1847 2034 1917 qui

447 1938 727 1993 voluntate
757 1938 938 1994 carnis
965 1938 1215 1994 ducitur:
1248 1948 1301 1993 et
1328 1938 1432 2010 legi
1467 1937 1557 1993 Dei
1584 1937 1809 1993 obedire
1848 1937 2033 2019 probi—

448 2031 651 2087 betur:
696 2030 818 2102 quia
870 2047 975 2087 non
1028 2040 1207 2100 potest
1250 2028 1463 2087 duobus
1514 2030 1750 2086 dominis
1803 2030 2029 2086 servire.

446 2121 599 2179 Nunc
635 2132 816 2178 autem
846 2123 1018 2195 gratia
1053 2124 1288 2196 Spiritus
1332 2123 1523 2189 sancti,
1562 2122 1709 2179 docti
1752 2122 2033 2193 passiones

444 2216 789 2285 vincere,‘,in
841 2232 1006 2272 carne
1052 2233 1157 2271 non
1192 2231 1399 2286 sumus,
1430 2216 1554 2288 quia
1607 2216 1803 2274 mortui
1848 2232 2033 2272 sumus

441 2312 572 2381 legi,
605 2328 723 2383 quae
752 2311 1056 2367 doctrinam
1086 2313 1277 2382 gratia:
1299 2329 1406 2369 non
1439 2313 1700 2369 continet.

521 2403 587 2459 Ut
610 2405 983 2476 fructiﬁcarent
1007 2406 1181 2461 morti.
1212 2405 1281 2462 Ut
1301 2420 1397 2461 nos
1426 2405 1561 2477 legis
1579 2404 1840 2461 severitas
1863 2403 2033 2461 inter-

445 2497 654 2552 ticeret.

519 2586 678 2642 Nunc
703 2597 873 2644 autem
896 2589 1055 2645 soluti
1076 2606 1251 2647 sumus
1273 2606 1303 2642 a
1327 2588 1435 2663 lege
1458 2589 1661 2656 mortis,
1692 2589 1747 2642 in
1775 2606 1879 2663 qua
1904 2588 2032 2655 deti—

444 2683 708 2739 nebamur.
762 2685 1056 2742 Morientes
1111 2695 1355 2759 peccato,
1407 2686 1460 2741 in
1506 2702 1612 2759 quo
1657 2683 2033 2741 detinebamur

465 2791 495 2831 a
524 2774 662 2845 lege.

516 2864 601 2919 Ita
646 2874 704 2920 ut
748 2867 1029 2923 serviamus
1058 2868 1112 2927 in
1157 2869 1381 2925 novitate
1430 2869 1663 2943 spiritus.
1720 2866 2032 2941 Spiritualis

442 2960 631 3030 gratia:
660 2961 965 3032 praeceptis,
996 2971 1050 3016 et
1079 2978 1183 3018 non
1219 2963 1411 3019 littera:
1455 2962 1606 3035 legis.
1639 2962 1770 3018 Item
1799 2961 2031 3018 servitus

438 3067 579 3108 nova
602 3062 715 3118 est,
742 3069 847 3108 non
880 3053 1106 3126 diligere
1138 3055 1392 3111 mundum
1420 3097 1436 3124 ,
1470 3071 1645 3126 neque
1672 3072 1735 3112 ea
1764 3071 1883 3127 quae
1906 3065 2031 3111 sunt

443 3145 497 3201 in
539 3145 740 3201 mundo
776 3163 789 3199 :
822 3154 877 3201 et
905 3147 1081 3204 carnis
1112 3164 1295 3204 curam
1322 3165 1426 3205 non
1458 3148 1638 3205 facere
1684 3148 1738 3203 in
1769 3147 2030 3219 concupi-
2061 3134 2107 3201 C

446 3240 692 3305 scentiis.
736 3240 846 3297 Lex
883 3242 1026 3298 enim
1056 3242 1193 3299 bona
1229 3256 1387 3299 terrae
1425 3243 1773 3315 promittens,
1826 3244 2033 3299 nutrire

448 3336 599 3391 novit
627 3344 929 3393 amatorum
957 3337 1137 3393 carnis
1166 3335 1456 3395 desideria.
1483 3336 1637 3392 Juste
1666 3335 1754 3391 bic
1784 3333 2031 3405 discipuli

444 3425 573 3483 Iesu
619 3427 722 3499 legi
755 3430 952 3485 mortui
990 3440 1136 3499 sunt,
1164 3431 1422 3505 quoniam
1454 3428 1657 3486 mundo
1682 3427 2027 3485 abrenuntia-

446 3527 663 3573 verunt.

516 3610 582 3665 Et
618 3628 717 3666 non
756 3613 811 3666 in
837 3621 1084 3667 vetustate
1109 3613 1313 3668 litterte.
1353 3611 1505 3668 Nunc
1542 3613 1764 3685 scriptae
1789 3620 1842 3668 et
1870 3621 2029 3667 natu-

448 3704 582 3759 ralis
614 3704 745 3774 legis
783 3703 909 3758 facit
950 3706 1278 3761 mentionem
1306 3722 1321 3761 :
1353 3706 1477 3777 quia
1513 3706 1711 3776 scripta
1743 3707 1828 3762 lex
1858 3715 1911 3763 et
1940 3723 2032 3760 na-

443 3795 674 3851 turalem
713 3796 971 3850 continet.
1004 3795 1170 3851 Inlert
1200 3806 1376 3852 autem
1405 3799 1591 3854 dicens
1624 3816 1635 3850 :
1672 3798 1803 3853 Nam
1833 3813 2033 3854 concu-

446 3886 764 3961 piscentiam
818 3886 1122 3942 nesciebam
1180 3889 1282 3943 nisi
1337 3905 1434 3960 per
1484 3890 1676 3962 legem.
1732 3891 2029 3947 Personam

441 3980 655 4053 juvenis
678 3982 1165 4048 sumit,0stendcre
1190 3982 1399 4050 volens,
1423 3988 1543 4056 quia
1567 3986 1818 4055 quamdiu
1846 4001 2031 4041 sumus

443 4074 697 4141 infantes,
731 4073 952 4130 omnino
975 4073 1102 4146 quid
1125 4077 1195 4132 sit
1220 4079 1660 4147 concupiscentia
1693 4066 2027 4150 ignoramus.

442 4165 574 4221 Cum
636 4176 815 4221 autem
879 4182 1128 4224 crescere
1176 4170 1523 4240 coeperimus,
1574 4160 1783 4225 initium
1835 4172 2031 4241 accipit

444 4258 879 4329 concupiscentia
904 4260 1047 4329 (qua:
1066 4277 1095 4315 a
1122 4261 1240 4333 lege
1274 4262 1541 4332 prohibita
1571 4262 1677 4332 est)
1712 4266 1763 4316 in
1790 4272 2026 4317 nostram

443 4351 734 4421 pervenire
787 4350 1053 4418 notitiam,
1100 4340 1220 4406 cum
1261 4352 1371 4421 jam
1416 4352 1684 4423 possimus
1715 4351 2027 4408 discernere

441 4443 642 4502 bonum
674 4454 727 4500 et
751 4446 972 4500 malum.

2137 1841 2479 1909 occasionem
2530 1836 2761 1897 nocendi
2818 1835 3201 1906 amplectitur,
3253 1835 3468 1907 quando
3518 1833 3720 1906 aliquid

2136 1933 2494 1990 connnittitur
2520 1932 2593 1997 ei,
2620 1908 2710 1986 fcui
2744 1930 2834 1985 ille
2861 1929 3082 1985 molitur
3108 1928 3357 1985 insidias.

2213 2026 2433 2082 Omnem
2477 2024 2966 2097 concupiscentiam.
2997 2022 3128 2099 Quae
3170 2021 3351 2078 fuerat
3396 2020 3516 2097 lege
3547 2018 3726 2105 prohi-

2142 2118 2280 2177 bita.
2884 2184 2889 2193 ι

2210 2214 2337 2269 Sine
2360 2212 2469 2286 lege
2497 2210 2823 2277 enim,Pene
2854 2210 2941 2265 lex
2971 2207 3025 2263 in
3056 2204 3335 2263 oblivione
3356 2216 3473 2263 erat
3506 2215 3723 2263 natura—

2137 2304 2226 2371 lis,
2252 2321 2371 2376 qua:
2398 2286 2737 2379 suggerebat,
2765 2302 2891 2377 quid
2924 2301 2997 2363 sit
3035 2308 3319 2374 peccatum
3348 2317 3362 2354 :
3398 2300 3600 2355 idcirco
3639 2299 3726 2355 lex

2136 2398 2333 2455 littera:
2390 2398 2718 2469 superducta
2771 2384 2855 2455 est
2908 2413 2923 2455 :
2968 2404 3025 2463 ut
3078 2404 3452 2467 commoneret
3500 2392 3717 2448 oblitos.

2135 2493 2294 2562 Item,
2319 2492 2365 2549 si
2396 2508 2519 2548 cum
2550 2492 2634 2565 lex
2663 2507 2769 2546 non
2803 2484 2966 2560 esset,
3000 2497 3274 2560 peccatum
3300 2498 3563 2545 mortuum
3590 2496 3674 2543 est
3698 2502 3715 2540 :

2136 2568 2416 2642 Insaniunt
2461 2583 2552 2658 qui
2594 2586 2659 2640 de
2690 2584 2860 2639 Adam
2902 2568 3005 2679 per
3039 2568 3315 2637 traducem
3364 2587 3606 2636 asserunt
3652 2577 3723 2633 ad

2135 2695 2233 2736 nos
2266 2679 2451 2737 venire
2483 2687 2782 2759 peccatum.
2816 2672 3109 2748 Propterea
3138 2672 3227 2730 hic
3256 2673 3410 2742 dicit,
3441 2681 3727 2745 peccatum

2136 2782 2406 2829 mortuum
2437 2780 2554 2827 est:
2585 2762 2711 2853 quia
2740 2770 2792 2825 in
2813 2768 3126 2854 infantibus,
3162 2768 3251 2838 qui
3275 2767 3395 2823 sine
3423 2766 3542 2838 lege
3579 2776 3725 2833 sunt,

2137 2880 2245 2920 non
2277 2863 2430 2931 vivit,
2463 2862 2513 2917 id
2547 2865 2652 2929 est,
2682 2862 2909 2933 impune
2932 2858 3310 2939 committitur.
3342 2859 3475 2915 Nam
3506 2859 3729 2915 maledi-

2136 2968 2293 3014 cente
2341 2955 2544 3013 infante
2598 2956 2941 3035 parentibus,
2986 2944 3201 3010 videtur
3244 2969 3365 3010 esse
3421 2963 3725 3026 peccatum,

2139 3065 2247 3106 non
2284 3062 2461 3105 tamen
2493 3050 2697 3115 vivum,
2728 3048 2824 3104 sed
2865 3038 3159 3104 mortuum.

2211 3143 2488 3199 Peccatum
2516 3151 2777 3198 mortuum
2808 3151 2937 3201 erat.
2982 3139 3124 3198 Puer
3150 3140 3277 3195 licet
3319 3149 3531 3211 peccet,
3585 3155 3725 3195 mor-

2137 3247 2288 3295 tuum
2318 3248 2403 3295 est
2450 3239 2506 3296 in
2546 3255 2611 3296 eo
2642 3220 2922 3309 peccatum
2952 3256 2964 3293 :
2998 3238 3123 3313 quia
3155 3252 3263 3292 non
3311 3244 3397 3292 est
3434 3235 3544 3308 legi
3596 3234 3726 3291 sub-

2131 3331 2333 3409 jectus.
2616 3326 2619 3329 ¹
2878 3332 2883 3339 ’

2208 3425 2321 3500 Ego
2348 3436 2517 3483 autent
2550 3422 2771 3482 vivebam
2800 3426 2909 3482 sine
2948 3426 3057 3499 lege
3096 3416 3398 3499 aliquando.
3430 3423 3595 3493 Quasi
3636 3421 3725 3496 ju-

2133 3528 2276 3577 stum
2296 3530 2349 3577 et
2370 3520 2597 3576 liberum
2617 3518 2798 3576 vivere
2819 3535 2919 3601 me
2930 3520 3183 3591 putabam
3209 3534 3223 3571 :
3255 3520 3371 3575 sive
3397 3518 3448 3575 in
3473 3515 3728 3601 prtesenti

2134 3613 2401 3669 vivebam.
2433 3612 2601 3680 Item,
2642 3628 2764 3670 cum
2811 3588 2992 3695 auiem
3042 3629 3175 3685 puer
3209 3628 3423 3683 essem,
3468 3594 3572 3683 legi
3626 3611 3726 3667 ob-

2134 3722 2329 3765 IIOXIUS
2359 3723 2464 3763 non
2491 3722 2636 3763 eram
2646 3746 2661 3762 .

2208 3799 2315 3856 Sed
2346 3816 2460 3856 cum
2490 3776 2704 3855 venisset
2732 3798 3057 3878 mandatum.
3090 3795 3149 3855 In
3182 3798 3289 3853 line
3323 3793 3610 3855 oblivionis
3636 3808 3725 3851 re-

2133 3894 2408 3966 cognitum
2454 3903 2537 3949 cst
2582 3902 2899 3965 peccatum,
2958 3892 3283 3949 adveniente
3332 3890 3590 3946 mandato
3623 3906 3635 3943 :
3667 3896 3727 3942 ut

2134 3986 2310 4043 omnis
2340 3983 2433 4057 qui
2460 3984 2593 4041 illud
2627 3984 2836 4050 iecerit,
2866 3994 3142 4047 mortuum
3170 3998 3228 4039 sc
3255 3997 3376 4039 esse
3401 3987 3718 4051 cognoscat.

2205 4076 2485 4131 Peccatum
2525 4076 2729 4132 revixit.
2772 4075 2874 4133 Ubi
2913 4076 3144 4143 adolevi,
3178 4083 3231 4131 et
3276 4072 3415 4145 ccepi
3455 4087 3577 4128 esse
3624 4069 3724 4126 sub

2132 4169 2286 4239 lege:
2319 4179 2373 4226 et
2403 4169 2684 4239 delictum,
2719 4168 2863 4241 quod
2886 4184 3007 4226 cum
3036 4183 3212 4225 essem
3256 4182 3409 4237 puer,
3446 4182 3543 4235 per
3575 4165 3725 4234 igno-

2131 4263 2364 4318 rantiam
2415 4274 2532 4319 erat
2579 4264 2633 4319 in
2687 4279 2774 4317 me
2815 4271 3112 4327 mortuum,
3157 4258 3355 4315 revixit
3385 4259 3435 4312 in
3479 4271 3563 4312 me
3600 4256 3721 4324 lege

2131 4355 2468 4414 dominante.
2514 4356 2592 4413 Ita
2637 4371 2790 4426 ergo,
2830 4355 3022 4427 inquit,
3070 4352 3399 4413 mandatum,
3429 4348 3565 4433 quod
3602 4356 3725 4401 erat

2132 4449 2201 4504 ad
2230 4451 2393 4505 vitam
2423 4448 2630 4519 datum,
2665 4450 2771 4504 llOC
2807 4447 2939 4515 mihi
2962 4448 3015 4502 in
3046 4456 3280 4502 tnortem
3308 4445 3577 4499 inventum
3612 4449 3719 4507 est,

515 4538 656 4606 Quid
678 4554 799 4609 ergo
820 4536 1086 4591 dicemus?
1113 4535 1221 4591 Lea:
1248 4546 1514 4609 peccatum
1544 4540 1653 4593 est?
1694 4538 1826 4607 Quia
1857 4540 1923 4595 ab
1962 4556 2027 4598 ea
2054 4538 2108 4602 D
2134 4546 2379 4618 pueritiae
2428 4544 2856 4615 consuetudine,
2914 4551 2970 4598 et
3022 4556 3174 4598 more
3223 4538 3500 4612 peccandi.
3555 4535 3686 4591 Item
3707 4576 3723 4600 ,

443 4648 659 4703 semper
688 4640 916 4687 mortetn
954 4630 1163 4686 dixerat
1193 4645 1316 4686 esse
1360 4630 1615 4686 solutam.
1646 4631 1779 4686 Item
1809 4648 1875 4688 ex
1903 4634 2026 4689 hinc

446 4728 563 4784 vult
594 4725 924 4783 ostendere:
976 4728 1231 4797 quoniam
1278 4742 1384 4781 non
1425 4726 1781 4782 custodiendo
1827 4729 2023 4799 legem,

439 4838 548 4879 non
580 4822 680 4877 fuit
708 4821 841 4893 legis
870 4808 1177 4887 infirmitas,
1205 4820 1301 4876 sed
1327 4820 1577 4877 humana:
1599 4821 1910 4879 voluntatis.
1941 4823 2027 4879 Di-

441 4916 613 4983 cendo
636 4922 812 4981 autem
836 4932 848 4967 :
873 4913 1161 4969 Peccatum
1189 4930 1295 4969 non
1320 4915 1569 4986 cognovi,
1592 4915 1692 4971 nisi
1713 4916 2022 4989 perlegem':

440 5023 727 5081 personam
755 5007 902 5078 pueri
933 5007 1181 5074 assumit,
1209 5008 1297 5081 qui
1333 5023 1427 5078 per
1449 5009 1625 5064 aetatis
1656 5009 2025 5067 inﬁrmitatem

438 5092 547 5171 legi
572 5091 838 5154 obnoxius
864 5116 968 5155 nun
996 5110 1116 5155 est:
1152 5100 1245 5156 sed
1276 5101 1364 5156 ubi
1407 5100 1729 5169 adoleverit,
1769 5102 1870 5158 sub
1907 5103 2024 5175 lege

441 5210 565 5252 esse
601 5192 809 5263 incipit,
844 5203 897 5249 et
920 5195 1169 5250 mandata
1201 5178 1551 5266 cognoscere.

514 5286 680 5341 Absit.
706 5282 907 5342 Contra
936 5286 1277 5342 Manichacus.
1302 5287 1457 5355 Quod
1481 5289 1524 5343 si
1553 5285 1814 5356 dixerint,
1848 5288 2025 5344 timuit

440 5380 753 5437 scandalum
780 5398 792 5435 :
826 5395 1042 5452 semper
1062 5398 1189 5453 ergo
1215 5382 1416 5450 timuit,
1441 5391 1496 5439 et
1524 5398 1810 5454 numquam
1833 5396 2020 5441 contra

442 5472 615 5542 legem
669 5473 881 5527 locutus
927 5481 1031 5528 est.
1071 5473 1226 5530 Unde
1266 5489 1397 5546 ergo
1432 5490 1528 5531 vos
1582 5476 1831 5545 audistis,
1880 5476 2023 5548 quod

442 5564 535 5621 ille
564 5581 672 5621 non
706 5566 866 5624 fecit?
1038 5566 1043 5571 ’

517 5657 621 5711 Sed
649 5670 913 5733 peccatum
942 5674 1047 5713 non
1091 5660 1325 5730 cognovi,
1360 5660 1462 5715 nisi
1502 5678 1592 5733 per
1625 5662 1805 5735 legem.
1844 5660 1942 5719 Hic
1970 5663 2022 5719 in

445 5758 677 5843 persona
714 5751 831 5819 ejus
877 5749 1111 5808 hominis
1142 5752 1401 5826 loquitur,
1441 5753 1531 5824 qui
1576 5752 1750 5825 legem
1793 5756 2024 5826 accepit,

2132 4638 2257 4709 quia
2297 4638 2512 4693 vixerat
2557 4652 2653 4708 per
2685 4637 2986 4693 naturalem
3019 4635 3332 4702 scientiam,
3364 4640 3419 4689 et
3449 4640 3721 4686 mortuum

2132 4731 2308 4787 fuerat
2365 4746 2459 4801 per
2490 4731 2843 4799 oblivionem,
2895 4730 3019 4787 ideo
3062 4729 3265 4785 dicitur
3310 4727 3576 4784 revixisse
3625 4740 3725 4795 per

2131 4824 2327 4895 legem.

2204 4915 2318 4992 Ego
2340 4929 2515 4973 autem
2542 4927 2772 4974 mortuus
2798 4935 2930 4974 sum.
2972 4918 3107 4986 Quia
3140 4917 3320 4973 sciens
3346 4912 3720 4987 prmvaricavi.

2208 5010 2276 5065 Et
2320 5012 2579 5066 inuentum
2628 5024 2705 5067 est
2742 5013 2867 5066 mihi
2914 5011 3242 5078 mandatum,
3299 5009 3437 5080 quod
3488 5016 3598 5062 erat
3653 5012 3723 5058 att

2131 5103 2310 5171 vitam,
2356 5103 2451 5158 hoc
2480 5120 2590 5159 esse
2639 5106 2709 5158 ad
2746 5114 2981 5159 mortem.
3022 5102 3177 5171 Quod
3220 5100 3546 5158 custoditum
3587 5113 3720 5168 pro-

2131 5195 2351 5252 ﬁciebat
2401 5196 2469 5252 ad
2528 5197 2719 5263 vitam,
2773 5196 3078 5267 neglectum
3129 5195 3283 5250 duxit
3338 5194 3405 5249 ad
3460 5198 3717 5246 mortem.

2132 5286 2265 5345 Item
2314 5304 2525 5359 poenam
2573 5298 2806 5345 mortem
2847 5288 2997 5354 dicit,
3035 5303 3199 5359 quam
3230 5287 3387 5344 nobis
3430 5293 3722 5357 peccatum

2132 5397 2231 5455 per
2257 5382 2633 5452 deccptionem
2662 5397 2814 5437 suam
2845 5380 3155 5449 acquisivit,
3187 5379 3477 5436 ostendens
3507 5387 3723 5447 tempo-

2132 5476 2267 5532 ralia
2298 5485 2353 5531 et
2381 5485 2629 5543 terrena,
2666 5491 2787 5546 quae
2816 5482 3068 5543 putantur
3096 5488 3217 5529 esse
3243 5474 3423 5529 bona:
3455 5479 3509 5527 et
3544 5471 3721 5541 legem

2132 5570 2492 5641 pracvaricare
2513 5569 2769 5640 suadens,
2795 5585 2913 5640 qua:
2930 5568 3094 5624 vitam
3110 5574 3371 5624 aeternam
3397 5565 3723 5622 facientibus

2133 5660 2489 5731 repromittit.

2208 5753 2345 5811 Nam
2378 5762 2683 5831 peccatum,
2714 5754 2974 5814 occasione
3005 5761 3215 5823 accepta
3235 5793 3251 5823 ,
3282 5767 3374 5825 per
3415 5751 3725 5810 mandatum
