4030 6202
237 201 331 279 6'17
898 196 1434 283 COMMENTARIUS
1473 194 1539 255 ΙΝ
1578 194 1828 255 EPISTOl

1897 195 1963 267 in
2001 195 2095 253 AD
2132 193 2479 253 ROMANOS.
2513 192 2665 250 CAP.
2698 191 2812 249 VII.
3384 188 3488 247 678

236 317 429 377 seduxit
470 324 655 385 me:et
702 331 790 387 per
828 314 959 381 illud
999 316 1206 371 occidit.
1254 314 1436 386 Itaque
1479 315 1560 367 (cx
1608 313 1807 383 quidem
1833 318 1886 374 Α
1987 312 2239 367 Siautem
2259 310 2395 381 quod
2423 312 2569 375 uolo,
2597 308 2729 365 illud
2753 308 3202 383 faciatcoutentio
3228 307 3348 379 legi,
3366 323 3494 383 quo-

232 421 422 481 sancta,
470 421 515 466 et
544 409 847 463 mandatum
891 408 1147 475 sanctum,
1190 419 1240 464 et
1256 410 1485 477 justum,
1515 416 1560 460 et
1604 406 1805 460 bonum.
1916 403 2056 461 uiam
2080 404 2212 457 bona
2234 411 2325 456 est.
2355 402 2413 456 Si
2452 416 2538 468 ea,
2573 416 2693 471 qua:
2722 400 2809 463 lex
2840 402 3083 471 praecipit
3104 401 3376 461 contraria
3409 416 3495 457 vo-

233 505 428 562 Contra
469 507 869 578 impugnatores
906 505 1037 578 legis
1076 518 1128 561 et
1165 514 1352 575 contra
1386 516 1479 561 eos
1516 502 1603 571 qui
1652 500 1812 579 justi-
1913 495 2107 551 luntati
2134 494 2330 561 carnis,
2360 492 2635 551 custodire
2667 493 2895 561 voluero
2922 493 3216 555 secundum
3246 507 3491 555 carnem.

235 599 356 654 tiam
380 614 409 653 a
440 598 679 652 bonitate
710 608 1037 653 secernunt:
1064 599 1152 653 lex
1184 607 1239 653 et
1265 606 1447 651 sancta
1476 603 1528 649 et
1566 594 1705 649 bona
1743 592 1815 648 di-
1916 588 2059 661 quod
2088 589 2235 656 nolo,
2282 586 2416 655 illud
2442 586 2585 643 facio
2615 604 2627 640 :
2661 587 2955 653 secundum
2987 603 3117 657 vero
3159 588 3495 655 voluntatem

234 693 371 748 citur
396 698 452 746 et
477 689 641 771 justa.
670 688 803 755 Nisi,
840 689 1045 765 inquit,
1090 688 1439 744 abundaverit
1476 686 1695 767 'justitia
1726 700 1817 740 vc-
1918 682 2159 766 spiritus,
2194 680 2298 754 legi
2327 680 2427 735 Dei
2458 679 2726 753 spirituali
2758 687 2920 752 atque
2952 680 3106 749 bona:
3140 680 3424 736 convenio.

232 791 361 840 stra.
386 762 565 853 Sedet
579 781 723 840 Deus
743 762 1145 853 nonnumquam
1178 782 1234 835 in
1259 785 1427 835 veteri
1456 762 1816 839 Instrumento
1956 762 1961 766 ’
1992 777 2146 833 Nunc
2183 786 2357 833 autem
2378 779 2495 849 jam
2524 792 2625 835 non
2652 791 2743 846 ego
2781 790 2967 846 operor
3010 773 3163 835 illud.
3194 773 3335 833 Ante
3366 787 3495 829 con-.-

234 874 424 943 bonus,
466 883 521 929 et
561 872 615 939 in
658 888 799 931 novo
834 874 1032 929 dicitur
1065 873 1263 944 justus.
1300 871 1460 927 Pater
1502 874 1647 941 jusle
1673 911 1688 936 ,
1742 867 1817 923 ait
1919 870 2258 928 suetudinem
2286 885 2415 941 ergo
2443 868 2617 937 libens
2645 884 2746 940 ego
2774 869 2890 939 ipse
2934 866 3217 929 faciebam.
3260 866 3391 923 Item
3424 867 3503 922 di-

233 965 511 1023 Dominus.
546 966 747 1022 Contra
775 966 1145 1025 Marcionistas
1177 964 1433 1020 hiclocus
1461 962 1605 1018 facit.
1920 979 2086 1021 cens:
2114 963 2232 1037 .lam
2266 979 2373 1020 non
2399 978 2498 1034 ego
2531 979 2726 1033 operor
2754 962 2930 1027 illud:
2959 962 3215 1031 ostendit,
3248 962 3375 1033 quia
3396 978 3501 1021 non

304 1061 455 1131 Quod
484 1079 601 1134 ergo
628 1061 816 1117 bonum
844 1071 941 1129 est,
974 1062 1101 1115 mihi
1125 1062 1319 1132 factum
1346 1067 1417 1114 est
1446 1057 1620 1111 mors?
1650 1053 1810 1109 Absit.
1921 1067 2003 1117 est
2045 1057 2275 1113 hominis
2305 1057 2607 1123 rationalis,
2639 1057 3028 1127 irrationalium
3051 1057 3367 1125 animalium
3397 1056 3502 1113 ritu

231 1154 349 1227 Non
372 1156 501 1210 mihi
526 1158 637 1227 ipsa
666 1170 825 1211 causa
855 1157 1041 1210 mortis
1062 1156 1295 1223 exstitit,
1325 1150 1419 1221 sed
1448 1164 1547 1233 ego
1574 1148 1661 1231 qui
1692 1161 1817 1219 pec-
1920 1149 2233 1215 vivendum.
2266 1149 2512 1219 Inferens
2539 1157 2743 1215 autem,
2771 1151 2916 1229 quod
2948 1150 3155 1209 habitat
3188 1151 3241 1217 in
3273 1165 3361 1206 me
3384 1163 3506 1221 pec—

239 1250 412 1306 cando
436 1250 651 1305 invenio
682 1259 936 1304 mortem.
1922 1250 2102 1311 catum
2128 1259 2141 1293 :
2170 1240 2374 1308 docuit,
2399 1241 2529 1315 quia
2561 1251 2731 1301 totum
2761 1257 2821 1298 sc
2850 1242 3137 1307 tradiderit
3165 1242 3507 1314 passioniblts

306 1343 412 1397 Sed
440 1353 726 1409 peccatum,
768 1349 824 1394 ut
870 1346 1120 1409 appareat
1167 1346 1455 1410 peccatum,
1501 1351 1589 1407 per
1626 1333 1817 1389 bonum
1922 1332 2118 1401 carnis,
2154 1348 2275 1404 qua:
2316 1332 2426 1391 Deo
2457 1342 2585 1391 sunt
2613 1334 2865 1395 inimicm.

234 1444 500 1506 operatum
526 1447 598 1488 est
618 1434 745 1487 mihi
776 1443 1009 1487 mortem.
1035 1431 1138 1486 Per
1158 1430 1361 1486 bonum
1393 1430 1528 1503 legis
1550 1429 1819 1497 revelatur
1998 1428 2104 1485 Sed
2145 1428 2283 1501 quod
2318 1425 2518 1483 habitat
2548 1428 2602 1481 in
2644 1444 2723 1483 me
2763 1438 3047 1501 peccatum.
3098 1427 3315 1495 Habitat
3359 1427 3513 1501 quasi

236 1537 536 1615 peccatum,
574 1535 629 1593 et
657 1526 724 1597 ab
769 1528 882 1597 ipsa
923 1524 1157 1596 punitur.
1194 1524 1325 1579 Item
1370 1522 1485 1579 vult
1534 1522 1821 1587 ostendere
1923 1521 2145 1593 hospes,
2188 1533 2243 1579 et
2282 1521 2439 1592 quasi
2470 1520 2613 1577 aliud
2641 1521 2696 1576 in
2727 1523 2873 1577 alio:
2907 1538 3019 1579 non
3054 1523 3211 1595 quasi
3236 1538 3419 1591 unum,
3455 1533 3513 1581 ut

235 1620 460 1705 qualiter
489 1617 727 1689 infantis,
772 1617 862 1705 qui
911 1626 1033 1672 ante
1064 1618 1181 1673 sine
1225 1616 1340 1686 lege
1380 1626 1518 1682 erat,
1558 1631 1681 1671 cum
1710 1631 1822 1672 θαι·
1928 1616 2234 1693 accidentia
2260 1616 2488 1689 scilicet,
2515 1632 2623 1673 non
2646 1615 2935 1687 naturalia,

234 1704 374 1793 perit
403 1713 740 1781 adolescere,
773 1724 827 1767 et
856 1727 886 1766 a
918 1711 1235 1789 parentibus
1264 1708 1613 1764 nihilominus
1637 1707 1823 1779 prohi-
1854 1713 1903 1789 Β
2001 1711 2121 1767 Scio
2152 1710 2310 1777 enim,
2344 1710 2465 1782 quia
2492 1726 2594 1769 nou
2632 1708 2829 1775 habitat
2854 1710 2909 1771 ia
2936 1726 3035 1777 me,
3062 1708 3160 1775 hoc
3185 1718 3258 1777 est
3285 1710 3339 1773 iu
3365 1726 3517 1775 came

234 1810 370 1881 beri,
413 1817 690 1897 peccatum
733 1806 957 1876 incipiat
1003 1820 1288 1876 apparere.
1336 1805 1577 1881 Apparet
1622 1812 1822 1869 autem,
1929 1820 2043 1858 mea
2071 1803 2417 1863 bonum.Non
2442 1803 2607 1857 dicit:
2641 1802 2759 1858 Non
2787 1814 2872 1859 est
2900 1820 3029 1860 caro
3058 1821 3178 1871 mea
3205 1804 3516 1869 bunaJtem

236 1917 363 1963 cum
401 1894 535 1973 illud
564 1901 735 1973 vitare
768 1896 1034 1967 didicerit.
1065 1898 1244 1968 Ipsum
1287 1898 1427 1951 enim
1474 1904 1752 1967 peccatum
1780 1896 1825 1950 si
1930 1896 2037 1963 hoc
2075 1911 2138 1952 ex
2167 1910 2397 1973 persona
2423 1894 2543 1965 ejus
2578 1896 2797 1964 dicitur,
2820 1896 2912 1967 qui
2939 1896 3197 1970 peccandi
3229 1908 3519 1964 consuetu-

236 1994 291 2065 in
342 1992 660 2065 proficiente
704 2000 884 2063 aetate,
934 2006 1045 2045 non
1088 1990 1263 2045 solum
1312 2005 1415 2045 non
1465 1988 1824 2052 abscinditur,
1934 1989 2115 2043 dinem
2138 1987 2319 2054 habet,
2352 1999 2405 2053 ct
2432 1989 2612 2047 carnis
2642 1988 2792 2049 vitiis
2817 1998 3030 2051 tenetur
3061 1989 3349 2053 obnoxius.

235 2087 333 2142 sed
364 2098 617 2171 augetur,
664 2102 825 2173 supra
871 2084 1087 2139 modum
1137 2098 1368 2156 peccans
1411 2081 1667 2153 efﬁcitur,
1700 2082 1825 2151 dum
2006 2079 2147 2133 Nam
2174 2079 2299 2134 velle
2326 2080 2528 2152 adjacet
2554 2079 2700 2133 mihi.
2744 2080 2840 2134 Est
2877 2081 3148 2145 voluntas,
3180 2081 3274 2136 sed
3303 2096 3408 2137 non
3438 2091 3522 2138 est

229 2182 343 2250 jam
374 2170 588 2234 veniam
622 2170 1023 2233 non'meretur.
1937 2170 2195 2228 effectus:
2227 2171 2352 2240 quia
2378 2170 2613 2239 carnalis
2634 2170 2974 2239 consuetudo
2994 2172 3259 2227 voluntati
3293 2173 3516 2227 resistit.

312 2270 380 2327 Ut
406 2272 499 2341 ﬁat
529 2288 687 2343 supra
713 2270 921 2325 modum
950 2284 1190 2339 peccans.
1232 2271 1369 2331 Ante
1397 2267 1567 2339 legem
1609 2265 1827 2337 modum
1934 2266 2067 2320 Item
2111 2265 2359 2320 voluntas
2385 2266 2566 2321 carnis
2603 2272 2811 2320 amatur
2839 2266 3030 2336 magis,
3061 2282 3221 2336 quam
3254 2266 3371 2322 Dei.
3399 2266 3524 2322 Ideo

234 2363 473 2420 habebat
520 2348 615 2434 per
646 2362 1001 2432 ignorantiam
1031 2378 1043 2414 :
1093 2375 1254 2429 super
1299 2360 1515 2415 modum
1565 2370 1666 2427 est,
1707 2376 1828 2415 cum
1939 2358 2093 2423 dicit,
2118 2357 2261 2412 velle
2285 2357 2497 2427 adjacet
2521 2356 2675 2425 mibi,
2702 2365 2761 2411 ut
2783 2356 2836 2414 id
2862 2358 3005 2428 quod
3035 2359 3163 2413 mihi
3190 2359 3385 2414 bonum
3403 2359 3518 2414 ﬁeri

233 2457 475 2519 scienter
523 2455 843 2509 admittitur.
889 2451 1023 2508 Item
1072 2451 1176 2511 hoc
1215 2451 1363 2518 dicit,
1405 2452 1659 2523 quoniam
1704 2466 1831 2522 pec-
1937 2452 2087 2517 volo,
2136 2465 2241 2505 non
2291 2450 2566 2521 perﬁciam
2605 2450 2894 2522 proximo:
2947 2467 3070 2507 nam
3096 2452 3238 2523 quod
3272 2451 3358 2508 odi
3397 2453 3523 2523 pati,

234 2561 445 2615 catum,
476 2564 598 2603 cum
640 2563 734 2617 per
777 2557 992 2602 aetatem
1044 2544 1334 2600 obnoxium
1385 2560 1491 2601 non
1540 2552 1659 2600 erat
1701 2545 1834 2598 ado-
1938 2544 2073 2599 illud
2108 2542 2269 2598 facio.

235 2642 470 2697 lescenti
498 2642 666 2703 tutati,
699 2639 1012 2697 dominante
1048 2638 1149 2692 sibi
1191 2637 1328 2710 lege,
1363 2636 1639 2692 commissi
1673 2651 1833 2706 repu-
2011 2636 2447 2706 Per/icereautem
2461 2635 2646 2690 bonum
2672 2652 2775 2691 non
2800 2635 3149 2691 invenio.Non
3168 2636 3529 2694 videofacere.

236 2746 388 2791 tatur
417 2735 472 2787 in
494 2736 704 2803 culpam
737 2750 750 2788 :
781 2731 976 2787 factum
1007 2741 1088 2787 est
1110 2730 1246 2784 ultra
1271 2730 1490 2785 modum
1524 2736 1828 2800 peccatum.
2012 2729 2135 2784 Non
2183 2731 2316 2786 enim
2343 2731 2482 2801 quod
2508 2729 2623 2784 volo
2672 2730 2891 2799 bonum,
2923 2732 3020 2785 hoc
3047 2732 3216 2801 facio;
3258 2732 3348 2788 sed
3396 2734 3534 2803 quod

320 2828 596 2883 Peccatum
640 2843 728 2898 per
762 2825 1084 2879 mandatum.
1124 2822 1276 2879 Nunc
1313 2839 1376 2879 ex
1419 2838 1649 2891 persona
1692 2823 1831 2893 ejus,
1939 2824 2060 2879 nolo
2090 2822 2305 2889 malum,
2330 2821 2425 2877 hoc
2455 2840 2573 2894 ago.
2594 2821 2767 2891 Sicut,
2801 2824 2952 2879 verbi
2979 2825 3169 2895 gratia,
3197 2824 3244 2879 si
3273 2827 3392 2896 quis
3418 2827 3529 2897 jam

236 2924 335 2992 qui
380 2930 593 2979 attatem
627 2920 918 2988 legitimam
953 2918 1135 2989 habet,
1166 2933 1345 2973 sermo
1391 2915 1684 2988 profertur.
1732 2916 1832 2984 Qui
1943 2917 2207 2972 devorare
2236 2916 2538 2982 consuevit,
2568 2917 2728 2972 etiam
2754 2932 2874 2973 cum
2908 2934 3012 2973 non
3046 2927 3217 2989 optat,
3250 2918 3499 2976 incurrit.

236 3021 389 3074 enim
421 3017 589 3074 dicit:
638 3014 775 3083 Quia
820 3015 909 3069 lex
939 3012 1232 3083 spiritualis
1269 3018 1372 3081 est,
1415 3013 1653 3080 seipsum
1702 3024 1837 3063 con-
2017 3009 2076 3064 Si
2104 3010 2432 3080 autemquod
2474 3009 2617 3075 nolo,
2646 3008 2783 3065 illud
2806 3011 2943 3083 facio
2972 3013 3123 3083 :jam
3150 3029 3254 3067 non
3279 3029 3372 3084 ego
3417 3030 3538 3084 ape-

237 3112 471 3183 ilemnat
514 3108 732 3180 propria
758 3105 1033 3181 voluntate
1076 3109 1357 3173 peccante.
1399 3100 1553 3157 Unde
1602 3100 1835 3170 adjecit:
1865 3104 1912 3173 (ζ
1946 3118 2033 3157 ror
2060 3102 2208 3169 illud,
2236 3101 2329 3158 sed
2353 3103 2487 3174 quod
2523 3103 2719 3158 habitat
2752 3104 2806 3159 in
2851 3121 2931 3158 me
2957 3116 3249 3176 peccatum.
3274 3106 3390 3161 Non
3417 3124 3539 3178 ego,

241 3203 368 3273 Ego
392 3209 569 3256 autem
597 3198 835 3254 carnalis
873 3211 1015 3265 sum,
1050 3193 1392 3250 venundatus
1433 3193 1534 3263 sub
1578 3200 1837 3263 peccato:
1948 3196 2039 3265 qui
2070 3196 2294 3263 invitus,
2329 3197 2426 3253 sed
2475 3198 2811 3255 consuetudo
2840 3199 3050 3269 peccati
3098 3217 3111 3254 :
3154 3214 3317 3269 quam
3364 3210 3540 3257 tamen

238 3306 303 3349 ut
339 3292 616 3361 ostendat,
654 3291 776 3361 quia
814 3304 936 3344 cum
981 3296 1131 3343 esset
1172 3286 1332 3356 liber,
1381 3287 1496 3356 ipse
1537 3301 1597 3341 se
1638 3300 1845 3340 venun-
1948 3292 2328 3350 necessitatem
2352 3292 2484 3347 mihi
2514 3294 2631 3363 ipse
2660 3294 2871 3364 paravi,

240 3389 406 3463 dedit
442 3395 685 3458 peccato.
715 3383 851 3455 Quid
892 3382 1035 3438 enim
1083 3382 1274 3436 iterum
1320 3378 1485 3434 dicit?
1511 3377 1660 3446 Quod
1698 3375 1840 3431 enim
2022 3376 2239 3440 In'oenio
2272 3386 2431 3459 igitur
2454 3388 2613 3457 legem
2638 3387 2828 3440 volenti
2870 3385 2999 3440 mihi
3040 3386 3208 3456 facere
3246 3390 3455 3445 bonum.
3485 3389 3543 3447 Si

240 3495 454 3551 operor
480 3495 587 3534 non
621 3477 900 3548 intelligo:
950 3476 1052 3529 hoc
1078 3483 1159 3529 est
1193 3474 1380 3530 nolens
1411 3472 1719 3539 discernere
1750 3486 1846 3526 no-
1951 3491 2054 3548 ego
2088 3477 2249 3545 volo,
2281 3476 2495 3531 invenio
2528 3477 2658 3531 mihi
2691 3478 2860 3546 legem
2894 3478 3093 3534 bonum
3135 3479 3318 3537 facere
3360 3491 3547 3539 contra

240 3588 407 3641 cere,
434 3572 623 3630 volens
652 3584 841 3625 noceo.
874 3567 1062 3623 Aliena
1090 3565 1367 3631 desidero,
1407 3564 1459 3620 in
1487 3565 1566 3620 eis
1596 3563 1847 3618 fraudare
1955 3569 2211 3639 adjacens
2252 3567 2478 3623 malum.
2520 3567 2651 3624 Item
2694 3568 2797 3623 hoc
2822 3577 2906 3625 est
2951 3570 3094 3641 quod
3124 3573 3218 3640 ait,
3249 3575 3546 3631 secundum

244 3683 366 3721 non
398 3674 593 3736 optans
630 3678 645 3716 :
678 3661 784 3739 hoc
810 3662 953 3716 enim
988 3660 1223 3715 ostendit
1253 3657 1441 3713 dicens
1474 3672 1488 3709 :
1537 3655 1653 3711 Non
1702 3659 1844 3711 enim
1955 3661 2149 3717 animae
2172 3660 2508 3716 voluntatem
2555 3662 2753 3717 bonum
2782 3663 2922 3720 velle
2952 3679 3013 3721 se
3056 3665 3265 3735 facere;
3298 3668 3548 3742 adjaccre

242 3754 407 3827 quod
434 3755 553 3811 volo
586 3768 684 3825 ago
716 3770 732 3807 :
770 3751 874 3808 hoc
900 3762 981 3807 est
1003 3751 1136 3806 mihi
1165 3750 1368 3806 bonum
1401 3748 1546 3814 fieri;
1578 3747 1671 3805 sed
1703 3750 1833 3818 quod

1511 3749 1546 3814 i;
1578 3747 1671 3805 sed
1703 3749 1843 3818 quod
1959 3752 2062 3808 sibi
2089 3751 2289 3807 malum
2310 3750 2462 3822 juxta
2492 3752 2761 3808 desideria
2786 3756 2983 3811 carnis.

246 3852 351 3906 odi
397 3849 529 3905 illud
570 3847 742 3903 facio:
790 3846 1037 3911 similiter
1075 3842 1426 3915 intelligitur,
1475 3841 1603 3896 mihi
1652 3840 1850 3895 malum
2035 3846 2297 3914 Quoniam
2317 3846 2439 3899 mihi
2461 3846 2653 3900 malum
2680 3848 2906 3919 adjacet.
2932 3849 3087 3915 Quod
3104 3850 3548 3921 dicitzQuoniam

248 3945 402 4002 Iieri.
463 3941 518 3999 Si
566 3941 739 4013 enim,
784 3939 927 4009 quod
977 3940 1103 3993 nolo
1154 3935 1282 3990 mihi
1331 3936 1529 3990 malum
1577 3934 1716 4002 fieri,
1750 3933 1855 3989 hoc
1960 3936 2095 3993 mihi
2126 3938 2328 3993 malum
2369 3936 2581 4007 adjaeet
2610 3954 2626 3992 :
2654 3939 2911 4010 ostendit,
2944 3939 3069 4010 quia
3102 3957 3209 3998 non
3239 3960 3337 4013 per
3364 3960 3550 4002 neces-

249 4039 451 4093 lacio:
495 4034 778 4090 consentio
828 4033 954 4101 legi,
1000 4030 1124 4098 quia
1170 4029 1309 4083 bona
1353 4035 1456 4097 est,
1502 4027 1846 4098 prmcipiens,
1961 4032 2178 4088 sitatem
2228 4040 2415 4100 peccat
2447 4049 2458 4085 :
2490 4031 2585 4087 sed
2638 4033 2854 4103 propria
2904 4035 3184 4091 voluntate
3226 4035 3440 4092 ducitur
3482 4039 3548 4093 ad

245 4129 414 4205 quod
446 4126 540 4181 tibi
565 4125 680 4181 ﬁeri
710 4139 817 4180 non
841 4122 942 4191 vis,
966 4122 1192 4195 alii'non
1226 4120 1439 4176 feceris.
1963 4133 2271 4194 peccatum,
2308 4138 2431 4178 eum
2462 4122 2574 4178 vult
2603 4137 2725 4179 esse
2746 4124 2928 4180 carnis
2954 4136 3183 4181 amator.

338 4222 551 4277 Scimus
586 4220 741 4283 enim,
774 4217 895 4288 quia
942 4216 1024 4271 lea:
1068 4212 1354 4286 spiritualis
1392 4220 1487 4268 est.
1527 4212 1658 4285 Quae
1695 4209 1858 4282 Spiri-
2036 4213 2371 4271 Condelector
2397 4216 2531 4269 enim
2562 4215 2663 4286 tegi
2695 4214 2813 4283 Dei,
2838 4218 3116 4271 secundum
3136 4218 3430 4274 interiorem
3455 4218 3552 4273 lto-

252 4314 442 4373 tualia
475 4310 718 4366 mandat.
1052 4345 1064 4353 -
1966 4308 2176 4364 minem.
2207 4309 2497 4364 Consentio
2528 4308 2630 4378 legi
2676 4308 2974 4365 secundum
3016 4319 3270 4365 mentem.
3304 4311 3435 4367 Item
3466 4313 3552 4367 in-

342 4405 462 4479 Ego
489 4413 663 4457 autem
706 4400 928 4456 carnalis
958 4414 1091 4453 sum.
1128 4397 1238 4468 Ego
1268 4411 1661 4475 quamcumque
1689 4398 1860 4469 legem
1973 4403 2137 4457 terior
2162 4403 2322 4456 homo
2352 4412 2536 4456 noster
2559 4400 2838 4457 rationalis
2865 4409 2921 4456 et
2942 4399 3309 4473 intelligibilis,
3339 4412 3421 4459 est
3440 4405 3556 4459 ani-

256 4499 506 4570 accipio,
539 4507 592 4553 et
612 4495 901 4551 carnaliter
926 4491 1106 4548 vivere
1136 4492 1414 4548 consuevi.
1890 4498 2053 4563 Dma
2088 4510 2209 4566 quae
2238 4496 2508 4551 consentit
2538 4494 2640 4565 legi
2676 4495 2791 4550 Dei.
2834 4493 2948 4549 Lex
2994 4494 3137 4550 enim
3182 4495 3298 4565 ejus
3336 4506 3419 4551 est
3462 4513 3556 4552 ra-

359 4591 699 4648 Venundatus
744 4586 837 4642 sub
878 4596 1100 4657 peccato.
1149 4584 1299 4651 Quod
1341 4586 1475 4639 enim
1519 4599 1724 4667 operor,
1756 4601 1859 4639 non
1973 4587 2308 4644 tionabiliter
2328 4588 2541 4655 vivere,
2570 4596 2625 4641 et
2662 4601 2766 4639 non
2815 4584 2940 4641 duci
2968 4586 3413 4642 irrationabilium
3445 4589 3563 4644 ani-

262 4684 535 4755 itttelligo.
570 4679 695 4735 Non
730 4680 886 4745 enim,
917 4677 1051 4747 quod
1080 4678 1192 4731 volo
1220 4676 1423 4746 bonum,
1454 4676 1548 4731 hoc
1589 4694 1689 4749 ago
1717 4694 1727 4728 :
1774 4678 1861 4730 sed
1974 4683 2197 4738 malium
2232 4681 2592 4751 passionibus.
2637 4678 2895 4734 Exterior
2919 4694 3071 4746 vero,
3102 4689 3187 4737 est
3231 4696 3425 4751 corpus
3456 4697 3557 4737 ηο-

266 4779 419 4851 quod
449 4777 537 4832 odi
563 4774 774 4839 malum,
802 4771 942 4825 illud
970 4770 1127 4842 facio.
1157 4769 1439 4839 Proposito
1470 4782 1710 4840 peccato,
1740 4777 1799 4824 ut
1819 4772 1866 4825 si
1975 4784 2170 4832 atrum.
2202 4774 2334 4843 Ejus
2381 4783 2562 4829 autem
2611 4772 2698 4826 lex
2737 4772 3019 4840 prudentia
3066 4772 3249 4828 carnis
3289 4780 3410 4829 est:
3441 4790 3560 4845 qua:

270 4869 574 4925 consilium
636 4866 765 4935 ejus
807 4878 1105 4934 accepero,
1159 4862 1328 4932 ipsius
1384 4876 1572 4917 servus
1631 4860 1862 4929 efﬁciat,
1979 4870 2138 4924 docet
2158 4865 2347 4930 edere,
2382 4873 2437 4919 et
2474 4873 2682 4933 potare,
2716 4875 2772 4919 et
2815 4862 3029 4917 caeteris
3054 4863 3131 4917 uti
3161 4863 3410 4930 luxuriis,
3440 4868 3560 4936 qlia:

274 4972 477 5035 Sponte
503 4960 880 5030 memetipsum
906 4957 1195 5027 subjiciens
1216 5000 1230 5023 ,
1259 4956 1419 5011 etiam
1446 4957 1601 5027 quasi
1635 4956 1868 5011 inebria-
1982 4964 2281 5028 repugnant
2304 4955 2525 5010 rationi.
2569 4954 2638 5009 Et
2667 4956 2715 5010 si
2744 4954 3155 5025 superaverint,
3209 4958 3313 5029 legi
3360 4960 3562 5028 peccati

278 5071 375 5113 tzts
417 5052 804 5113 consuetudine
850 5036 1214 5122 peccatorum,
1267 5050 1476 5120 ignoro,
1527 5048 1656 5118 quid
1712 5049 1870 5104 iacio.
1982 5049 2296 5121 subjiciunt.
2324 5046 2414 5103 Sic
2443 5046 2587 5103 enim
2617 5047 2691 5102 ita
2720 5056 2824 5115 est,
2856 5048 2998 5104 sicut
3016 5048 3233 5119 quidam
3263 5053 3566 5108 mstimant:

277 5152 443 5220 Quod
480 5151 623 5206 enim
654 5164 872 5219 operor,
904 5162 1008 5202 non
1052 5144 1312 5216 intelligo.
1348 5143 1477 5200 Sive
1524 5146 1597 5199 ita
1642 5159 1880 5214 pronun-
1982 5147 2108 5217 quia
2134 5142 2274 5213 quod
2299 5141 2567 5208 nolumus,
2604 5141 2706 5196 hoc
2732 5141 2981 5199 facimus.

284 5245 531 5298 tiandum
557 5259 571 5297 :
598 5256 697 5313 ego
722 5255 828 5297 non
854 5240 1097 5311 intelligo
1119 5239 1320 5293 malum
1343 5250 1485 5304 esse,
1519 5237 1660 5307 quod
1684 5236 1883 5292 invitus
2068 5236 2230 5291 Viduo
2259 5245 2431 5290 autem
2457 5234 2617 5290 aliam
2640 5234 2802 5307 legem
2829 5236 2889 5300 in
2912 5236 3152 5292 membris
3176 5239 3323 5294 meis.
3350 5237 3569 5295 Deside-

283 5333 544 5400 admitto,
588 5350 710 5390 cum
743 5333 943 5389 malum
970 5332 1101 5387 nolo
1142 5332 1338 5402 facere,
1370 5330 1514 5401 quod
1556 5330 1836 5388 committo
1865 5348 1877 5383 :
1990 5330 2071 5387 ria
2097 5338 2375 5395 consueta,
2401 5328 2485 5383 vel
2511 5329 2913 5396 persuasionem
2948 5329 3172 5386 inimici.

290 5427 489 5498 utique
535 5440 653 5481 cum
697 5426 817 5496 lege
861 5425 1059 5492 sentio,
1093 5439 1213 5494 quae
1253 5424 1389 5477 mala
1422 5433 1477 5478 et
1506 5438 1613 5477 non
1655 5422 1786 5489 vult,
1829 5432 1884 5478 et
2068 5420 2583 5495 Repugnantemlegi
2610 5424 2962 5478 nuntiantem.
2985 5423 3342 5479 Conscientiae
3362 5423 3572 5480 scilicet

285 5520 575 5593 prohibet.
602 5520 788 5575 Potest
817 5526 999 5573 autem
1032 5526 1089 5573 et
1120 5516 1360 5588 intelligi
1387 5534 1400 5569 :
1431 5516 1491 5571 Si
1522 5531 1707 5587 pecco,
1750 5515 1886 5587 legis
1999 5515 2252 5583 naturali,
2284 5515 2373 5571 vel
2402 5514 2502 5585 legi
2533 5514 2753 5581 divinae,
2778 5529 2901 5585 qua:
2930 5516 2986 5570 in
3014 5524 3196 5573 mente
3221 5514 3491 5574 consistit.

286 5613 581 5671 severitati
608 5612 875 5681 tneipsum
904 5609 1152 5678 subjicio.
1187 5608 1316 5666 Item
1340 5610 1609 5667 invenitur
1634 5623 1886 5682 peccare,
2078 5610 2144 5664 Et
2164 5610 2502 5679 captivantem
2528 5624 2607 5662 me
2630 5607 2683 5662 in
2720 5607 2831 5680 lege
2858 5610 3073 5681 peccati,
3102 5626 3218 5681 qua
3243 5611 3396 5668 estin
3424 5627 3585 5668 mem-

285 5713 396 5785 qui
424 5704 696 5767 voluntati
722 5705 899 5762 carnis
919 5702 1163 5761 inservit.
1654 5776 1663 5780 δ
2007 5702 2111 5759 bris
2132 5702 2273 5759 meis.
2300 5701 2360 5759 In
2383 5699 2835 5761 consuetudinem
2855 5702 3192 5765 delictorum.
