4030 6202
543 212 650 278 679
1575 226 1633 285 s.
1675 225 2053 287 HIERONYMI
2091 220 2375 289 OPERUM
2412 221 2772 289 namnssa.
3102 196 3105 199 ’
3717 228 3826 296 osa

618 342 826 417 Infelix
846 364 940 424 ego
960 346 1151 405 homo:
1182 342 1294 414 quis
1320 359 1399 401 me
1419 344 1653 402 liberabit
1676 348 1741 403 de
1762 365 1975 421 corpore
1995 365 2134 403 mor-
2158 354 2213 413 Α
2236 349 2407 406 litudo
2446 349 2729 405 veritatem
2765 343 2931 404 habet
2954 364 2967 404 :
2994 346 3136 406 sicut
3160 345 3330 406 Adam
3362 346 3547 421 genuit
3575 348 3645 409 ad
3676 352 3825 411 simi-

548 438 614 493 tis
645 438 841 510 hujus?
868 444 979 511 Ego
1008 440 1096 511 qui
1127 438 1203 493 sic
1232 439 1499 509 detineor,
1529 443 1649 512 quis
1679 457 1767 498 me
1792 443 2043 500 liberabit
2070 443 2135 501 de

548 532 943 588 consuetudine
972 529 1253 587 mortifera
1273 532 1579 603 corporali?

615 626 801 680 Gratia
829 624 929 681 Dei
954 642 1042 697 per
1064 623 1243 680 Jesum
1287 624 1547 682 Christum
1572 627 1853 685 Dominum
1880 640 2131 686 nostrum.

540 717 949 776 Admirabiliter
976 718 1176 790 intulit,
1209 718 1397 776 dicens
1430 739 1443 775 :
1476 720 1665 777 Gratia
1696 723 1788 778 Dei
1826 738 1922 795 per
1948 723 2130 779 Jesum

541 808 817 865 Christum
868 809 1154 867 Dominum
1188 822 1430 868 nostrum
1466 818 1628 883 :quia
1677 830 1797 886 quae
1828 815 2046 886 Moyses
2079 827 2132 872 ct

538 902 802 958 naturalis
832 902 922 958 lex
952 920 1057 959 non
1081 905 1284 975 docuit,
1320 905 1434 962 haec
1456 906 1642 962 docuit
1664 908 1923 964 Dominus
1947 920 2133 967 noster

543 994 704 1051 Jesus
734 995 982 1052 Christus
1017 1015 1029 1051 :
1062 1006 1414 1054 contemnere
1461 999 1757 1069 mundum,
1792 1012 1846 1057 et
1876 1018 2133 1073 superare

538 1087 690 1143 vitia.
719 1087 871 1144 Unde
901 1088 1091 1144 beatus
1115 1088 1410 1160 Apostolus
1439 1091 1542 1146 hoc
1569 1090 1752 1155 docet,
1778 1092 1969 1148 dicens
1992 1111 2006 1148 :
2028 1093 2128 1161 Qui

541 1191 724 1238 autem
752 1182 955 1238 Christi
980 1193 1127 1253 sunt,
1158 1198 1376 1240 carnem
1407 1199 1558 1240 suam
1586 1183 1969 1241 cruciﬁxerunt
2007 1202 2129 1241 cum

535 1277 686 1332 vitiis
726 1284 785 1333 et
821 1278 1299 1348 concupiscentiis.
1331 1277 1484 1344 ltem,
1517 1292 1677 1350 quem
1708 1277 1791 1333 lex
1826 1294 1929 1333 non
1960 1278 2134 1348 potuit

536 1369 771 1426 liberare
796 1386 811 1425 :
843 1370 1099 1441 numquid
1130 1386 1236 1426 non
1266 1370 1464 1426 Paulus
1488 1371 1723 1433 nondum
1754 1380 1871 1426 erat
1900 1370 1993 1425 Dei
2013 1387 2132 1440 gra-

538 1463 613 1517 tia
646 1463 943 1519 liberatus?
971 1462 1125 1520 Unde
1152 1464 1433 1536 probatur,
1480 1466 1606 1536 quia
1638 1480 1704 1521 ex
1752 1464 1976 1521 alterius
2002 1480 2129 1536 per-

542 1570 677 1611 sona
708 1554 826 1610 ha-c
850 1554 1107 1627 loquitur.

617 1646 789 1720 Igitur
819 1665 911 1719 ego
940 1650 1050 1721 ipse
1093 1660 1262 1704 mente
1287 1651 1451 1705 servio
1490 1650 1589 1722 legi
1620 1649 1735 1705 Dei.
1767 1650 2127 1721 Recapitulat,

2241 442 2519 500 litudinem
2566 459 2739 498 suam.
2787 442 3025 500 Similem
3070 460 3200 516 ergo
3247 444 3460 501 caeteris
3511 446 3819 505 hominibus

2239 551 2455 592 carnem
2490 536 2747 592 Dominus
2801 532 2946 593 Deus
2991 547 3181 594 noster
3229 538 3388 595 Jesus
3432 536 3680 598 Christus
3734 558 3817 600 as-

2236 631 2483 702 sumpsit.

2308 724 2376 780 Et
2402 726 2463 779 de
2483 736 2686 799 peccato
2712 726 2974 782 damnavit
3013 736 3275 800 peccatum
3301 728 3355 784 in
3385 744 3557 784 carne.
3582 727 3746 798 Quasi
3770 730 3815 787 si

2236 817 2408 885 dicas,
2440 818 2507 875 de
2534 819 2690 875 hoste
2731 821 3055 892 expugnavit
3103 820 3339 877 hostem.
3384 821 3510 878 Sive
3549 823 3689 879 sicut
3724 824 3818 878 lio-

2236 914 2388 980 stias,
2422 928 2553 983 quas
2595 930 2693 984 pro
2741 923 2961 985 peccato
3010 913 3313 970 oll‘erebant
3356 914 3410 970 in
3447 916 3583 986 lege,
3616 918 3817 986 peccati

2239 1008 2459 1064 nomine
2485 1008 2773 1073 vocabant,
2805 1023 2927 1063 cum
2969 1008 3069 1079 ipsi
3119 1007 3309 1063 delicta
3358 1008 3652 1074 nescirent,
3683 1009 3817 1064 sicut

2233 1102 2498 1172 scriptum
2535 1112 2617 1157 est
2649 1118 2664 1159 :
2693 1099 2761 1156 Et
2787 1100 3069 1171 imponent
3098 1116 3289 1156 manus
3317 1114 3482 1171 super
3505 1110 3665 1175 caput
3693 1116 3815 1172 pec-

2234 1194 2339 1250 cati
2366 1194 2476 1261 sui;
2502 1192 2583 1250 sic
2606 1203 2662 1250 et
2684 1192 2884 1250 Christi
2911 1209 3060 1263 caro,
3087 1210 3206 1265 qua:
3228 1209 3327 1265 pro
3355 1195 3594 1265 peccatis
3618 1196 3815 1252 nostris

2233 1286 2417 1342 oblata
2459 1297 2563 1353 est,
2609 1287 2813 1358 peccati
2864 1301 3062 1342 nomen
3113 1287 3340 1357 accepit.
3374 1284 3603 1355 Quidam
3640 1296 3814 1342 autem

2233 1378 2441 1450 dicunt,
2466 1379 2609 1450 quod
2638 1388 2861 1449 peccato
2883 1377 3217 1445 Iudaeorum,
3246 1378 3387 1448 quod
3418 1378 3705 1435 Dominum
3727 1394 3817 1435 oc-

2232 1474 2510 1541 ciderunt,
2562 1481 2843 1544 peccatum
2896 1471 3118 1540 diaboli,
3149 1472 3292 1544 quod
3322 1471 3531 1528 hostem
3576 1472 3814 1544 decepe-

2233 1576 2336 1633 rat,
2372 1582 2468 1639 per
2511 1566 2785 1623 hominem
2837 1564 3191 1621 condemnari
3231 1565 3413 1623 :sicut
3452 1565 3521 1621 ad
3551 1565 3815 1623 Hebrteos

2232 1659 2402 1716 dicit:
2433 1659 2501 1716 Ut
2532 1675 2626 1729 per
2668 1668 2896 1714 mortem
2927 1657 3233 1713 destrueret
3273 1673 3419 1724 eum,
3448 1658 3537 1729 qui
3576 1656 3818 1713 habebat

540 1749 599 1795 ιιι
623 1740 931 1806 concludat.
961 1754 1015 1797 et
1041 1756 1254 1797 rursum
1279 1743 1333 1797 in
1352 1758 1585 1815 persona
1608 1744 1748 1813 eius,
1776 1745 1865 1815 qui
1891 1744 1990 1799 sub
2008 1744 2128 1815 lese
2156 1750 2203 1811 B
2231 1754 2420 1809 mortis
2446 1753 2753 1825 imperium.
2800 1751 2927 1808 Sive
2976 1751 3045 1807 de
3086 1751 3230 1807 illius
3274 1752 3452 1807 carnis
3480 1749 3803 1820 substantia,

537 1843 676 1899 erat,
702 1833 818 1889 inec
849 1834 1110 1905 loquitur.

610 1924 781 1982 Carne
799 1937 969 1981 autem
994 1926 1093 1997 legi
1122 1927 1335 1999 peccati.
1365 1927 1539 1983 llomo
1567 1928 1801 1985 carnalis
1824 1928 2018 2001 duplex
2043 1936 2125 1986 est

539 2021 959 2093 quodammodo,
992 2030 1045 2078 et
1074 2022 1126 2077 in
1160 2023 1457 2094 semetipso
1486 2023 1708 2081 divisus.

1127 2199 1357 2260 CAPUT
1396 2202 1530 2260 Vlll.

605 2341 757 2401 Nihil
784 2361 902 2417 ergo
931 2359 1067 2400 nunc
1113 2344 1461 2399 damnationis
1505 2352 1578 2399 est
1622 2343 1725 2417 his,
1777 2343 1864 2416 qui
1907 2352 2025 2399 sunt
2066 2343 2121 2399 in

535 2440 746 2496 Christo
769 2438 920 2507 Iesu,
972 2440 1061 2509 qui
1108 2456 1211 2493 non
1255 2437 1535 2494 secundum
1582 2454 1787 2493 carnem
1833 2437 2117 2492 ambulant.

534 2535 635 2591 Hic
664 2533 955 2605 Apostolus
980 2532 1113 2588 nihil
1146 2533 1200 2588 in
1230 2532 1338 2588 illis
1362 2532 1711 2587 damnatione
1754 2530 1970 2601 dignum
2001 2544 2121 2587 esse

532 2630 631 2697 ait,
664 2630 757 2701 qui
779 2628 961 2686 carnis
988 2643 1154 2698 opera
1180 2627 1586 2683 cruciﬁxerunt.

595 2723 707 2778 Lea:
726 2723 861 2777 enim
889 2723 1104 2793 spiritus
1140 2721 1256 2775 vita:
1284 2722 1337 2773 in
1364 2719 1566 2776 Christo
1594 2719 1742 2777 Iesu.
1773 2717 2112 2790 NOtandum,

535 2816 658 2888 quia
680 2815 908 2886 gratiam
942 2814 1116 2885 legem
1144 2812 1401 2883 appellat.

604 2908 862 2964 Liberavit
886 2926 965 2964 me
996 2925 1027 2962 a
1056 2907 1168 2980 lege
1195 2908 1390 2979 peccati
1418 2918 1465 2965 et
1489 2909 1688 2965 mortis.
1715 2908 1845 2978 Qua:
1890 2907 2117 2965 mortiﬁ-

532 3013 621 3061 cat
649 3009 985 3074 peccatores.

603 3096 744 3153 Nam
769 3097 906 3168 quod
934 3096 1252 3168 impossibile
1280 3108 1394 3153 erat
1435 3099 1555 3171 legi.
1589 3098 1686 3153 Hic
1718 3097 1956 3154 ostendit
1985 3112 2118 3169 quo-

526 3191 670 3249 niam
698 3192 781 3247 lex
809 3206 905 3262 per
931 3191 1294 3247 inﬁrmitatem
1320 3192 1503 3248 carnis
1523 3204 1629 3247 non
1648 3200 1861 3261 poterat
1878 3190 2112 3261 impleri.
2145 3190 2161 3229 ‘-

529 3286 589 3343 ln
619 3300 687 3344 eo
733 3294 912 3342 autem
945 3285 997 3340 in
1027 3300 1138 3356 quo
1168 3285 1303 3339 dixit
1336 3302 1350 3338 :
1381 3283 1543 3349 Deus,
1571 3297 1692 3338 cum
1723 3282 1917 3339 Filium
1961 3299 2115 3339 suum

530 3379 769 3436 misisset
808 3378 862 3433 in
891 3376 1303 3433 similitudinem
1340 3376 1520 3431 carnis
1544 3374 1750 3447 peccati
1776 3391 1791 3431 :
1816 3382 1872 3430 et
1897 3382 2117 3445 propter

524 3481 801 3546 peccatum
833 3472 1051 3528 misisse
1081 3471 1454 3538 demonstrat,
1503 3471 1757 3540 quoniam
1786 3479 1913 3526 ante
1940 3470 2116 3527 incar-

530 3565 806 3621 nationem
837 3571 957 3620 erat
984 3562 1180 3631 Filius,
1207 3572 1262 3619 et
1283 3570 1534 3632 suscepta
1564 3570 1747 3632 postea
1778 3576 1963 3627 carne,
1997 3576 2115 3633 quae

525 3656 592 3709 ad
624 3654 955 3725 peccandum
987 3661 1136 3709 esset
1180 3653 1501 3723 proclivior,
1542 3654 1659 3723 ipse
1702 3662 1882 3709 tamen
1912 3652 2116 3723 absque

527 3754 756 3818 peccato
779 3760 898 3802 eam
919 3746 1237 3816 susceperit.
1267 3748 1336 3802 Et
1352 3746 1555 3803 idcirco
1575 3747 1773 3803 dicitur
1788 3749 1841 3804 in
1856 3748 2114 3803 similitu-

520 3839 704 3896 dinem
724 3840 905 3895 carnis
925 3838 1156 3910 peccati,
1189 3848 1441 3910 suscepta
1467 3854 1653 3907 carne,
1676 3842 1889 3897 venisse
1910 3849 1965 3896 et
1985 3855 2113 3911 pec-

526 3942 706 3989 catum
727 3932 783 3989 in
813 3932 1001 3989 eadem
1028 3947 1191 3988 carne
1220 3932 1504 3990 damnasse
1535 3951 1550 3989 :
1582 3934 1837 4004 quoniam
1866 3948 2107 4000 carnem,

530 4044 691 4101 quam
716 4037 1053 4100 susceperat,
1086 4026 1365 4084 innoxiam
1392 4028 1689 4084 servaverit
1712 4028 1781 4085 ab
1806 4028 1952 4085 omni
1983 4042 2113 4087 con-

523 4126 739 4196 tagione
768 4124 994 4195 peccati.
1027 4122 1159 4179 ltem
1202 4123 1378 4194 legem
1407 4122 1557 4189 dicit,
1586 4139 1696 4178 non
1726 4129 1997 4193 praecepta
2027 4135 2112 4175 sa-

524 4218 881 4283 criﬁciorum,
922 4227 977 4273 et
1003 4227 1223 4284 caetera,
1254 4232 1373 4287 quae
1416 4224 1572 4273 erant
1598 4215 1810 4277 umbra,
1842 4229 2012 4285 usque
2043 4216 2110 4268 ad

524 4324 736 4383 tempus
777 4311 973 4369 Christi
1014 4310 1137 4367 data
1172 4329 1185 4363 :
1230 4310 1326 4367 sed
1374 4310 1520 4365 illam
1571 4324 1732 4381 quam
1773 4316 1828 4362 et
1855 4307 2111 4363 Dominus

523 4416 709 4464 noster
736 4406 892 4463 Jesus
922 4405 1169 4462 Christus
1206 4403 1425 4468 docuit,
1470 4402 1657 4458 dicens
1691 4418 1703 4454 :
1734 4400 1927 4455 Omnia
1964 4414 2112 4471 quaa-

521 4515 753 4572 cumque
786 4499 976 4565 vultis,
1014 4506 1073 4553 ut
1102 4496 1303 4552 faciant
1332 4494 1484 4549 vobis
1526 4492 1794 4557 homines,
1823 4493 1901 4547 sic
1929 4503 1984 4547 et
2011 4507 2109 4547 vos

520 4593 679 4649 facite
711 4591 835 4647 illis.
861 4589 967 4646 Ista
995 4598 1081 4646 est
1118 4589 1260 4643 enim
1304 4587 1411 4642 Lex
1461 4594 1515 4640 et
1540 4585 1844 4653 Prophetas.
1889 4583 2106 4639 lnlirma

520 4684 663 4741 enim
685 4692 804 4741 erat
832 4698 938 4754 qua
960 4695 1060 4737 nos
1086 4679 1417 4735 volebamus.
1442 4676 1560 4732 Non
1579 4676 1724 4731 enim
1750 4675 2105 4745 impossibilia

523 4778 795 4835 mandata.
841 4775 998 4833 Unde
1039 4774 1212 4831 Filius
1240 4771 1338 4828 Dei
1368 4771 1593 4828 formam
1630 4771 1773 4826 servi
1814 4770 2100 4842 accipiens,

525 4872 698 4929 factus
725 4880 809 4928 est
847 4871 1028 4937 homo,
1062 4876 1121 4925 ut
1144 4874 1427 4939 peccatum
1450 4864 1731 4921 damnaret
1756 4864 1807 4919 in
1834 4878 2019 4930 carne,
2050 4874 2105 4920 et

519 4978 617 5019 nos
660 4962 987 5030 instrueret,
1034 4957 1491 5031 quemadmodum
1539 4964 1787 5029 oporteat
1824 4966 2103 5027 peccatum

520 5054 782 5111 damnare
808 5054 861 5111 in
897 5068 1087 5123 carne,
1119 5061 1177 5110 ut
1212 5050 1529 5125 iustiﬁcatio
1556 5051 1693 5123 legis
1735 5051 2021 5122 impleatur
2046 5051 2100 5107 in

519 5148 697 5206 nobis.

591 5243 659 5299 In
683 5257 785 5314 quo
812 5240 1175 5313 inﬁrmabatur
1194 5257 1286 5314 per
1316 5254 1542 5299 carnem.
1566 5238 1627 5296 In
1657 5238 1764 5296 illis
1787 5237 2098 5296 inﬁrmaba-

520 5347 628 5407 tur,
661 5354 768 5396 non
799 5338 856 5394 in
883 5352 965 5395 se.

586 5433 731 5489 Deus
755 5429 960 5489 Filium
987 5448 1139 5488 suum
1166 5432 1393 5489 mittens.
1426 5430 1629 5488 Contra
1655 5427 1966 5497 Photinum,
2007 5431 2098 5500 qui

520 5537 700 5599 negat,
731 5527 932 5585 Filium
954 5535 1078 5584 ante
1097 5542 1333 5584 carnem.

592 5619 659 5676 In
686 5620 1073 5677 similitudinem
1094 5621 1264 5677 carnis
1294 5619 1511 5691 peccati.
1542 5618 1738 5675 Dicens
1766 5617 1820 5673 in
1848 5615 2098 5673 similitu-

520 5707 696 5765 dinem
730 5711 909 5768 carnis
931 5711 1161 5779 peccati,
1191 5710 1431 5766 ostendit
1454 5725 1576 5766 eum
1609 5710 1850 5766 eamdem
1881 5708 2097 5779 quidem

2229 1864 2351 1919 quae
2397 1856 2523 1903 ante
2563 1846 2835 1902 serviebat
2860 1854 3105 1918 peccato,
3138 1844 3268 1901 vicit
3317 1844 3634 1918 (numquam
3687 1859 3809 1916 pec-

2226 1941 2425 2013 cando)
2456 1950 2732 2012 peccatnm
2767 1957 2781 1994 :
2812 1948 2868 1995 et
2893 1942 2947 1995 in
2978 1939 3165 1995 eadem
3195 1953 3358 1994 carne
3387 1934 3667 1994 damnavit
3694 1952 3809 2007 pec-

2228 2047 2431 2105 catum,
2464 2043 2525 2091 ut
2563 2035 2876 2092 ostenderet
2907 2034 3242 2090 voluntatem
3288 2049 3412 2090 csse
3460 2033 3516 2090 in
3566 2033 3807 2101 crimine,

2225 2143 2333 2185 non
2366 2138 2637 2197 naturam,
2671 2144 2792 2199 quae
2820 2126 2946 2183 talis
2974 2143 3006 2183 a
3035 2126 3147 2183 Deo
3195 2126 3335 2183 facta
3382 2134 3489 2197 est,
3540 2136 3600 2182 ut
3647 2126 3810 2199 possit

2224 2238 2336 2280 non
2361 2238 2611 2294 peccare,
2645 2222 2691 2278 si
2711 2222 2864 2277 velit.

2302 2318 2368 2375 Ut
2389 2320 2702 2394 justi/icatio
2725 2319 2853 2391 legis
2880 2317 3179 2393 impleretur
3203 2315 3261 2372 in
3302 2315 3468 2372 nobis.
3493 2314 3563 2373 Ut
3585 2312 3726 2388 quod
3758 2315 3811 2372 in

2224 2411 2358 2480 illis,
2386 2422 2723 2485 repugnante
2753 2412 2960 2468 carnali
2989 2410 3405 2479 consuetudine,
3448 2409 3667 2480 implere
3698 2426 3803 2465 non

2223 2505 2420 2573 potuit,
2454 2505 2509 2559 in
2542 2502 2696 2560 nobis
2719 2504 2911 2559 saltem
2938 2502 3244 2575 impleatur,
3268 2504 3359 2574 qui
3382 2501 3621 2574 exemplo
3642 2500 3803 2559 Chri-

2223 2597 2292 2654 sti
2318 2596 2761 2653 mortilicabimus
2784 2613 3025 2654 carnem.

2299 2690 2401 2759 Qui
2438 2708 2540 2745 non
2580 2691 2858 2746 secundum
2888 2707 3093 2746 carnem
3116 2690 3461 2760 ambulamus,
3507 2690 3597 2745 sed
3621 2705 3803 2747 secun-

2223 2786 2346 2841 dum
2387 2786 2650 2857 spiritum.
2681 2786 2781 2851 Qui
2804 2786 2938 2842 enim
2965 2786 3248 2841 secundum
3289 2803 3494 2842 carnem
3531 2797 3672 2855 sunt,
3699 2800 3809 2858 qui:

2222 2880 2393 2936 carnis
2419 2890 2558 2945 sunt,
2587 2878 2797 2951 sapiunt
2822 2897 2833 2931 :
2858 2878 2948 2950 qui
2969 2894 3086 2934 vero
3107 2879 3385 2934 secundum
3405 2880 3651 2949 spiritum
3670 2888 3802 2946 sunt,

2222 2989 2336 3044 qua:
2381 2982 2499 3028 sunt
2539 2972 2749 3045 spiritus
2780 2970 3027 3026 sentiunt.
3056 2970 3230 3027 Homo
3257 2986 3320 3027 ex
3347 2970 3543 3042 Spiritu
3570 2981 3628 3028 et
3651 2987 3805 3028 carne

2221 3071 2562 3121 constructus
2599 3072 2705 3120 est.
2738 3061 2964 3132 Quando
3008 3078 3138 3134 ergo
3182 3063 3417 3120 carnalia
3467 3064 3613 3136 agit,
3668 3072 3804 3120 totus

2220 3172 2347 3215 caro
2375 3157 2613 3214 dicitur:
2645 3155 2858 3229 quando
2886 3171 3016 3212 vero
3048 3155 3375 3226 spiritualia,
3404 3164 3551 3212 totus
3589 3156 3803 3228 spiritus

2219 3251 2541 3323 appellatur.
2574 3249 2923 3321 Unaquaeque
2944 3249 3085 3305 enim
3110 3248 3432 3319 substantia,
3466 3264 3589 3305 cum
3618 3248 3800 3305 eadem

2217 3345 2445 3402 alteram
2491 3345 2545 3400 in
2580 3358 2734 3400 suam
2766 3344 3028 3399 ditionem
3070 3342 3249 3414 erigit,
3302 3351 3356 3398 et
3406 3342 3517 3398 vim
3543 3341 3799 3414 quodam-

2218 3438 2378 3494 modo
2407 3438 2678 3509 propriam
2706 3447 2761 3493 et
2786 3451 2980 3493 nomen
3017 3434 3233 3492 amittit.
3261 3433 3397 3491 Nam
3440 3435 3668 3507 singulae
3712 3447 3800 3491 co-

2214 3541 2372 3604 gnata
2397 3532 2500 3589 sibi
2530 3541 2585 3587 et
2613 3531 2790 3587 vicina
2814 3528 3160 3602 desiderant,

2288 3626 2428 3683 Nam
2457 3627 2736 3701 prudentia
2764 3628 2936 3682 carnis
2965 3643 3102 3682 mors
3147 3635 3225 3682 est
3256 3642 3275 3682 :
3314 3622 3586 3700 prudentia
3624 3634 3799 3681 autem

2215 3720 2448 3792 spiritus,
2470 3721 2572 3775 vita
2601 3730 2648 3775 et
2671 3736 2796 3790 pax.
2820 3720 3143 3788 Notandum,
3172 3721 3297 3792 quia
3337 3735 3448 3776 non
3474 3736 3599 3777 caro
3625 3734 3794 3787 mors,

2214 3812 2309 3869 sed
2339 3812 2642 3883 prudentia.
2672 3813 2803 3884 Ejus
2824 3824 3007 3871 autem
3036 3823 3269 3870 mortem
3294 3812 3507 3878 dicens,
3540 3823 3797 3870 aeternam

2214 3920 2426 3976 poenam
2455 3904 2740 3977 signiﬁcat.
2772 3904 2906 3962 Item
2945 3907 3059 3978 ipse
3085 3905 3214 3962 alibi
3244 3905 3375 3962 dicit
3409 3925 3422 3961 :
3455 3906 3795 3977 prudentiam

2212 3996 2503 4055 humanam
2535 4015 2678 4067 esse,
2708 3999 2851 4055 malo
2881 4000 3056 4057 vicem
3086 3998 3309 4055 referre.
3338 3999 3485 4055 Talis
3516 4016 3653 4073 ergo
3674 4016 3794 4072 pru-

2213 4092 2390 4149 dentia
2444 4104 2675 4151 mortem
2741 4095 2882 4167 parit
2935 4095 3382 4167 transgrediendo
3437 4107 3787 4168 praceptum.

2213 4187 2446 4257 Spiritus
2471 4204 2603 4245 vero
2630 4189 2933 4259 prudentiae
2963 4189 3018 4245 in
3042 4192 3295 4261 praesenti
3318 4205 3508 4262 pacem
3530 4192 3708 4259 habet,
3738 4201 3792 4247 et

2214 4297 2321 4338 non
2351 4282 2626 4339 reddendo
2641 4276 2849 4350 'vicem,
2881 4292 2937 4339 et
2961 4285 3125 4357 vitam
3174 4286 3229 4341 in
3272 4284 3475 4343 futuro.
3503 4284 3790 4343 Prudentia

2212 4393 2342 4433 vero
2363 4392 2393 4432 a
2421 4377 2751 4448 providendo
2776 4387 2863 4435 est
2885 4379 3173 4450 appellata.

2283 4472 2538 4539 Quoniam
2557 4473 2809 4546 sapientia
2828 4474 3003 4530 carnis
3026 4474 3234 4530 inimica
3251 4483 3325 4531 est
3352 4472 3487 4531 Deo.
3510 4473 3634 4549 Legi
3656 4474 3791 4529 enim

2132 4541 2185 4603 Β
2208 4567 2308 4625 Dei
2337 4584 2439 4623 non
2463 4576 2537 4622 est
2565 4541 2813 4640 subjecta.
2839 4567 2955 4624 Non
2982 4569 3096 4639 ipsa
3134 4584 3284 4637 caro,
3318 4578 3377 4625 ut
3399 4541 3681 4625 Manichaei
3710 4566 3791 4623 di-

2206 4671 2358 4727 cunt,
2390 4662 2485 4717 sed
2513 4676 2706 4718 sensus
2753 4662 2989 4718 carnalis
3020 4662 3267 4719 inimicus
3310 4673 3393 4719 est
3438 4662 3573 4719 Deo.
3620 4661 3792 4718 Omne

2207 4758 2351 4814 enim
2376 4772 2485 4813 non
2504 4756 2829 4827 subjectum,
2860 4755 3135 4811 inimicum
3166 4766 3271 4824 est,
3296 4767 3353 4813 et
3375 4756 3707 4828 quicumque
3734 4768 3793 4810 se

2205 4850 2439 4907 voluerit
2460 4848 2755 4919 vindicare,
2795 4846 2959 4904 etiam
2991 4847 3194 4905 veteris
3220 4847 3355 4920 legis
3384 4861 3792 4919 nonnumquam

2206 4943 2423 5001 modum
2448 4942 2681 5000 excedit.

2275 5035 2388 5091 Nec
2406 5037 2540 5092 enim
2566 5044 2750 5110 potest.
2777 5033 3117 5106 Impossibile
3142 5032 3302 5104 dixit,
3331 5040 3392 5089 ut
3414 5031 3495 5089 vel
3527 5031 3607 5088 sic
3626 5047 3724 5091 eos
3754 5050 3787 5092 a

2203 5131 2383 5186 carnis
2412 5127 2864 5201 concupiscentiis
2889 5134 3191 5184 revocaret.

2277 5224 2379 5291 Qui
2402 5233 2571 5279 autem
2603 5223 2657 5278 in
2679 5238 2831 5277 carne
2853 5229 2994 5277 sunt.
3028 5220 3130 5276 Hic
3154 5218 3436 5291 probatur,
3467 5218 3595 5291 quia
3622 5232 3786 5291 supe-

2201 5320 2314 5378 rius
2362 5334 2468 5376 non
2518 5335 2761 5387 carnem,
2808 5318 2907 5375 sed
2936 5332 3101 5389 opera
3149 5323 3499 5372 accusaverat
3550 5317 3783 5373 carnis:

2204 5417 2330 5487 quia
2354 5414 2550 5485 quibus
2579 5412 2682 5469 hoc
2702 5411 2922 5484 dicitur,
2948 5412 3134 5482 utique
3161 5410 3214 5467 in
3240 5425 3403 5465 carne
3429 5407 3710 5465 vivebant.

2271 5508 2381 5563 Deo
2408 5507 2607 5577 placere
2631 5522 2734 5559 non
2761 5516 2991 5577 possunt.
3016 5503 3157 5562 Fieri
3182 5504 3325 5559 enim
3353 5516 3462 5558 non
3492 5511 3693 5573 potest,
3722 5508 3781 5557 ut

2199 5600 2347 5659 carni
2377 5597 2612 5668 deditus,
2640 5598 2930 5669 aliquando
2955 5614 3061 5657 non
3096 5604 3299 5669 peccet.

2279 5694 2379 5751 Vos
2407 5702 2579 5747 autem
2598 5694 2653 5746 in
2674 5709 2824 5748 carne
2852 5693 2995 5760 estis,
3035 5693 3125 5748 sed
3146 5694 3201 5748 in
3232 5688 3441 5762 spiritu.
3469 5690 3588 5750 lloc
3617 5697 3702 5750 est
3721 5690 3778 5749 in

517 5814 759 5873 carnem,
782 5802 879 5861 sed
907 5802 1108 5873 absque
1136 5814 1360 5875 peccato
1384 5813 1649 5876 portasse.
1674 5803 1924 5881 ltemJiic
1948 5802 2095 5863 simi-
2196 5785 2561 5864 Spirilualibus
2586 5786 2842 5860 οΡθτῖδυε
2881 5785 3149 5859 occupa“-
