4030 6202
192 295 292 355 681

830 289 1375 352 COMMENTARIUS
1412 290 1481 349 IN
1519 284 1914 350 EPISTOLAM
1953 286 2044 346 AD
2080 283 2429 347 ROMANOS.
2475 288 2634 348 CAP.
2668 288 2803 346 VIII.

3379 288 3487 350 682

259 411 324 468 Si
353 416 525 465 tamen
547 406 762 478 spiritus
780 405 878 462 Dei
908 408 1102 462 habitat
1124 408 1181 461 in
1205 408 1366 463 vobis,
1405 408 1503 463 Hic
1541 404 1784 463 ostendit
1813 407 1858 463 Α
1890 403 2089 469 timore,
2120 403 2207 456 sed
2238 404 2507 475 accepistis
2536 402 2773 473 spiritum
2798 399 3088 470 adoptionis
3110 402 3340 472 ﬁliorum
3364 403 3481 458 Dei.

192 502 448 573 quoniam
473 498 707 571 Spiritus
737 508 960 555 sanctus
991 499 1172 555 Patris
1201 509 1257 555 et
1286 499 1412 554 Filii
1440 500 1529 553 sit.
1564 498 1697 554 Item
1727 498 1781 553 in

193 594 288 650 illo
316 594 541 665 Spiritus
568 593 666 647 Dei
706 592 936 658 habitat,
967 593 1153 663 inquo
1183 592 1303 662 ejus
1332 601 1601 664 apparent
1641 591 1783 647 fruc-

194 695 279 743 tus
312 705 325 742 :
350 687 491 742 sicut
512 686 586 740 ait
606 685 674 740 ad
697 685 916 742 Galatas
947 704 959 739 :
994 686 1227 743 Fructus
1253 694 1435 743 autem
1458 685 1684 757 spiritus
1704 693 1787 741 est

199 778 459 844 charitas,
480 775 768 847 gaudium,
811 788 920 833 etc.

268 869 329 923 Si
366 869 481 941 quis
522 878 696 923 autem
723 871 965 942 spiritum
996 868 1189 926 Christi
1240 888 1341 926 non
1376 871 1545 939 habet,
1581 870 1665 924 hic
1686 886 1785 925 non

193 972 267 1020 est
286 966 423 1035 ejus.
452 962 687 1032 Spiritus
716 961 919 1019 Christi
960 972 1044 1020 est
1080 964 1384 1032 humilitas,
1413 974 1467 1021 et
1498 964 1782 1034 patientia,

197 1055 552 1123 omniumque
582 1055 840 1110 virtutum
870 1063 975 1126 est,
1026 1056 1119 1126 qui
1167 1055 1364 1111 dilexit
1412 1054 1688 1123 inimicos,
1726 1063 1789 1108 et

196 1163 295 1220 pro
323 1147 405 1202 eis
432 1147 632 1203 oravit.

267 1238 329 1293 Si
360 1246 533 1292 autem
565 1237 799 1293 Christus
825 1238 879 1292 in
900 1239 1039 1294 vobis
1072 1249 1168 1305 est,
1196 1257 1381 1312 corpus
1409 1241 1616 1312 quidem
1650 1256 1788 1295 mor-

197 1340 342 1386 tuum
380 1342 455 1386 est
505 1342 711 1404 propter
752 1341 1039 1403 peccatum.
1084 1334 1144 1389 Si
1187 1334 1461 1390 Christum
1504 1335 1787 1390 imitamini

196 1422 430 1479 carnalis
452 1437 668 1489 sensus,
690 1424 845 1493 quasi
876 1433 1142 1491 mortuus,
1170 1440 1280 1481 non
1307 1427 1534 1482 resistit.
1560 1426 1714 1483 Unde
1735 1434 1792 1483 et

195 1514 363 1569 David
392 1514 575 1569 aiebat
603 1531 616 1569 :
654 1515 763 1586 Ego
799 1525 1072 1586 tamquam
1102 1519 1301 1575 surdus
1328 1533 1436 1574 non
1470 1519 1784 1589 audiebam,

198 1616 252 1663 et
277 1608 419 1663 sicut
449 1618 631 1663 mutus
654 1624 761 1664 non
792 1610 1041 1679 aperiens
1063 1626 1127 1668 os
1157 1628 1335 1681 suum,
1368 1621 1474 1668 etc.

270 1700 502 1769 Spiritus
550 1716 667 1753 vero
714 1701 834 1753 vivit
884 1711 1091 1772 prapter
1146 1704 1586 1774 justi/icationem.
1638 1703 1793 1759 Nunc

1886 493 2190 550 Notandum
2222 506 2304 550 est
2324 537 2339 561 ,
2368 497 2491 566 quia
2521 494 2727 559 Judaei,
2758 494 2860 548 etsi
2891 492 2987 549 ﬁlii
3031 494 3127 550 Dei
3167 505 3343 566 erant,
3393 505 3477 552 ta-

1887 602 2011 643 men
2039 602 2158 642 cum
2184 595 2365 642 essent
2393 586 2495 642 sub
2523 586 2665 656 Lege
2693 584 2841 640 velut
2867 586 2968 640 sub
2997 585 3290 657 paedagogo
3310 602 3478 659 agen-

1887 688 1991 745 tes,
2023 681 2267 749 spiritum
2302 680 2514 735 timoris
2544 678 2835 734 habebant.
2879 677 3011 733 ltem
3053 678 3227 734 Judaei
3256 694 3480 750 accepe-

1887 781 2018 826 runt
2057 770 2330 841 spiritum,
2374 772 2466 841 qui
2506 770 2629 827 illos
2660 770 2727 825 ad
2768 770 3087 825 servitutem
3130 778 3351 841 cogeret
3379 786 3478 843 per

1890 862 2161 920 timorem.
2192 863 2412 919 Timere
2459 862 2608 918 enim
2656 876 2942 918 servorum
2973 870 3057 917 est
3086 878 3100 914 :
3133 861 3380 931 diligere,
3420 862 3483 916 ﬁ-

1888 955 2107 1022 liorum,
2141 956 2282 1011 sicut
2309 956 2574 1025 scriptum
2606 964 2691 1011 est
2721 974 2732 1008 :
2767 954 2968 1011 Servus
2998 954 3277 1009 dominum
3321 969 3480 1010 suum

1892 1046 2121 1112 timebit,
2156 1056 2209 1101 et
2241 1047 2383 1101 ﬁlius
2409 1046 2597 1117 diliget
2626 1055 2835 1116 patrem
2867 1060 3023 1101 suum
3056 1061 3071 1100 :
3100 1044 3178 1101 Illi
3210 1062 3363 1117 ergo,
3387 1047 3481 1118 qui

1889 1138 2101 1208 Operari
2126 1136 2412 1193 charitatis
2432 1138 2715 1193 voluntate
2744 1137 3026 1206 nolebant,
3056 1139 3268 1194 timoris
3298 1152 3489 1194 neces-

1890 1228 2377 1301 sitate‘cogantur.
2426 1230 2535 1287 Nos
2564 1246 2696 1287 vero
2725 1234 2908 1288 omnia
2948 1232 3256 1289 voluntarie
3296 1247 3491 1302 opere-

1891 1338 2034 1391 mur,
2064 1333 2123 1379 ut
2152 1323 2295 1380 ﬁlios
2323 1337 2423 1379 nos
2448 1338 2638 1380 omnes
2670 1325 2989 1395 probemus,
3034 1342 3145 1382 non
3191 1341 3383 1383 servos
3425 1327 3492 1382 ti-

1892 1418 2080 1473 moris.
2114 1416 2246 1472 Item
2292 1432 2407 1484 vos,
2464 1417 2714 1485 Romani,
2749 1419 2801 1473 in
2851 1418 3202 1488 adoptionem
3252 1421 3488 1476 ﬁliorum

1890 1512 2068 1567 vocati
2096 1512 2249 1579 estis,
2281 1526 2389 1567 non
2422 1512 2561 1568 sicut
2605 1511 2944 1583 Judmi,'qui,
2976 1513 3175 1569 subditi
3202 1514 3362 1583 Legis
3388 1514 3493 1570 im-

1893 1607 2069 1677 perio,
2096 1606 2151 1661 in
2181 1607 2444 1664 servitute
2472 1606 2814 1664 tenebantur.

1967 1700 2034 1755 In
2066 1718 2167 1773 quo
2206 1701 2511 1771 clamamus,
2546 1701 2689 1756 Abba
2725 1708 2891 1773 pater.
2926 1701 3031 1770 Qui
3062 1710 3223 1759 vocat
3254 1709 3486 1773 patrem,

201 1793 458 1863 spiritum
493 1801 742 1847 nostrum
774 1794 1045 1863 signiﬁcat
1078 1812 1093 1850 :
1136 1795 1230 1866 qui
1273 1806 1496 1867 propter
1535 1798 1798 1865 justitiam
1828 1799 1877 1862 Β
1904 1793 2075 1847 ﬁlium
2107 1809 2167 1849 se
2198 1809 2322 1850 esse
2360 1795 2667 1865 proﬁtetur.
2696 1794 2869 1851 Debet
2897 1810 3027 1866 ergo
3053 1796 3190 1866 patri
3223 1794 3277 1850 in
3322 1795 3494 1850 mori-

199 1900 358 1940 suam
378 1887 489 1940 vita
516 1886 849 1955 appellatur,
882 1887 1037 1955 quasi
1064 1887 1370 1956 justiﬁcans
1396 1902 1613 1957 corpus,
1640 1889 1797 1943 beata

196 1978 290 2033 illa
325 1987 528 2033 mterna
560 1980 688 2033 vita.
716 1978 850 2033 Item
880 1979 1105 2049 spiritus
1125 1980 1288 2047 vivit,
1312 1991 1373 2037 ut
1391 1980 1654 2050 juStitiam
1678 1995 1801 2050 ope.

203 2078 381 2125 retur.
406 2068 525 2123 Non
551 2070 692 2123 enim
720 2069 821 2125 hoc
849 2070 1024 2126 solum
1055 2072 1336 2141 quaeritur,
1360 2080 1469 2127 uta
1492 2068 1829 2127 carnalibus

200 2174 481 2216 cessemus
507 2160 604 2214 sed
627 2160 788 2215 etiam
819 2170 877 2215 ut
907 2170 961 2216 et
990 2160 1287 2231 spiritualia
1320 2160 1600 2217 faciamus.

278 2252 434 2319 Quod
461 2253 507 2305 si
548 2252 762 2321 spiritus
788 2253 925 2321 eius,
955 2254 1043 2322 qui
1081 2254 1343 2308 suscitavit
1368 2252 1549 2308 Jesum
1591 2270 1625 2325 a_
1668 2269 1806 2308 mor-

207 2344 332 2409 tuis,
362 2342 566 2398 habitat
585 2346 640 2399 in
668 2344 809 2398 vobis
842 2361 858 2397 :
881 2345 969 2411 qui
996 2346 1263 2400 suscitavit
1283 2343 1464 2400 Jesum
1489 2346 1751 2401 Christum
1772 2364 1804 2400 a

204 2439 444 2507 mortuis,
475 2438 752 2507 vivificabit
782 2450 829 2490 et
858 2440 1101 2493 mortalia
1131 2456 1352 2511 corpora
1380 2450 1550 2495 vestra
1592 2448 1801 2512 propter

205 2530 585 2585 inhabitantem
617 2531 857 2601 spiritum
892 2534 1008 2601 ejus
1032 2533 1086 2585 in
1120 2533 1284 2586 vobis.
1318 2533 1374 2589 Si
1398 2542 1578 2588 tamen
1610 2534 1805 2603 purifi-

205 2624 342 2689 cati,
367 2632 432 2679 ut
461 2626 514 2679 in
544 2625 699 2681 vobis
731 2624 967 2696 Spiritus
994 2632 1220 2679 sanctus
1242 2625 1493 2681 habitare
1514 2624 1764 2697 dignetur
1788 2645 1801 2680 :

205 2732 325 2772 non
371 2717 575 2786 patitur
613 2716 757 2772 Deus
799 2717 1060 2787 templum
1106 2715 1329 2787 spiritus
1376 2717 1601 2773 interire
1646 2735 1659 2771 :
1709 2718 1806 2774 sed

205 2809 488 2880 quomodo
508 2808 691 2865 Jesum
715 2824 745 2863 a
776 2810 1010 2865 mortuis
1041 2809 1324 2865 suscitavit
1350 2828 1363 2865 :
1398 2811 1470 2865 ita
1503 2820 1558 2867 et
1578 2825 1807 2882 corpora

207 2911 394 2959 vestra
427 2903 776 2959 restaurabit.

287 2994 448 3066 Ergo,
486 2997 696 3064 fratres,
729 2995 985 3051 debitores
1012 3013 1189 3052 sumus
1216 3015 1319 3053 non
1346 3000 1511 3067 carni,
1544 3006 1600 3053 ut
1626 3014 1809 3053 secun-

210 3089 343 3143 dum
372 3105 577 3143 carnem
609 3091 858 3144 vivamus.
881 3090 995 3147 Iloc
1021 3100 1191 3146 totum
1215 3093 1347 3163 agit,
1368 3103 1425 3148 ut
1451 3094 1703 3149 ostendat
1731 3096 1811 3150 eis

1896 1885 1998 1940 bus
2027 1884 2218 1939 similis
2245 1886 2512 1940 inveniri:
2550 1902 2640 1952 ne,
2676 1888 2898 1942 nomine
2941 1888 3233 1959 quoqtte‘in
3261 1903 3491 1945 vacuum

1902 1984 2187 2047 usurpato,
2220 1975 2415 2047 majori
2441 1993 2621 2048 poena:
2657 1977 2958 2048 subjaceat.

1975 2067 2101 2135 Ipse
2146 2070 2286 2124 enim
2326 2070 2539 2134 spiritus
2583 2069 2934 2123 testimonium
2963 2069 3133 2123 reddit
3160 2070 3377 2141 spiritui
3405 2089 3500 2127 no-

1907 2173 2005 2233 tro,
2039 2165 2179 2232 quod
2205 2181 2385 2219 suntus
2434 2164 2532 2233 ﬁlii
2581 2162 2703 2217 Dei.
2748 2161 3147 2218 Testimonium
3194 2162 3502 2235 adoptionis

1905 2265 2005 2322 est,
2040 2255 2185 2326 quod
2215 2255 2482 2310 habemus
2508 2254 2782 2325 spiritum,
2818 2268 2917 2325 per
2947 2269 3106 2325 quem
3142 2255 3213 2309 ita
3254 2269 3499 2311 oramus.

1906 2347 2133 2402 Tantam
2161 2348 2303 2402 enim
2326 2348 2544 2401 arrham
2568 2348 2813 2417 accipere
2835 2362 2943 2403 non
2974 2356 3228 2415 poterant
3257 2348 3356 2401 nisi
3383 2346 3498 2402 ﬁlii.

1980 2442 2042 2498 Si
2088 2451 2259 2497 autem
2304 2442 2424 2511 ﬁlii,
2467 2450 2515 2495 et
2567 2441 2795 2497 literedes
2831 2458 2850 2497 :
2880 2441 3108 2499 hatredes
3146 2444 3353 2515 quidem
3383 2443 3503 2513 Dei,

1909 2534 2198 2590 cohwredes
2236 2544 2407 2589 autem
2460 2535 2672 2590 Christi.
2719 2536 2825 2604 Qui
2874 2547 3123 2593 meretur
3163 2553 3287 2593 esse
3339 2537 3505 2604 ﬁlius,

1908 2635 2151 2683 meretur
2175 2627 2314 2683 efﬁci
2350 2627 2524 2682 haeres
2554 2628 2747 2699 patris,
2781 2636 2837 2683 et
2862 2628 2979 2685 veri
3012 2628 3110 2684 ﬁlii
3137 2629 3403 2686 colueres.

1982 2720 2045 2775 Si
2070 2728 2239 2774 tamen
2284 2721 2645 2792 compatimur.
2691 2719 2749 2776 Si
2779 2722 2905 2776 talia
2937 2722 3199 2793 patimur,
3249 2738 3369 2777 cum
3414 2738 3508 2779 ne-

1911 2826 2064 2867 cesse
2095 2811 2282 2880 fuerit,
2334 2828 2433 2884 pro
2461 2813 2686 2869 nomine
2736 2814 2853 2883 ejus
2887 2832 2899 2868 :
2934 2814 3117 2885 qualia
3148 2815 3374 2886 pertulit
3417 2813 3511 2872 ille

1911 2919 2011 2974 pro
2040 2904 2217 2960 nobis.

1990 2996 2056 3053 Ut
2087 2997 2458 3070 gtoriﬁcemur.
2507 2996 2662 3053 Sicut
2690 2996 2930 3055 Joannes
2966 2998 3043 3053 ait
3075 3014 3089 3052 :
3136 2997 3349 3056 Scimus
3378 3014 3511 3071 quo-

1917 3088 2064 3144 niam
2090 3103 2215 3143 cum
2244 3089 2579 3159 apparuerit,
2625 3090 2837 3146 similes
2868 3091 2919 3146 ei
2960 3091 3186 3147 erimus.

209 3183 392 3254 legem
410 3199 519 3238 non
541 3198 663 3238 esse
687 3184 1075 3252 necessariam,
1098 3200 1220 3255 qua:
1234 3187 1544 3241 carnalibus
1564 3188 1687 3242 data
1706 3195 1805 3243 est.
1834 3176 1880 3240 C
1984 3180 2240 3234 Existimo
2278 3180 2433 3249 enim,
2467 3182 2604 3252 quod
2647 3199 2749 3237 non
2794 3191 2911 3237 sunt
2942 3182 3215 3255 coutlignw
3245 3183 3512 3255 passiones

211 3273 352 3329 Item
385 3274 678 3329 manifeste
707 3288 852 3329 nunc
875 3274 1130 3341 ostendit,
1163 3277 1287 3346 quia
1316 3293 1423 3331 non
1449 3279 1516 3333 de
1540 3280 1813 3334 communi

209 3372 271 3419 et
288 3362 526 3419 naturali
551 3373 729 3419 morte
750 3365 1000 3434 superius
1015 3363 1204 3421 fecerit
1220 3368 1772 3437 mentionem,dieens
1798 3387 1811 3423 :

291 3456 355 3512 Si
382 3456 519 3510 enim
560 3456 843 3511 seCundum
870 3473 1079 3511 carnem
1106 3458 1355 3525 vixeritis,
1390 3454 1703 3514 moriemini.
1728 3459 1816 3517 Si-

207 3546 443 3619 gnificat
484 3556 665 3602 autem
713 3556 942 3604 mortem
995 3563 1173 3618 paruae
1227 3558 1467 3606 aeternae.
1500 3550 1616 3605 Non
1646 3552 1812 3619 enim,

218 3639 352 3710 quia
384 3653 513 3694 caro
536 3637 772 3695 humana
803 3640 947 3696 mala
986 3642 1078 3709 sit,
1118 3651 1173 3697 et
1216 3643 1435 3713 spiritus
1465 3644 1661 3711 bonus,
1696 3645 1815 3699 lau-

216 3730 319 3787 dat
341 3731 616 3801 spiritum,
644 3741 699 3787 et
727 3733 1003 3804 vituperat
1023 3748 1241 3790 carnem
1267 3751 1281 3786 :
1307 3750 1428 3790 cum
1456 3734 1571 3804 ipse
1600 3735 1814 3803 doceat,

219 3824 415 3880 dicens
460 3844 471 3878 :
516 3826 583 3880 Et
612 3826 765 3897 virgo
813 3828 1035 3898 cogitat,
1069 3844 1189 3898 qua:
1218 3839 1346 3885 sunt
1391 3829 1626 3898 Domini,
1660 3840 1718 3884 ut
1750 3831 1822 3885 sit

222 3929 415 3973 sancta
448 3933 681 3989 corpore
702 3928 756 3974 et
784 3920 1003 3989 spiritu.
1026 3920 1187 3976 Novit
1213 3922 1357 3977 enim
1386 3931 1439 3976 et
1470 3931 1705 3978 mentem
1734 3936 1823 3977 ac-

226 4004 451 4077 cusare,
480 4010 674 4066 dicens
708 4028 721 4065 :
747 4010 1005 4067 Homines
1037 4013 1279 4081 corrupti
1309 4020 1517 4079 mente,
1544 4014 1647 4068 hoc
1675 4012 1820 4068 enim

223 4103 383 4169 dicit,
404 4102 696 4158 ostendere
722 4103 914 4158 volens
940 4104 1230 4158 maximam
1257 4113 1463 4173 partem
1482 4104 1819 4174 passionum,

226 4195 502 4254 desideria
535 4195 762 4249 humani
808 4196 1057 4265 corporis
1089 4209 1212 4251 esse
1247 4211 1262 4251 :
1289 4195 1434 4266 quod
1465 4190 1823 4252 cum'caateris

228 4287 643 4345 irrationalibus
666 4286 994 4344 animalibus
1030 4303 1318 4343 commune
1348 4289 1632 4345 habemus.
1670 4290 1824 4347 Sicut

228 4382 379 4437 enim
412 4389 615 4436 caetera
641 4379 896 4435 animalia
932 4379 999 4435 de
1031 4389 1172 4436 terra
1204 4381 1409 4436 habent
1442 4381 1777 4438 nativitatem
1809 4401 1821 4436 :

230 4474 306 4528 ita
334 4482 389 4529 et
428 4486 533 4527 nos
569 4485 788 4542 corpus.
844 4470 1038 4526 Anima
1067 4481 1248 4529 autem
1276 4481 1463 4528 nostra
1492 4473 1713 4543 spiritus
1742 4482 1824 4530 est

1918 3270 2073 3345 hujus
2100 3273 2369 3343 temporis.
2404 3271 2503 3328 llic
2531 3274 2644 3329 vult
2677 3273 2914 3329 futuram
2956 3276 3185 3345 gloriam
3231 3290 3513 3331 commen-

1919 3362 2073 3433 dare,
2103 3373 2161 3419 ut
2192 3372 2490 3434 przesentes
2522 3379 2810 3434 pressuras
2851 3364 3064 3420 facilius
3093 3366 3411 3421 toleremus.
3446 3366 3517 3421 Et

1916 3471 2108 3513 revera
2128 3456 2265 3512 nihil
2297 3464 2483 3526 posset
2507 3456 2671 3511 homo
2700 3454 3029 3525 condignum
3067 3457 3176 3527 pati
3200 3458 3373 3529 gloria
3404 3473 3514 3515 cce-

1916 3545 2039 3603 lesti
2080 3564 2093 3602 :
2126 3547 2337 3603 etiamsi
2369 3546 2490 3601 talis
2524 3554 2672 3601 esset
2708 3546 2800 3600 illa
2830 3547 3009 3617 qualis
3038 3548 3199 3604 modo
3239 3558 3323 3605 est
3371 3552 3505 3607 vita.

1918 3640 2187 3711 Quidquid
2218 3640 2361 3695 enim
2390 3651 2582 3709 passus
2617 3637 2781 3694 fuerit
2809 3654 2839 3692 a
2872 3648 3067 3708 morte,
3102 3641 3221 3711 plus
3249 3656 3357 3697 non
3386 3644 3509 3716 estf,

1921 3748 2080 3804 quam
2104 3732 2265 3787 etiam
2288 3746 2388 3802 pro
2414 3730 2652 3801 peccatis
2680 3731 2794 3785 suis
2814 3740 2975 3787 antea
3002 3733 3329 3789 merebatur.
3354 3734 3510 3790 Nunc

1921 3835 2101 3879 autem
2140 3832 2196 3879 et
2241 3831 2462 3894 peccata
2503 3822 2775 3879 donantur
2820 3842 2833 3877 :
2876 3832 2932 3879 et
2978 3835 3104 3880 tunc
3153 3825 3262 3881 vita
3312 3836 3517 3883 aeterna

1933 3916 2305 3988 praestabitur,
2330 3916 2666 3972 consortium
2693 3917 3035 3987 angelorum,
3072 3919 3333 3989 splendor
3359 3921 3515 3991 solis,

1924 4018 1980 4065 et
2005 4016 2225 4075 caetera,
2250 4023 2371 4078 qua:
2393 4008 2595 4065 sanctis
2620 4009 2849 4081 legimus
2877 4012 3232 4081 repromissa.

1994 4101 2076 4153 Ad
2105 4099 2334 4170 futuram
2365 4100 2613 4172 gloriam,
2640 4117 2759 4171 qute
2784 4101 3092 4157 revelabitur
3118 4104 3171 4157 in
3201 4102 3368 4159 nobis.
3393 4103 3509 4159 Mo-

1923 4192 1994 4248 do
2030 4192 2172 4247 enim
2228 4192 2545 4249 abscondita
2590 4204 2673 4248 est
2717 4208 2838 4250 cum
2869 4192 3092 4251 Christo
3135 4195 3189 4251 in
3229 4195 3342 4251 Deo
3397 4212 3413 4252 :
3463 4204 3521 4252 et

1924 4285 2162 4339 nondum
2194 4284 2448 4355 apparuit
2474 4284 2604 4355 quid
2655 4284 2858 4342 erimus
2892 4303 2903 4339 :
2945 4286 3090 4358 quod
3133 4286 3394 4343 Dominus
3434 4302 3521 4344 re-

1923 4376 2171 4446 promisit
2198 4377 2419 4432 sanctis.
2990 4391 2994 4396 '

1998 4468 2141 4523 Nam
2191 4470 2505 4542 exspectatio
2564 4479 2819 4526 creatura:
2878 4471 3241 4525 reuelationem
3288 4471 3519 4541 ﬁliorum

234 4565 616 4635 incorporeus,
663 4573 719 4619 et
747 4562 1056 4632 rationalis,
1100 4573 1156 4619 et
1201 4564 1545 4621 immortalis.
1579 4564 1635 4621 Si
1668 4566 1814 4621 enim
1842 4558 2017 4619 DDei
2065 4571 2344 4633 exspectat.
2395 4563 2605 4618 Diversi
2624 4562 2795 4635 [hunc
2822 4562 3015 4631 locum
3059 4561 3290 4619 diversis
3339 4565 3516 4620 modis

235 4655 535 4713 secundum
580 4669 803 4710 carnem
842 4653 1106 4722 vixeritis,
1158 4657 1481 4712 moriemini.
1512 4657 1820 4714 Secundum

239 4754 506 4808 rationem
562 4750 902 4821 expositam,
959 4750 1209 4805 carnales
1266 4751 1513 4808 homines
1560 4752 1820 4822 justitiam

242 4845 512 4903 custodire
538 4860 646 4900 non
676 4855 923 4915 possunt.

308 4940 371 4996 Si
396 4949 569 4993 autem
594 4939 780 5009 spiritu
802 4942 940 5009 facta
960 4938 1128 4992 carnis
1150 4939 1602 5009 mortiﬁcaveritis,
1627 4940 1818 4995 vivetis.

241 5028 623 5102 Spiritaalibus
642 5029 946 5085 actionibus
968 5030 1147 5085 carnis
1163 5044 1327 5099 opera
1350 5029 1710 5099 subjeceritis.
1726 5030 1827 5086 No-

243 5124 461 5179 tandum
494 5135 625 5177 sane
650 5136 814 5193 opera
836 5122 1017 5178 carnis
1045 5137 1150 5178 non
1172 5124 1523 5178 substantiam
1547 5139 1825 5182 accusare.

314 5216 637 5285 Quicumque
682 5216 818 5269 enim
862 5216 1048 5285 spiritu
1076 5215 1175 5269 Dei
1203 5224 1449 5287 aguntur,
1478 5214 1535 5269 hi
1576 5226 1695 5270 sunt
1733 5217 1829 5286 ﬁlii

242 5305 361 5361 Dei.
388 5304 726 5376 Quicumque
751 5314 1033 5362 merentur
1061 5316 1251 5362 sancto
1278 5306 1484 5376 Spiritu
1514 5307 1826 5378 gubernari.

242 5396 399 5453 Sicut
449 5397 775 5465 econtrario,
810 5398 902 5467 qui
934 5406 1184 5468 peccant,
1217 5396 1409 5468 spiritu
1439 5396 1638 5454 diaboli
1666 5413 1834 5469 agun-

247 5494 358 5555 tur,
382 5487 452 5543 ab
488 5487 643 5541 initio
671 5497 980 5558 peccatore.
1016 5488 1147 5545 Item
1181 5488 1507 5560 quicumque
1535 5490 1831 5545 secundum

246 5578 547 5636 doctrinam
577 5580 814 5650 Spiritus
842 5582 1013 5637 sancti
1038 5583 1266 5638 vivunt:
1297 5582 1404 5653 ipsi
1432 5591 1580 5652 sunt,
1606 5583 1696 5654 qui
1726 5581 1835 5653 spi-

247 5677 351 5734 ritu
383 5675 478 5732 Dei
510 5684 762 5747 aguntur.

322 5770 446 5829 Non
494 5771 633 5825 enim
680 5770 949 5839 accepistis
998 5773 1240 5841 spiritum
1269 5772 1524 5829 servitutis
1570 5771 1755 5829 iterum
1782 5771 1837 5830 iu

578 5864 855 5925 PATROL.
902 5863 1117 5928 XXX.

1928 4663 2225 4726 exponunt.
2259 4656 2385 4712 Sive
2413 4656 2590 4711 omnis
2616 4664 2867 4711 creatura
2909 4657 3332 4713 resurrectionis
3371 4666 3519 4714 tem-

1929 4762 2029 4819 pus
2067 4756 2349 4819 exspectat
2382 4767 2393 4802 :
2425 4749 2548 4818 quia
2593 4756 2720 4803 tunc
2749 4748 2803 4802 in
2850 4748 3045 4804 melius
3075 4750 3522 4821 commutabitur,

1930 4841 2046 4896 sive
2068 4840 2332 4910 angelica,
2372 4840 2488 4895 sive
2530 4839 2816 4894 rationalis
2849 4848 3119 4897 creatura.
3149 4840 3345 4898 Petrus
3374 4844 3520 4900 enim

1931 4932 2082 5001 dicit,
2111 4931 2286 4986 Etiam
2317 4930 2534 5000 angelos
2564 4929 2797 4999 gloriam
2833 4928 3142 4986 desiderare
3184 4941 3517 4991 sanctorum.

1931 5023 2160 5092 Quidam
2181 5022 2342 5077 etiam
2367 5021 2446 5075 sic
2470 5020 2662 5076 dicunt
2691 5036 2707 5075 :
2732 5019 2905 5075 Adam
2934 5028 2988 5076 et
3019 5020 3189 5078 Evam
3212 5038 3332 5081 esse
3362 5041 3517 5083 crea-

1935 5128 2108 5177 turam
2128 5160 2145 5187 ,
2178 5131 2314 5190 quos
2344 5115 2471 5172 olim
2516 5129 2739 5186 serpens
2767 5130 2798 5169 a
2837 5129 2934 5186 spe
2962 5115 3260 5176 divinitatis
3290 5122 3524 5176 vanitati

1936 5212 2230 5281 subjectos,
2261 5208 2596 5278 corruptioni
2641 5208 2882 5265 eﬁecerit
2931 5209 3254 5269 deservire:
3300 5229 3411 5270 non
3452 5228 3523 5269 ex

1936 5303 2247 5375 semetipsis
2267 5304 2594 5373 'peccantes,
2626 5301 2723 5357 sed
2773 5304 3045 5373 serpentis
3093 5304 3446 5376 instigatione
3470 5311 3530 5361 et

1939 5397 2188 5455 consilio.
2221 5395 2288 5451 Et
2315 5394 2440 5465 ipsi,
2471 5394 2741 5465 inquiunt,
2769 5395 3165 5466 liberabuntur,
3194 5406 3255 5454 ut
3275 5399 3388 5468 jam
3410 5413 3523 5455 non

1940 5486 2281 5559 corruptioni
2324 5486 2658 5543 deserviant.
2718 5485 2946 5543 Omnem
2992 5496 3172 5544 autem
3217 5499 3528 5546 creaturam

1943 5582 2127 5639 dicunt
2149 5596 2290 5647 esse,
2322 5581 2650 5653 quicumque
2680 5595 2851 5651 usque
2878 5581 2947 5636 ad
2999 5582 3291 5638 adventum
3323 5583 3532 5639 Christi

1938 5675 2068 5748 justi
2101 5675 2321 5731 fuerunt
2353 5693 2365 5731 :
2399 5675 2520 5745 quia
2547 5684 2601 5731 et
2644 5675 2745 5746 ipsi
2778 5671 3014 5731 nondum
3058 5677 3389 5746 accipientes
3435 5693 3531 5737 ex-

1943 5778 2222 5846 spectant,
2252 5770 2364 5828 Deo
2407 5783 2506 5844 pro
2534 5768 2690 5827 nobis
2720 5765 2921 5839 aliquid
2946 5770 3139 5829 melius
3176 5771 3530 5863 providente.

2904 5861 2985 5924 22
