4056 6356
484 319 590 374 685
1524 299 1582 355 S.
1627 295 2006 353 IIIERONYSII
2046 293 2330 351 OPISIIUM
2373 289 2733 347 MANTISSA.
3679 283 3781 342 081

485 431 602 486 Non
652 429 825 484 solum
872 430 1054 479 autem
1088 419 1161 475 illi
1211 433 1222 470 :
1255 415 1351 471 sed
1381 423 1435 472 et
1486 427 1586 469 nos
1631 413 1756 481 ipsi,
1790 411 1843 466 in
1881 409 2079 481 quibus
2109 414 2154 470 Α
2259 407 2364 478 Spe
2393 404 2527 458 enim
2554 404 2684 458 salvi
2714 401 2843 473 facti
2872 417 3064 457 sumus.
3101 400 3232 471 Spes
3258 410 3457 464 autem,
3486 397 3616 469 qua:
3645 400 3787 455 ride-

487 523 751 592 complcta
791 523 943 581 sunt,
991 510 1216 567 necdum
1251 518 1526 574 tenemus,
1555 504 1652 560 sed
1684 504 1736 558 in
1788 518 1887 572 Spe
1918 500 2084 556 susti-

488 628 700 678 nemus,
727 607 976 680 quamvis
1016 619 1136 671 qute
1178 600 1334 656 multi
1375 600 1563 654 videre
1588 596 1720 666 justi
1768 595 2078 665 cupierunt,

488 705 805 761 viderimus.
837 699 970 754 Item
1017 696 1208 750 dicens
1238 711 1250 747 :
1281 693 1341 748 Si
1379 701 1560 747 tamen
1603 686 1992 756 compatimur,
2029 693 2088 740 ut

489 804 544 852 et
570 792 958 866 glorificemur.
990 787 1060 843 Et
1087 786 1328 843 inferens
1367 801 1380 838 :
1414 782 1768 853 Exspectatio
1796 787 2083 844 creatum,

488 887 556 941 de
607 882 861 939 rationali
903 890 1156 938 creatura
1192 891 1506 934 sermonem
1539 875 1686 940 t‘ecit,
1717 883 1774 930 et
1807 887 1914 928 non
1949 872 2090 928 sicut

489 977 709 1049 quidam
739 974 1079 1039 existimant,
1117 971 1186 1028 de
1222 968 1551 1036 irrationali,
1601 969 1690 1022 vel
1737 964 2086 1030 insensibili,

493 1085 614 1140 qua:
636 1069 701 1123 ad
732 1067 1050 1123 servitutem
1076 1063 1358 1120 hominum
1388 1068 1569 1117 creata
1593 1067 1676 1114 est
1705 1072 1721 1114 :
1751 1066 1807 1112 et
1831 1064 1952 1127 post
1975 1055 2091 1110 lucc

494 1164 760 1234 peritura,
793 1159 1016 1232 quando
1046 1157 1126 1214 sol
1153 1155 1557 1222 obscurabitur,
1587 1161 1644 1208 et
1693 1149 1818 1206 luna
1864 1163 1970 1204 non
1997 1148 2094 1203 da-

490 1257 570 1312 bit
591 1257 778 1312 lumen
807 1268 990 1318 suum,
1015 1261 1070 1307 et
1099 1251 1274 1306 stellae
1299 1248 1422 1304 cmli
1447 1245 1642 1300 cadent
1661 1257 1828 1312 super
1851 1249 2048 1296 terram
2075 1255 2090 1295 :

494 1359 549 1407 et
579 1358 709 1406 tunc
741 1349 850 1404 erit
877 1361 1077 1403 novum
1125 1342 1326 1400 caelum
1373 1349 1430 1396 et
1458 1353 1597 1394 nova
1632 1347 1898 1404 tempora.
1931 1331 2095 1388 Crea-

497 1453 618 1497 tura
646 1453 850 1508 autem,
883 1438 1056 1494 Adam
1083 1444 1167 1492 est
1196 1443 1254 1492 et
1280 1432 1420 1499 Eva,
1461 1444 1582 1501 quae
1610 1426 1785 1483 adhuc
1815 1431 2097 1496 eXSpectat

497 1551 557 1591 se
585 1549 616 1590 a
646 1533 760 1588 Deo
786 1530 1034 1600 recipere
1063 1525 1437 1597 adoptionem.

576 1624 816 1678 Vanitati
863 1622 999 1675 enim
1040 1627 1304 1674 creatura.
1355 1614 1577 1670 Vanitas’
1621 1626 1702 1669 εει
1751 1623 1913 1667 omne
1953 1605 2098 1678 quod

499 1716 828 1790 quandoque
859 1713 1071 1769 linitur.
1105 1712 1240 1767 Item
1271 1709 1482 1764 vanitas
1528 1717 1614 1763 est
1660 1702 2038 1778 praevaricatio
2080 1716 2093 1753 :

2188 509 2292 566 tur,
2335 513 2437 551 non
2463 505 2538 552 est
2569 513 2705 568 spes.
2738 494 2878 550 Nam
2913 493 3058 566 quod
3089 493 3225 548 videt
3253 495 3391 564 quis,
3423 495 3553 565 quid
3574 495 3787 562 sperat?

2185 594 2339 663 Quod
2369 593 2600 657 videtur,
2643 607 2750 647 non
2783 598 3039 662 speratur
3082 607 3094 641 :
3134 586 3232 643 sed
3273 588 3318 642 si
3364 588 3647 658 proprium
3679 597 3781 654 est,

2187 686 2517 757 possidetur.
2550 684 2705 740 Nulla
2735 683 2879 740 enim
2910 697 3033 752 spes
3064 680 3118 735 in
3155 679 3319 735 rebus
3366 679 3677 736 visibilibus
3704 687 3789 734 est

2187 780 2536 835 Christianis.
2603 777 2721 832 Non
2766 776 2912 833 enim
2955 775 3113 830 nobis
3174 773 3465 844 praesentia
3516 775 3786 844 promissa

2189 884 2335 940 sunt,
2369 871 2466 928 sed
2505 873 2707 927 futura.

2264 965 2326 1021 Si
2358 974 2526 1020 autem
2555 963 2694 1034 quod
2723 979 2826 1017 non
2871 960 3104 1016 uidemus
3133 973 3427 1032 speramus,
3457 975 3548 1032 per
3588 958 3791 1030 potien-

2193 1060 2320 1116 tiam
2360 1059 2736 1130 exspectamus.
2762 1055 2890 1111 Ideo
2914 1054 3049 1109 ﬁdes
3082 1068 3180 1124 per
3213 1053 3533 1122 patientiam
3565 1051 3788 1122 grandis

2193 1163 2275 1208 est
2301 1151 2507 1221 praemii
2540 1168 2554 1204 :
2589 1150 2711 1220 quia
2737 1148 2878 1220 quod
2913 1162 3020 1202 non
3050 1146 3197 1201 videt
3220 1147 3396 1202 credit
3423 1159 3471 1201 et
3499 1145 3651 1218 quasi
3676 1146 3789 1215 jam

2201 1245 2490 1315 acceperit,
2523 1245 2593 1299 ita
2621 1257 2810 1298 secura
2843 1251 2928 1297 est
2953 1240 3022 1296 de
3047 1241 3288 1295 nondum
3325 1229 3568 1310 acceptis
3600 1255 3612 1291 :
3647 1239 3789 1295 sicut

2203 1335 2279 1389 ait
2308 1333 2374 1389 ad
2418 1333 2674 1388 Hebraeos
2709 1349 2721 1383 :
2755 1331 3019 1387 Patientia
3052 1331 3205 1386 vobis
3233 1329 3544 1387 necessaria
3593 1338 3696 1394 est,
3727 1338 3792 1385 ut

2196 1428 2530 1482 voluntatem
2555 1426 2650 1482 Dei
2673 1425 2929 1492 scientes,
2960 1426 3250 1496 reponetis
3280 1424 3787 1494 repromissionem.

2197 1521 2337 1592 Spes
2366 1521 2511 1576 enim
2533 1520 2651 1576 sine
2681 1520 2940 1590 patientia
2977 1533 3101 1576 esse
3127 1535 3234 1577 non
3277 1518 3438 1574 novit.

2274 1612 2529 1670 Similiter
2575 1621 2774 1679 autem,
2820 1623 2866 1668 et
2909 1613 3122 1685 spiritus
3176 1612 3384 1683 adjuvat
3427 1610 3797 1680 inﬁrmitatem

2201 1716 2454 1763 nostram.
2503 1705 2816 1763 Secundum
2866 1706 3005 1760 hanc
3052 1720 3202 1776 spem
3249 1704 3467 1772 adjuvat
3509 1718 3524 1756 :
3571 1709 3634 1756 ut
3681 1717 3789 1756 non

499 1810 589 1866 cui
620 1808 864 1878 subjecta
893 1807 1028 1870 Eva,
1061 1819 1174 1860 non
1207 1801 1430 1872 prepria
1462 1799 1765 1864 voluntate,
1797 1795 1892 1852 sed
1922 1811 1952 1849 a
1983 1807 2100 1846 ser-

2214 1809 2438 1866 lerrena,
2462 1797 2556 1853 sed
2593 1798 2842 1854 coelestia
2883 1796 3242 1867 postulemus.
3277 1794 3494 1850 Inﬁrma
3527 1793 3671 1847 enim
3709 1801 3794 1849 est

501 1910 665 1972 pcnte
713 1900 966 1968 decepta,
1008 1911 1107 1964 spe
1159 1894 1270 1961 illa,
1319 1898 1421 1962 qua
1469 1889 1717 1945 audierat
1767 1905 1784 1942 :
1831 1888 1900 1942 Et
1947 1885 2099 1940 eritis

501 1995 658 2065 quasi
681 1991 778 2056 dii,
813 1991 1052 2045 scientes
1075 1987 1275 2039 bonum
1299 1993 1354 2040 et
1389 1983 1612 2038 malum.
1647 1979 1893 2037 Servitus
1917 1985 2098 2032 autem

501 2095 586 2140 est
631 2081 1020 2150 corruptionis,
1075 2092 1236 2148 quam
1284 2075 1489 2131 audivit
1540 2071 1712 2128 Adam
1755 2089 1771 2127 :
1819 2071 1986 2138 Terra
2017 2084 2097 2135 es,

496 2186 551 2229 et
601 2174 654 2229 in
688 2181 889 2228 terram
937 2169 1063 2224 ibis.
1111 2168 1166 2222 In
1210 2167 1611 2223 resurrectione
1657 2161 1925 2233 recepturi
1973 2167 2102 2215 sunt

500 2264 970 2333 incorruptionem
1002 2258 1238 2314 ﬁliorum
1274 2257 1390 2313 Dei.

576 2355 826 2427 Subjccta
847 2360 942 2408 est.
977 2351 1032 2408 Si
1063 2351 1241 2422 angeli
1278 2348 1589 2404 hominibus
1618 2346 1954 2403 ministrant.

574 2445 698 2500 Non
743 2445 942 2510 volens,
989 2443 1078 2497 scd
1105 2451 1316 2508 prepter
1351 2453 1490 2505 eum,
1529 2440 1619 2509 qui
1656 2438 1875 2511 subjecit
1906 2454 2019 2491 eam
2047 2439 2101 2492 in

501 2555 593 2608 spe
625 2552 642 2589 :
673 2538 797 2608 quia
823 2545 869 2589 et
903 2535 1015 2606 ipsa
1043 2543 1288 2588 creatura
1318 2530 1627 2585 liberabitur
1663 2546 1695 2582 a
1725 2529 1963 2583 servitute
1991 2544 2103 2582 cor-

502 2629 759 2698 ruptionis
787 2629 840 2682 in
871 2626 1162 2682 libertatem
1187 2623 1373 2694 gloria:
1403 2623 1635 2691 ﬁliorum
1683 2619 1797 2675 Dei.
1831 2618 1950 2675 Iam
1994 2634 2103 2675 non

509 2721 713 2776 serviet
743 2720 844 2784 eis,
871 2717 963 2789 qui
988 2717 1085 2772 Dei
1111 2717 1402 2784 imaginem
1433 2721 1820 2783 corruperunt.

579 2811 789 2866 Scimus
843 2811 978 2862 enim
1019 2809 1158 2880 quod
1209 2808 1375 2860 omnis
1421 2815 1659 2860 creatura
1712 2803 1999 2877 ingemiscit
2056 2811 2105 2878 et

505 2903 731 2977 parturit
762 2918 921 2972 usque
947 2902 1137 2954 adhuc.
1160 2900 1313 2956 Sicut
1337 2900 1574 2969 gaudent
1597 2899 1776 2968 angeli
1802 2912 1967 2969 super
1992 2912 2107 2966 pte-

512 2996 752 3049 nitentes
782 3010 794 3045 :
831 2994 902 3046 ita
953 2992 1138 3048 dolent
1189 3006 1356 3060 super
1382 2992 1624 3047 converti
1671 2991 1938 3048 nolentes.
1972 2990 2103 3046 Item

508 3102 654 3143 nunc
687 3100 1034 3142 communem
1068 3073 1370 3140 erﬂéaturam
1402 3084 1664 3148 nominat,
1705 3093 1824 3152 post
1853 3082 2023 3137 Adam
2052 3089 2109 3138 et

2205 1900 2389 1946 nostra
2418 1890 2776 1962 possibilitas,
2808 1891 2914 1946 nisi
2945 1889 3193 1946 doctrina
3225 1889 3403 1945 sancti
3433 1888 3671 1959 Spiritus
3699 1887 3792 1942 ad-

2195 1983 2436 2053 juvetur.

2277 2072 2420 2127 Nam
2448 2072 2572 2144 quid
2622 2089 2824 2128 oremus
2873 2074 3008 2129 sicut
3053 2079 3281 2143 oportet,
3331 2071 3614 2126 nescimus.
3659 2069 3789 2138 Quia

2203 2166 2382 2222 adhuc
2423 2182 2519 2232 per
2566 2168 2846 2235 speculum
2892 2167 3160 2223 videmus.
3187 2165 3526 2235 Frequenter
3573 2164 3788 2230 obsunt,

2202 2273 2324 2328 quae
2349 2257 2605 2328 prodesse
2637 2267 2912 2328 putamus,
2945 2269 3001 2313 et
3031 2258 3157 2314 ideo
3199 2257 3361 2314 nobis
3400 2257 3668 2327 postulata
3699 2255 3795 2310 mi-

2205 2350 2350 2405 nime
2395 2350 2774 2405 conceduntur
2815 2350 3126 2419 provisione
3155 2350 3341 2404 divina
3372 2366 3386 2402 :
3416 2349 3554 2403 sicut
3593 2356 3649 2402 et
3676 2346 3796 2417 ipse

2204 2439 2331 2493 alibi
2361 2440 2436 2494 ait
2467 2457 2480 2492 :
2508 2439 2738 2510 Drepter
2765 2440 2908 2510 quod
2941 2450 3028 2495 ter
3048 2441 3334 2494 Dominum
3357 2440 3558 2509 rogavi,
3593 2447 3650 2492 ut
3673 2437 3795 2491 dis~

2204 2532 2427 2588 cederet
2453 2548 2483 2586 a
2517 2549 2625 2599 me,
2657 2543 2712 2589 et
2748 2533 2980 2603 reliqua.
3030 2532 3207 2589 Aliter
3229 2549 3247 2586 :
3278 2531 3505 2586 Difﬁcile
3532 2529 3800 2584 orationis

2208 2634 2406 2681 nostra:
2439 2625 2770 2682 desiderium
2800 2626 3122 2693 secundum,
3151 2624 3297 2695 quod
3340 2624 3507 2680 corde
3536 2623 3796 2692 concepi-

2207 2733 2350 2786 mus,
2378 2719 2688 2789 esprimere
2719 2721 2806 2776 vix
2852 2735 2992 2777 voce
3020 2719 3268 2775 valemus
3299 2737 3315 2775 :
3346 2719 3490 2775 unde
3534 2717 3799 2774 subsecu-

2209 2818 2294 2865 ωε
2321 2821 2424 2864 ρει.

2282 2903 2390 2959 Sed
2417 2904 2524 2975 ipse
2553 2905 2769 2975 spiritus
2799 2906 3030 2973 postulat
3073 2921 3170 2972 pro
3211 2905 3355 2960 nobis
3394 2906 3667 2976 gemitibus
3695 2905 3803 2959 ine-

2208 2995 2580 3051 narrabilibus.
2619 2997 2759 3052 Deus
2799 3012 2953 3068 ergo.
3001 2998 3090 3067 qui
3137 3006 3412 3053 scrutatur
3452 2999 3640 3065 corda,
3673 2998 3802 3053 etsi

2210 3099 2462 3142 sermone
2491 3087 2961 3158 Comprehendere
3011 3103 3119 3144 non
3150 3088 3451 3144 sufﬁcimus
3486 3106 3502 3145 :
3540 3091 3680 3145 novit
3720 3089 3805 3144 in-

509 3183 703 3242 Evam,
725 3180 924 3251 justos,
956 3180 1044 3250 qtti
1078 3177 1298 3236 fuerunt
1327 3193 1499 3247 usque
1523 3176 1591 3230 ad
1619 3184 1830 3244 tempus
1857 3174 2061 3230 Christi
2089 3189 2102 3226 :
2135 3191 2180 3254 ρ
2211 3187 2470 3248 quantum
2503 3179 2665 3234 modo
2693 3179 2923 3236 credere
2957 3179 3265 3251 cupiamus.
3299 3181 3415 3237 Scit
3442 3191 3653 3245 tamen,
3680 3182 3802 3252 quia

507 3273 599 3347 qui
630 3282 685 3329 et
729 3273 828 3342 ipsi
863 3270 994 3327 Adm
1036 3279 1091 3327 et
1125 3271 1276 3337 Evm,
1308 3270 1399 3341 qui
1430 3268 1688 3324 dicuntur
1715 3277 1991 3334 creatura,
2032 3267 2108 3322 si-

508 3365 621 3420 mul
664 3363 1116 3435 congemiscuut.
1165 3362 1410 3432 recipere
1457 3360 1836 3415 desiderantes
1881 3359 2107 3431 praemia

514 3457 798 3520 virtutum,
832 3469 952 3524 qua:
976 3451 1235 3507 Dominus
1261 3451 1508 3520 promisit
1535 3452 1635 3505 eis.

584 3545 709 3600 Non
731 3546 898 3600 solum
922 3551 1094 3598 autem
1120 3541 1240 3608 illa,
1275 3543 1362 3596 sed
1396 3551 1443 3597 et
1474 3557 1567 3596 nos
1588 3541 1692 3612 ipsi
1721 3540 1976 3611 primitias
1997 3542 2109 3612 spi-

508 3641 639 3694 ritus
671 3639 934 3704 habentes,
965 3646 1012 3690 et
1042 3636 1142 3708 ipsi
1170 3637 1307 3690 intra
1334 3635 1585 3707 gemimus
1611 3632 1942 3706 adeptionem
1968 3633 2107 3704 ﬁlio-

513 3745 634 3782 rum
677 3723 796 3782 Dei.
844 3727 963 3782 Non
991 3728 1169 3782 solum
1202 3725 1413 3797 angeli,
1447 3728 1537 3794 qui
1572 3723 1915 3796 benigniores
1945 3725 2108 3780 nobis

511 3826 639 3874 sunt
667 3817 736 3872 de
768 3816 1080 3884 bujusmodi
1126 3815 1336 3881 dolent,
1373 3813 1469 3870 sed
1508 3817 1670 3870 etiam
1719 3831 1818 3871 nos
1863 3815 1956 3886 qui
1996 3815 2106 3885 jam

513 3909 777 3982 Spiritum
810 3916 1059 3962 sanctum
1105 3905 1401 3975 habemus,
1450 3905 1517 3962 de
1563 3905 1757 3961 talibus
1789 3905 2109 3978 ingemisci-

519 4020 641 4059 mus
673 4021 687 4056 :
722 4001 863 4056 sicut
898 4009 953 4055 et
1000 3996 1267 4056 Jeremias
1321 3999 1685 4071 ingemiscens
1728 3999 1908 4054 aiebat
1940 4019 1953 4054 :
1998 4001 2108 4055 ileu

513 4096 644 4152 mihi
670 4094 876 4149 anima!
903 4091 1027 4164 quia
1058 4091 1217 4162 periit
1239 4106 1268 4145 a
1297 4102 1438 4147 terra
1471 4100 1772 4156 revertens,
1801 4101 1855 4148 et
1878 4091 2108 4162 reliqua.

516 4190 648 4244 Item
679 4185 871 4242 dicens
903 4202 918 4240 :
948 4184 1066 4240 Non
1095 4185 1270 4240 solum
1293 4191 1476 4240 autem
1505 4184 1620 4250 illa,
1663 4184 1758 4238 sed
1785 4192 1840 4238 et
1881 4199 1981 4239 nos
2009 4185 2108 4254 ipsi

517 4279 786 4352 primitias
810 4279 1036 4349 Spiritus
1064 4275 1329 4332 habentes
1361 4291 1376 4330 :
1408 4275 1694 4331 manifeste
1716 4277 1958 4344 edocuit,
1984 4278 2110 4348 quia

518 4387 624 4428 non
663 4371 730 4428 de
758 4370 1090 4437 irrationali,
1139 4367 1226 4424 vel
1274 4367 1580 4422 insensibili
1620 4376 1872 4422 creatura
1905 4383 2113 4425 sermo-

517 4479 640 4521 nem
682 4462 891 4527 fecerit,
925 4477 1043 4532 quae
1075 4476 1183 4514 non
1209 4459 1501 4529 participat
1540 4458 1801 4529 Spiritum
1840 4470 2107 4529 sanctum,

2211 3286 2310 3340 pro
2339 3271 2541 3328 sanctis
2571 3271 2734 3327 rebus
2757 3313 2771 3334 ,
2801 3288 2906 3327 non
2939 3289 3040 3343 pro
3068 3273 3420 3331 saecularibus
3465 3275 3803 3344 postulamus

2169 3409 2173 3412 .
2210 3363 2508 3418 secundum
2537 3363 2704 3434 ipsius
2734 3365 3093 3421 voluntatem.

2285 3453 2389 3521 Qui
2414 3463 2588 3509 autem
2615 3464 2881 3510 scrutatur
2916 3458 3100 3537 corda,
3123 3459 3220 3513 scit
3255 3458 3383 3530 quid
3411 3458 3665 3513 desideret
3693 3457 3802 3528 spi-

2209 3544 2359 3598 ritus.
2391 3543 2554 3612 Quasi
2583 3560 2828 3602 summus
2875 3549 3153 3604 sacerdos.

2290 3636 2428 3704 Quia
2453 3638 2734 3692 secundum
2758 3637 2926 3694 Deum
2953 3642 3186 3710 postulat
3208 3657 3305 3712 pro
3327 3641 3542 3696 sanctis.
3564 3639 3662 3696 llic
3681 3655 3812 3710 gra-

2211 3727 2343 3782 tiam
2374 3729 2618 3798 spiritus,
2645 3731 2896 3800 spiritum
2929 3733 3226 3788 nominavit
3263 3752 3275 3788 :
3303 3734 3446 3788 sicut
3472 3732 3596 3788 alibi
3629 3732 3765 3789 dicit
3787 3750 3807 3789 :

2213 3817 2268 3874 Si
2301 3834 2532 3876 oravero
2572 3822 2776 3892 lingua,
2811 3824 3036 3891 Spiritus
3078 3841 3235 3881 meus
3263 3836 3402 3892 orat,
3438 3841 3492 3881 et
3525 3825 3811 3882 aemulato-

2213 3928 2301 3969 res
2327 3914 2462 3970 estis
2493 3915 2802 3986 spirituum.
2843 3918 3090 3976 Postulat
3122 3929 3322 3986 autem,
3370 3921 3495 3990 quia
3529 3920 3808 3991 postulare

2214 4021 2312 4062 nos
2343 4006 2476 4063 facit
2504 4010 2816 4080 gemitibus,
2850 4014 2939 4080 qui
2964 4015 3212 4069 enarrari
3252 4028 3357 4068 non
3389 4022 3638 4082 possunt,
3668 4013 3807 4068 sicut

2215 4109 2426 4156 tentare
2458 4115 2558 4157 nos
2587 4101 2790 4158 dicitur
2821 4105 2986 4172 Deus,
3020 4116 3081 4162 ut
3104 4106 3241 4162 sciat
3271 4124 3286 4161 :
3313 4105 3419 4161 hoc.
3445 4116 3553 4171 est,
3579 4117 3636 4162 ut
3666 4105 3806 4161 scire

2213 4207 2316 4249 nos
2365 4193 2548 4261 faciat,
2581 4197 2773 4265 quales
2822 4198 3048 4253 scimus.
3091 4198 3199 4254 Sed
3243 4208 3298 4253 ct
3344 4199 3451 4255 hoc
3493 4213 3804 4266 commune,

2213 4287 2356 4358 quod
2397 4287 2659 4343 Dominus
2693 4290 2811 4346 ﬁeri
2839 4290 3024 4360 jubet,
3072 4292 3192 4361 ipse
3221 4293 3422 4348 dicitur
3455 4293 3661 4362 operari
3698 4308 3710 4344 :
3747 4301 3810 4347 ut

2215 4377 2308 4434 ille
2337 4378 2625 4435 aediﬁcavit
2649 4380 2894 4449 domum,
2927 4393 3020 4437 aut
3065 4384 3155 4438 ille
3197 4383 3445 4440 codicem
3484 4383 3629 4448 fecit,
3677 4397 3808 4438 cum

2215 4487 2316 4528 nec
2349 4473 2464 4542 ipse
2511 4474 2817 4544 scripserit,
2855 4492 2956 4531 nec
2985 4477 3074 4533 ille
3101 4478 3489 4534 construxerit.
3519 4475 3650 4532 Item
3683 4487 3814 4545 gra-

513 4555 608 4610 sed
640 4553 712 4610 de
755 4551 960 4608 sanctis
1003 4551 1158 4643 dicit,
1204 4551 1297 4643 qui
1321 4549 1460 4643 iDeo
1506 4551 1830 4621 placuerunt
1877 4553 2107 4610 naturali
2139 4583 2190 4643 υ
2216 4567 2342 4618 nam
2371 4566 2618 4634 spiritus,
2648 4570 2894 4623 nominat
2922 4569 3173 4637 spirimm
3204 4585 3220 4622 ε
3254 4570 3346 4639 qui
3377 4569 3537 4626 άοοει
3579 4582 3680 4639 pro
3709 4582 3813 4622 ηο-

515 4646 653 4716 lege,
684 4644 937 4700 similiter
965 4652 1020 4699 et
1049 4641 1239 4714 Moysi.
1275 4641 1538 4713 Discipuli
1568 4651 1747 4700 autem
1773 4643 1975 4701 Christi
2000 4647 2112 4716 pri-

514 4737 696 4791 mitias
736 4735 993 4790 dicuntur
1039 4733 1242 4789 habere
1284 4735 1530 4804 spiritus,
1575 4733 1627 4789 id
1675 4745 1791 4802 est,
1837 4737 2010 4807 prima
2055 4747 2110 4793 et

516 4825 772 4896 prtcclara
813 4826 1175 4892 charismata,
1225 4843 1319 4896 per
1363 4842 1483 4896 qum
1539 4826 1850 4884 ditaverunt
1888 4843 2106 4884 omnem

515 4928 740 4972 terram.
771 4917 886 4971 Non
917 4918 1062 4972 enim
1097 4925 1245 4972 tanta
1275 4916 1379 4972 fuit
1407 4918 1584 4988 gratia
1612 4929 1738 4974 ante
1767 4918 1941 4990 legem
1970 4929 2026 4974 et
2054 4921 2105 4975 in

513 5012 630 5080 lege
662 5005 850 5082 Moysi.
882 5011 947 5065 Et
991 5007 1135 5082 quod
1179 5011 1392 5080 priores
1431 5010 1541 5064 sint
1580 5009 1832 5081 discipuli
1873 5009 2102 5080 Christi,

513 5102 754 5158 Hebraeis
801 5103 1043 5159 scribens
1076 5103 1236 5159 docet
1277 5121 1290 5156 :
1324 5103 1430 5159 Sed
1463 5114 1517 5159 et
1549 5103 1601 5157 bi
1635 5121 1828 5160 omnes
1861 5105 2109 5160 testimo-

513 5195 605 5249 nio
636 5193 757 5249 ﬁdei
807 5195 1018 5264 probati
1068 5211 1174 5250 non
1220 5205 1551 5267 acceperunt
1598 5199 2102 5268 repromissionem,

513 5289 625 5342 Deo
659 5302 756 5357 pro
788 5287 942 5342 nobis
971 5287 1168 5344 melius
1196 5288 1399 5360 aliquid
1420 5289 1747 5360 providente
1772 5308 1784 5344 :
1809 5299 1864 5349 et
1895 5308 1962 5348 ne
1984 5293 2106 5349 sine

513 5379 671 5436 nobis
699 5389 1240 5436 consummarcntur.

584 5470 949 5543 Exspectantes
992 5471 1396 5543 redemptionem
1441 5473 1670 5546 corporis
1720 5475 1907 5530 nostri.
1952 5474 2095 5531 Non-

514 5561 639 5618 dum
669 5577 784 5618 rcm
835 5563 1008 5634 ipsam
1059 5565 1387 5635 promissam
1422 5566 1801 5638 percepimus:
1836 5568 1931 5623 sed
1981 5585 2106 5640 spe-

513 5666 728 5719 ramus,
752 5653 892 5710 sicut
922 5654 986 5710 ad
1017 5655 1335 5711 Corinthios
1358 5655 1434 5711 ait
1465 5657 1604 5715 :Per
1635 5656 1794 5716 ﬁdem
1818 5660 1964 5716 enim
1991 5677 2106 5718 am-

511 5740 773 5814 bulamus,
803 5756 859 5803 et.
887 5765 997 5804 non
1024 5764 1119 5819 per
1145 5749 1408 5818 speciem.

2214 4657 2298 4711 bis
2337 4657 2566 4712 Domino
2605 4660 2908 4729 postulare,
2940 4663 3078 4717 sicut
3109 4661 3275 4717 Isaias
3325 4662 3458 4717 dicit
3508 4679 3520 4714 :
3565 4659 3812 4731 Spiritus

2212 4747 2493 4818 sapientia:
2537 4758 2591 4805 et
2631 4751 2895 4818 scientiae,
2930 4762 2983 4808 et
3027 4752 3360 4807 intellectus.
3397 4752 3462 4806 Et
3507 4749 3813 4806 Corinthiis

2214 4840 2460 4896 scribens
2477 4841 2608 4896 dicit
2635 4842 2777 4907 :Sic,
2807 4851 2860 4898 et
2882 4859 2998 4905 vos,
3021 4846 3272 4913 quoniam
3299 4845 3645 4900 aemulatores
3676 4843 3817 4899 estis

2213 4933 2528 5003 spirituum,
2578 4943 2632 4990 et
2679 4934 3095 4993 a-ditieationem
3141 4935 3400 4992 Ecclesia:
3443 4936 3701 5008 quatrite,
3752 4943 3817 4989 ut

2216 5023 2521 5082 abundeﬁs.

2288 5115 2499 5171 Scimus
2527 5125 2704 5171 autem
2732 5119 2978 5189 quoniam
3026 5119 3363 5191 diligentibus
3393 5117 3580 5184 Deum,
3630 5117 3817 5181 omnia

2216 5215 2560 5279 cooperantur
2584 5209 2638 5263 in
2661 5210 2869 5264 bonum.
2895 5209 3088 5266 Omnia
3109 5226 3469 5282 quaecumque
3491 5208 3812 5276 fecerimus,

2212 5299 2298 5355 vel
2333 5301 2475 5370 passi
2507 5300 2766 5357 fuerimus
2807 5311 3028 5373 propter
3073 5305 3430 5361 dilectionem
3461 5305 3584 5370 Dei,
3625 5303 3814 5360 omnia

2213 5391 2372 5447 nobis
2401 5392 2469 5448 ad
2495 5394 2804 5450 mercedem
2829 5406 3105 5452 crescunt.
3135 5396 3332 5452 Omnia
3362 5397 3508 5453 enim
3536 5409 3814 5468 quaecum-

2211 5499 2318 5554 que
2339 5486 2520 5552 justus
2551 5484 2764 5552 fecerit,
2795 5489 3281 5558 prospersbuntur.

2286 5575 2390 5631 His
2432 5579 2521 5649 qui
2559 5583 2839 5635 secundum
2871 5582 3194 5650 propositum
3224 5583 3396 5636 vocati
3448 5592 3571 5636 sunt
3611 5580 3803 5636 sancti.

2213 5666 2355 5721 Nam
2384 5686 2511 5738 quos
2541 5673 2813 5739 praesciuit.
2852 5673 3156 5729 Secundum
3188 5673 3333 5743 quod
3365 5675 3648 5744 prapusuit
3677 5672 3798 5728 sola

2210 5759 2316 5816 ﬁde
2355 5760 2587 5831 salvere,
2618 5779 2755 5837 quos
2804 5764 3155 5836 prmseiverat
3193 5765 3534 5834 credituros;
3579 5775 3635 5824 et
3664 5781 3808 5838 quos
