4030 6202
361 274 467 334 685

1029 270 1574 334 COMMENTARIUS
1608 275 1677 334 IN
1718 274 2110 335 EPISTULA}!
2149 277 2241 332 AD
2279 276 2627 335 ROMANOS.
2671 278 2823 336 CAP.
2865 278 2958 334 IX.

3551 282 3655 339 68b"

361 394 529 463 gratis
554 395 766 450 vocavit
798 392 863 449 ad
906 394 1167 462 salutem,
1212 395 1379 449 multo
1430 395 1601 466 magis
1639 394 1953 466 gloriﬁcabit
1986 392 2038 455 Α
2063 392 2214 447 Tunc
2240 409 2367 445 vero
2396 392 2568 447 .ludmi
2597 392 2847 447 volebant
2875 393 2995 448 illos
3035 409 3063 448 a
3110 392 3326 452 Christo
3373 396 3447 454 ita
3499 414 3656 470 sepa-

363 486 427 540 ad
460 487 690 542 salutem
716 498 1025 559 operantes.

434 575 503 631 Et
548 578 929 643 pra‘destinavit
956 578 1243 649 conformes
1269 578 1383 648 ﬁeri
1414 579 1653 650 imaginis
1688 576 1818 633 Filii
1846 578 1950 633 sui.

364 667 755 723 l‘rzndestinnre
790 670 929 723 idem
976 681 1079 733 εει,
1112 669 1255 741 quod
1290 671 1563 740 prmscit‘e.
1600 669 1765 741 Ergo,
1816 682 1953 738 quos

362 760 607 832 praevidit
637 761 949 815 conformes
974 761 1183 816 futuros
1214 763 1267 817 in
1296 764 1403 816 vita
1422 804 1436 825 ,
1462 761 1641 817 voluit
1660 772 1721 816 ut
1758 760 1955 816 tierent

365 848 683 907 eonformes
714 848 771 907 in
801 851 999 924 gloria.
1024 850 1129 919 Qui
1179 852 1581 907 transformavit
1610 866 1807 922 corpus
1857 852 1954 906 hu-

358 939 602 998 militatis
624 951 847 1012 nostrae,
880 942 1161 999 conforme
1197 943 1417 1014 corpori
1445 943 1714 999 claritatis
1744 958 1877 998 sum.

436 1032 507 1090 Ut
530 1035 596 1090 sit
616 1037 725 1107 ipse
756 1038 1127 1111 primogenita:
1150 1037 1203 1090 in
1232 1035 1407 1090 multis
1444 1036 1712 1105 fratribus.
1746 1035 1955 1089 Primo-

356 1127 570 1197 genitus
588 1141 653 1182 ex
674 1125 898 1181 mortuis
917 1127 967 1181 in
984 1127 1228 1197 gloriam.
1246 1124 1377 1180 item
1398 1126 1486 1181 hic
1503 1124 1797 1181 secundum
1810 1124 1952 1191 quod

360 1216 521 1272 homo
545 1216 716 1272 factus
745 1230 847 1282 εει,
884 1214 1178 1271 secundum
1202 1218 1449 1287 gratiam,
1480 1230 1601 1285 qua:
1629 1214 1682 1269 in
1714 1229 1779 1270 eo
1811 1223 1950 1280 erat,

357 1306 527 1363 Filius
556 1310 677 1374 ltei,
706 1309 1121 1378 primogenitns,
1162 1307 1467 1378 interpellat
1500 1322 1597 1375 pro
1629 1304 1807 1368 nobis,
1836 1320 1946 1360 non

354 1401 505 1471 quasi
539 1400 676 1453 Deus
708 1399 1041 1467 interpellat,
1073 1396 1168 1453 sed
1196 1397 1349 1467 quasi
1380 1411 1627 1452 summus
1668 1396 1946 1453 sacerdos.

431 1492 572 1559 Quos
603 1500 773 1547 autem
820 1490 1225 1562 prtedcstiaavit,
1259 1488 1353 1544 hos
1393 1500 1441 1545 et
1472 1488 1674 1543 vocarit
1707 1503 1725 1543 :
1752 1498 1795 1543 et
1823 1504 1953 1561 quos

352 1586 566 1648 rocarit,
602 1584 695 1637 hos
726 1593 769 1638 et
790 1582 1096 1654 justiﬁcavit
1128 1599 1147 1637 :
1180 1599 1306 1651 quos
1333 1592 1505 1635 autent
1525 1582 1857 1651 justiﬁcavit,
1887 1581 1955 1635 il-

355 1676 432 1728 los
461 1686 506 1730 et
536 1674 903 1747 mugniﬁcarit.
954 1673 1101 1740 Qum
1151 1674 1431 1741 prmscivit
1474 1673 1802 1739 credituros,
1852 1671 1955 1726 hos

2059 500 2207 553 rare,
2237 494 2296 537 ut
2328 484 2392 537 ad
2429 483 2562 555 legis
2588 499 2683 539 eos
2712 484 3012 539 custodiam
3041 500 3377 543 revocarent.

2130 575 2263 643 Quia
2284 588 2490 648 propter
2522 585 2569 631 te
2596 578 2970 644 mortiﬁcamur
2998 588 3101 632 tota
3128 582 3232 635 die.
3277 581 3393 635 Non
3436 593 3656 652 propter

2055 667 2272 736 aliquod
2320 669 2560 734 crimen,
2612 668 2704 723 sed
2751 678 2972 737 propter
3024 678 3095 735 te,
3124 672 3213 740 qni
3247 672 3471 728 dixisti:
3505 676 3652 732 Beati

2055 760 2209 815 eritis
2238 775 2358 814 cum
2393 773 2787 831 persequentur
2816 777 2937 827 vos,
2968 772 3020 816 ει
3050 772 3274 816 cmtera.

2130 849 2397 905 Ai‘stimati
2428 869 2601 906 sumus
2632 853 2765 907 sicut
2793 869 2909 908 oves
2935 854 3224 909 occisionis.
3259 854 3374 909 Hoc
3404 856 3457 912 in
3498 859 3653 917 nobis

2056 943 2378 1000 Christianis
2407 946 2643 1000 maxime
2672 945 2949 1016 impletur,
2980 945 3172 1015 quibus
3210 960 3316 1001 non
3360 930 3485 1002 licet
3527 965 3655 1004 nos-

2056 1035 2314 1105 metipsos
2334 1036 2629 1091 defendere
2654 1054 2667 1090 :
2692 1038 2785 1093 sed
2809 1038 3059 1109 exemplo
3081 1039 3289 1093 Domini
3318 1048 3373 1094 et
3394 1039 3655 1109 magistri,

2053 1127 2143 1197 qui
2174 1129 2313 1182 sicut
2338 1129 2454 1183 ovis
2486 1128 2550 1182 ad
2581 1129 2857 1184 victimam
2885 1131 3079 1185 ductus
3128 1140 3230 1200 est,
3283 1134 3461 1185 omnia
3508 1132 3654 1187 illata

2052 1218 2449 1287 patientissime
2478 1220 2735 1276 tolerare.

2128 1308 2235 1363 Sed
2262 1311 2315 1364 in
2342 1311 2421 1363 his
2474 1310 2710 1379 omnibus
2759 1328 3081 1384 superamus,
3129 1328 3338 1388 propter
3383 1336 3518 1385 eum,
3569 1321 3655 1387 qui

2057 1402 2236 1456 dilexit
2266 1420 2380 1458 nos.
2414 1404 2520 1457 llas
2550 1418 2741 1459 omnes
2769 1407 3146 1463 tribulationes
3178 1426 3275 1479 pro
3304 1412 3472 1466 nihilo
3501 1412 3659 1466 (luci-

2056 1508 2194 1559 mus,
2232 1502 2449 1563 propter
2478 1511 2621 1562 eum,
2651 1496 2741 1566 qui
2769 1513 2865 1550 nos
2897 1507 3104 1552 tantum
3134 1500 3343 1559 dilexit.
3392 1514 3450 1556 ut
3493 1504 3658 1557 etiam

2056 1598 2362 1641 moreretur
2405 1604 2499 1655 pro
2539 1589 2716 1642 nobis.
2770 1590 2831 1643 Et
2881 1591 3098 1660 quando
3146 1608 3244 1658 pro
3289 1595 3406 1661 ejus
3439 1597 3659 1649 nomine

2056 1677 2349 1747 morimur,
2400 1688 2525 1733 tunc
2575 1680 2807 1734 maxime
2859 1680 3290 1751 triumphamus:
3352 1688 3654 1752 praesertim

354 1770 587 1823 vocavit.
612 1767 839 1821 Vocatio
862 1773 1043 1819 autem
1068 1766 1315 1820 volentes
1337 1762 1567 1832 colligit,
1598 1778 1705 1817 non
1728 1764 1949 1817 invitos.
1986 1771 2032 1832 Β
2058 1764 2174 1820 cum
2206 1767 2327 1822 leve
2355 1771 2423 1822 sit
2456 1785 2551 1838 pro
2581 1786 2639 1823 se
2665 1772 2798 1839 pati,
2828 1772 2970 1842 quod
3002 1789 3100 1842 pro
3128 1775 3250 1829 aliis
3278 1774 3526 1831 Christus
3550 1776 3660 1833 Do-

358 1860 466 1915 Aut
493 1868 643 1915 cette
672 1860 931 1914 discretio
962 1873 1069 1911 non
1102 1859 1155 1912 in
1180 1859 1448 1927 personis.
1479 1855 1573 1911 sed
1612 1855 1666 1910 in
1708 1864 1955 1927 tempore

358 1964 461 2007 est.
497 1953 607 2008 Hoc
641 1952 763 2006 ideo
793 1953 942 2017 dicit,
976 1961 1198 2021 propter
1243 1950 1366 2006 fidei
1409 1949 1703 2005 inimicos:
1738 1965 1807 2005 ne
1846 1949 1958 2005 for-

358 2045 546 2099 tuitam
578 2043 673 2098 Dei
722 2045 946 2115 gratiam
993 2044 1325 2112 iudicarent.
1383 2042 1523 2112 Ergo
1564 2050 1831 2096 vorantur
1862 2057 1957 2111 per

361 2135 826 2206 prtedieationem,
858 2148 914 2189 ut
956 2137 1220 2190 credant:
1265 2134 1552 2190 credentes
1591 2134 1961 2204 justificentur

358 2244 454 2299 per
472 2228 830 2299 baptismum:
855 2227 1228 2298 glorificentur
1250 2226 1303 2281 in
1328 2226 1616 2280 virtutibus
1637 2227 1954 2295 gratiarum.

433 2320 571 2387 Quid
594 2337 716 2391 ergo
744 2320 972 2373 dicemus
998 2319 1066 2372 ad
1093 2318 1242 2373 htrc?
1274 2318 1333 2372 Si
1364 2318 1500 2373 Deus
1528 2335 1621 2391 pro
1652 2319 1819 2386 nobis,
1843 2320 1959 2389 quis

358 2411 697 2464 contrarios?
725 2407 853 2463 Vult
880 2408 1187 2472 ostendere,
1222 2408 1363 2477 quod
1398 2424 1555 2463 nemo
1585 2410 1755 2476 possit
1785 2409 1959 2476 impe-

359 2502 477 2558 dire
502 2517 617 2567 eos,
644 2501 758 2571 qui,
784 2501 1067 2570 diligentes
1088 2499 1596 2568 Deum,dilignntur
1616 2514 1643 2553 a
1670 2498 1804 2565 Deo,
1827 2514 1961 2568 quo-

361 2600 536 2653 minus
556 2597 803 2667 gloriam,
836 2611 953 2665 qnae
987 2593 1247 2663 PI'OIDi‘SiI
1280 2604 1385 2659 est,
1420 2602 1858 2662 consequantur:
1892 2607 1960 2645 eo

361 2694 503 2763 quod
537 2692 794 2762 perfecta,
822 2706 942 2761 qua:
973 2692 1027 2745 in
1058 2690 1166 2744 illis
1192 2699 1276 2745 cst
1305 2688 1565 2757 charitas,
1597 2704 1812 2744 omnem
1835 2703 1962 2743 cau-

360 2798 473 2838 sam
502 2781 750 2836 mortalis
778 2781 988 2835 timoris
1017 2779 1159 2834 foras
1182 2779 1438 2849 expellat.

428 2872 536 2938 Qui
560 2874 716 2926 etiam
741 2872 953 2943 proprio
977 2867 1120 2923 Filio
1149 2886 1243 2923 suo
1286 2886 1391 2923 non
1442 2871 1686 2941 pepercit,
1733 2870 1823 2924 sed
1868 2885 1964 2938 pro

360 2967 503 3020 nobis
531 2965 765 3019 omnibus
787 2964 1001 3017 tradidit
1022 2963 1193 3016 illum.
1216 2962 1487 3018 Prtemisit
1510 2962 1748 3029 tradidit,
1778 2972 1837 3017 ut
1858 2966 1962 3016 tra-

358 3059 610 3113 dentibus
641 3068 877 3111 mancret
903 3057 1122 3110 libertas
1154 3055 1387 3121 arbitrii,
1423 3064 1477 3110 ct
1505 3057 1660 3110 nobis
1691 3055 1964 3124 patientim

2061 1859 2237 1913 minus
2267 1865 2374 1929 pati
2407 1862 2658 1930 dignatus
2687 1872 2790 1915 est.

2131 1949 2312 2005 Certus
2331 1968 2446 2005 sum
2466 1954 2623 2017 enirn,
2647 1955 2769 2022 quia
2794 1971 2955 2025 neque
2973 1973 3133 2024 mors,
3162 1975 3323 2028 neque
3348 1961 3472 2025 vita,
3497 1978 3662 2032 neque

2059 2044 2249 2113 angeli,
2282 2060 2440 2113 neque
2463 2046 2807 2115 principatus,
2832 2064 2994 2117 neque
3025 2050 3256 2115 virtutes,
3281 2067 3441 2121 neque
3464 2055 3663 2109 instan-

2058 2135 2150 2201 tia,
2178 2152 2337 2202 neque
2365 2138 2564 2205 futura,
2599 2155 2762 2209 neque
2788 2140 3065 2208 fortitudo,
3094 2159 3255 2212 neque
3278 2144 3527 2211 altitudo,
3571 2163 3663 2200 ue-

2058 2243 2155 2295 que
2181 2229 2518 2296 profundum.
2555 2229 2658 2283 Pro
2684 2240 2835 2285 certo
2862 2233 3101 2295 confido,
3135 2236 3255 2304 quia
3304 2252 3407 2290 nec
3432 2237 3477 2290 si
3524 2238 3656 2292 mihi

2060 2324 2181 2387 quis
2212 2328 2439 2373 mortem
2475 2320 2728 2388 minetur,
2762 2338 2862 2377 nec
2892 2326 2934 2376 si
2965 2326 3130 2380 vitam
3164 2326 3462 2394 proinittat,
3502 2342 3601 2384 nec
3619 2330 3663 2383 si

2061 2424 2119 2462 se
2165 2409 2416 2478 angelum
2462 2410 2606 2465 dicat
2650 2428 2676 2463 a
2728 2413 2955 2467 Domino
3004 2415 3350 2482 destinatum,
3400 2433 3497 2473 nec
3525 2420 3661 2474 sise

2062 2499 2377 2567 angelorum
2415 2502 2713 2571 principem
2747 2506 3064 2571 mentiatur,
3098 2521 3196 2562 nec
3232 2509 3275 2561 si
3318 2510 3368 2562 in
3403 2513 3657 2577 przesenti
3688 2543 3695 2548 ~

2063 2590 2321 2646 honorem
2349 2593 2616 2659 c0nferat,
2647 2610 2822 2664 neque
2846 2598 2887 2650 si
2914 2598 3235 2663 polliceatur
3254 2600 3479 2669 gloriam
3519 2603 3664 2656 futu-

2063 2698 2270 2749 rorum,
2305 2699 2480 2752 neque
2518 2684 2564 2739 si
2615 2687 2842 2740 virtutes
2891 2700 3167 2757 Operctttr,
3217 2706 3316 2745 nec
3365 2691 3411 2745 si
3461 2694 3659 2747 cadum

2065 2777 2362 2847 promittat,
2393 2786 2448 2832 et
2494 2776 2705 2833 inferno
2752 2778 3046 2847 deterreat,
3096 2782 3185 2836 vel
3236 2783 3653 2851 profunditatem

2063 2868 2309 2923 scientia:
2350 2868 2582 2924 suadere
2628 2879 2895 2937 conetur,
2945 2887 3202 2943 umquam
3250 2888 3349 2929 nos
3396 2877 3594 2944 poterit
3631 2894 3660 2932 a

2064 2957 2263 3014 Christi
2296 2976 2579 3015 secernere
2610 2962 2894 3018 charitate.

2139 3046 2322 3120 Neque
2347 3059 2583 3105 creatura
2605 3054 2713 3106 alia
2744 3054 2927 3121 poterit
2958 3070 3052 3109 nos
3077 3073 3165 3128 sep
3176 3074 3318 3111 trare
3343 3074 3375 3111 a
3408 3062 3661 3115 charitate

360 3157 755 3203 monstraretur
783 3149 1109 3218 exemplum.
1141 3145 1295 3213 Quod
1342 3146 1493 3211 dicit,
1541 3161 1639 3216 pro
1688 3147 1958 3211 oumibus,
1989 3142 2033 3204 C
2070 3142 2185 3198 Dei.
2214 3142 2439 3197 Omnem
2474 3160 2613 3213 pene
2639 3157 2945 3201 creaturam
2976 3150 3301 3203 nominavit:
3333 3160 3385 3205 ct
3411 3168 3516 3205 non
3557 3153 3659 3207 fuit

360 3240 657 3295 notandum
686 3239 813 3308 quia
842 3254 947 3292 non
982 3253 1079 3306 pro
1109 3237 1419 3306 aliquantis.

438 3336 711 3403 Quomodo
734 3352 835 3390 non
857 3337 1032 3403 etiam,
1056 3350 1171 3387 cum
1196 3332 1291 3387 illo
1317 3332 1491 3386 omnia
1531 3331 1677 3386 nobis
1720 3330 1965 3385 donavit?

361 3430 497 3498 Quid
545 3438 719 3501 potest
768 3429 971 3483 habere
1014 3427 1255 3491 charius,
1299 3426 1441 3495 quod
1472 3425 1629 3480 nobis
1660 3434 1840 3495 neget,
1873 3424 1961 3494 qui

364 3523 557 3579 Filium
591 3540 695 3576 non
736 3522 999 3593 negavit?

437 3616 565 3685 Quis
595 3615 851 3670 accusabit
882 3618 1127 3669 adversus
1159 3617 1342 3670 electos
1374 3610 1510 3667 Dei?
1534 3608 1674 3666 Deus
1697 3611 1786 3682 qui
1802 3610 1966 3681 justi-

280 3698 283 3703 .
361 3710 518 3779 ﬁcat?
547 3707 674 3775 Quis
698 3718 769 3763 est
801 3710 889 3779 qui
915 3706 1259 3762 condemnet?
1284 3705 1430 3774 Quos
1458 3704 1603 3759 Deus
1633 3704 1797 3773 elegit
1840 3717 1961 3757 cre-

362 3803 574 3869 dentes,
608 3817 669 3857 ac
699 3802 868 3872 signis
893 3809 947 3856 et
975 3798 1271 3855 virtutibus
1292 3798 1472 3868 iustos
1510 3796 1793 3852 ostendit:
1839 3793 1960 3864 quis

362 3910 461 3964 pro
492 3894 732 3964 pristinis
761 3893 978 3947 audebit
1004 3905 1261 3947 accusare
1287 3889 1523 3955 delictis,
1555 3889 1639 3943 vel
1687 3901 1785 3958 pro
1826 3900 1962 3942 con-

364 3996 566 4056 temptu
596 3986 849 4056 legalium
878 3983 1278 4038 mandatorum.

435 4078 667 4132 Christus
692 4075 727 4129 J
732 4093 867 4141 esus,
898 4078 985 4146 qui
1012 4086 1243 4129 mortuus
1271 4081 1381 4128 est:
1408 4073 1567 4125 immo
1596 4072 1683 4137 qui
1712 4082 1761 4124 et
1790 4087 1960 4125 resur-

362 4170 517 4234 rexit,
540 4169 629 4238 qui
650 4176 720 4222 (δι
742 4168 810 4220 ad
828 4167 1087 4221 dexteram
1114 4165 1226 4221 Dei.
1250 4165 1560 4221 Secundum
1581 4164 1841 4233 assumpti
1864 4162 1965 4220 bo-

362 4262 525 4317 tninis
549 4260 783 4329 loquitur
799 4256 1021 4312 formam
1042 4258 1156 4325 :qui
1178 4240 1425 4311 mortuus
1446 4263 1549 4321 est,
1570 4266 1619 4311 et
1645 4256 1961 4310 resurrexit.

439 4354 540 4421 Qui
567 4353 721 4406 etiam
750 4350 1043 4421 interpellat
1069 4364 1163 4421 pro
1194 4348 1358 4403 nobis.
1384 4347 1457 4404 Ut
1481 4362 1602 4401 cum
1626 4346 1744 4418 ipso
1766 4346 1959 4414 simus,

365 4447 451 4503 ubi
482 4448 598 4517 ipse
643 4454 744 4499 est.
776 4443 964 4499 Solent
1001 4445 1157 4514 plane
1202 4441 1410 4508 Ariani,
1455 4457 1524 4497 ex
1570 4440 1963 4511 interpellatio-

2068 3234 2150 3287 his
2177 3244 2483 3301 contentus,
2516 3236 2619 3291 nisi
2647 3237 2932 3301 addiderit,
2959 3251 3014 3293 ut
3038 3242 3247 3296 etiamsi
3272 3243 3340 3295 sit
3372 3242 3475 3296 alia
3507 3258 3661 3299 crea-

2067 3336 2206 3391 tura,
2234 3341 2333 3380 nec
2358 3327 2470 3397 ipsa
2500 3329 2675 3383 valeat
2700 3342 2977 3398 separare.

2139 3418 2264 3484 Qua:
2289 3428 2361 3471 est
2386 3419 2439 3471 in
2466 3416 2670 3471 Christo
2694 3420 2822 3473 Iesu
2856 3418 3080 3473 Domino
3111 3430 3311 3476 nostro.
3340 3423 3507 3479 Deum
3530 3424 3658 3479 dili-

2064 3509 2141 3579 git
2173 3511 2223 3563 in
2246 3508 2488 3572 Christo,
2538 3510 2691 3577 cujus
2740 3510 2961 3565 dilectio
3010 3512 3265 3566 consistit
3313 3517 3365 3567 in
3412 3517 3660 3571 custodia

2065 3599 2465 3666 mandatorum,
2499 3599 2634 3654 sicut
2659 3609 2714 3655 et
2741 3600 2862 3670 ipse
2892 3602 3001 3654 ait:
3032 3602 3091 3657 Si
3121 3602 3348 3674 diligitis
3372 3621 3483 3671 me,
3512 3622 3664 3661 man-

2064 3692 2185 3747 data
2220 3706 2341 3746 mea
2377 3699 2612 3746 servate.
2644 3690 2753 3747 Nec
2791 3707 2899 3747 non
2939 3692 3295 3749 imitationem
3337 3695 3540 3750 amoris
3579 3697 3660 3751 sui

2066 3785 2118 3839 in
2148 3783 2383 3839 fraterna
2416 3783 2689 3839 ebaritate
2729 3785 3027 3850 constituit,
3060 3785 3288 3841 dicens:
3330 3787 3386 3842 ln
3427 3789 3530 3843 hoc
3564 3804 3661 3845 co-

2064 3885 2328 3948 gnoscent
2356 3878 2627 3943 homines,
2651 3877 2776 3948 quia
2809 3879 2910 3932 mei
2935 3878 3185 3948 discipuli
3207 3881 3359 3945 estis,
3388 3882 3434 3935 si
3458 3882 3665 3940 dilexe-

2064 3970 2185 4026 ritis
2212 3972 2461 4025 invicem.
2498 3970 2564 4026 Et
2591 3970 2829 4027 Joannes
2858 3974 2967 4026 ait:
2998 3972 3055 4029 Si
3091 3972 3339 4037 fratrem,
3374 3990 3536 4042 quem
3581 3975 3661 4030 vi.

2066 4064 2184 4129 des,
2230 4080 2337 4120 non
2383 4065 2599 4135 diligis:
2639 4065 2812 4122 Deum
2850 4080 3009 4136 quem
3051 4081 3160 4123 non
3192 4066 3361 4133 vides,
3391 4068 3662 4137 quomodo

2064 4170 2221 4229 potes
2250 4158 2473 4229 diligere
2494 4157 2517 4213 ἲ

2688 4271 2917 4330 CAPUT
2945 4272 3036 4329 IX.

2142 4430 2424 4485 Veritatem
2451 4428 2565 4483 dico
2594 4430 2647 4482 in
2678 4427 2885 4483 Christo
2913 4426 3078 4483 Iesu:
3107 4444 3209 4482 non
3244 4427 3483 4494 mentior,
3521 4432 3664 4484 testi-

364 4542 446 4596 nis
476 4554 660 4606 causa,
697 4551 918 4593 movere
961 4535 1311 4596 calumniam.
1360 4535 1624 4594 dicentes.
1672 4533 1813 4603 quod
1863 4534 1951 4602 qui
1978 4524 2291 4589 Dmonium
2335 4522 2465 4575 mihi
2511 4521 2807 4591 perhibente
2852 4520 3164 4573 conscientia
3208 4535 3321 4573 mea
3360 4520 3415 4572 in
3456 4518 3659 4591 Spiritu

364 4632 754 4701 interpellatur,
788 4628 1169 4697 interpellante
1199 4627 1270 4681 sit
1290 4626 1479 4694 major.
1506 4625 1711 4690 Quibus
1733 4639 1955 4693 respon-

364 4723 596 4779 dendum
620 4731 725 4786 εμι,
755 4720 921 4774 Deum
953 4717 1282 4772 oblivionem
1309 4731 1417 4771 non
1449 4716 1557 4787 pati
1582 4733 1595 4768 :
1628 4724 1683 4769 ut
1705 4730 1803 4783 pro
1828 4714 1957 4783 ipsis

365 4822 773 4869 commoneatur
800 4823 1038 4878 semper,
1069 4823 1205 4879 quos
1234 4808 1348 4877 ipse
1378 4808 1579 4877 elegit:
1614 4806 1709 4861 sed
1754 4806 1806 4859 in
1853 4804 1957 4860 hoc

364 4904 708 4975 interpellare
726 4917 847 4956 cum
873 4901 1089 4966 dicitur,
1105 4900 1234 4953 dum
1256 4913 1473 4966 semper
1496 4898 1636 4951 Patri
1656 4896 1951 4963 hominem,

366 5013 521 5064 quem
570 4995 827 5068 suscepit,
879 4991 1031 5064 quasi
1082 5001 1326 5045 nostrum
1377 4989 1574 5060 pignus
1614 4987 1870 5055 ostendit,
1903 4995 1959 5042 et

367 5086 548 5152 offert,
580 5096 641 5139 ut
664 5098 826 5138 verus
859 5082 1096 5152 pontifex
1128 5089 1183 5135 et
1212 5084 1471 5135 attonitis.

441 5176 568 5243 Quis
598 5191 718 5247 ergo
743 5191 834 5229 nos
860 5174 1117 5245 separabit
1147 5191 1177 5224 (ι
1205 5171 1457 5225 charitate
1486 5167 1718 5222 Christi?
1745 5168 1962 5223 tribula-

374 5268 463 5332 tio,
493 5268 840 5339 an'angttstia,
867 5282 936 5318 an
959 5268 1142 5334 fames,
1174 5278 1244 5314 an
1272 5261 1500 5326 auditas,
1540 5277 1605 5313 an
1651 5258 1957 5331 periculum,

372 5378 439 5415 an
487 5362 784 5430 persecutio,
826 5360 892 5412 an
929 5357 1171 5430 gladius?
1214 5356 1362 5412 Sicut
1407 5354 1657 5423 scriptum
1698 5360 1789 5406 est.
1835 5352 1965 5407 Post

374 5464 519 5507 tanta
548 5462 601 5507 et
626 5452 880 5523 prtcclara
912 5450 1200 5515 beneﬁcia,
1235 5449 1318 5503 vel
1360 5448 1627 5518 promissa
1655 5491 1668 5515 ,
1712 5459 1834 5516 qua:
1869 5458 1965 5514 po-

372 5545 497 5601 terit
528 5555 633 5598 tam
666 5542 847 5611 gravis
878 5556 998 5596 esse
1030 5556 1305 5610 pressura.
1334 5555 1455 5609 qua:
1484 5553 1581 5592 nos
1602 5538 1669 5591 ab
1691 5539 1807 5606 ejus
1835 5536 1966 5590 cha-

371 5640 529 5695 ritate
559 5636 901 5693 divellatzet
927 5635 1154 5689 dicendo
1194 5647 1385 5687 omnes
1431 5632 1611 5697 docet,
1661 5631 1798 5685 tales
1847 5643 1968 5684 esse

362 5731 599 5797 debere,
634 5727 728 5798 qui
757 5742 784 5780 a
812 5725 1031 5783 Christo
1054 5741 1155 5781 nec
1180 5725 1431 5795 periculis
1450 5726 1683 5781 debeant
1702 5720 1965 5793 separari.

2062 4626 2282 4673 sancto:
2312 4615 2554 4686 quoniam
2578 4613 2790 4668 tristitia
2824 4612 2951 4664 mihi
2975 4628 3165 4681 magna
3187 4621 3279 4680 est,
3315 4621 3361 4665 et
3385 4613 3659 4667 continuus

2062 4708 2213 4763 dolor
2233 4706 2376 4760 cordi
2394 4721 2530 4759 meo.
2563 4704 2760 4758 Contra
2785 4701 3003 4757 Judmos
3024 4715 3262 4765 acturus,
3291 4703 3526 4771 primum
3552 4705 3657 4759 illis

2062 4798 2344 4861 satisfacit,
2372 4812 2481 4850 non
2522 4811 2581 4849 se
2622 4794 2727 4849 odii
2772 4808 2935 4848 causa
2979 4793 3083 4847 hoc
3124 4793 3332 4858 dicere,
3377 4794 3473 4849 sed
3511 4810 3659 4851 amo-

2062 4891 2173 4946 ris:
2207 4903 2273 4942 eo
2299 4887 2443 4956 quod
2471 4885 2651 4940 doleat
2682 4884 2804 4939 illos
2837 4900 2943 4938 non
2986 4884 3213 4940 credere
3250 4884 3548 4954 Christum,
3589 4888 3655 4943 ad

2063 4998 2201 5057 quos
2222 4982 2455 5052 primum
2475 4979 2760 5033 salvandos
2782 4978 3097 5032 advenerat.
3123 4978 3275 5046 Quod
3300 4987 3480 5034 autem
3503 4980 3657 5045 dicit,

2062 5090 2126 5131 se
2156 5076 2208 5127 in
2248 5070 2468 5127 Christo
2508 5069 2693 5125 dicere
2739 5069 3065 5124 veritatem:
3098 5070 3336 5126 ostendit
3379 5072 3657 5128 hominem

2060 5165 2391 5233 baptizntum
2419 5178 2432 5217 :
2483 5162 2571 5228 qui
2621 5176 2716 5230 per
2756 5163 3299 5218 communicationem
3327 5166 3574 5233 corporis
3602 5173 3660 5217 et

2066 5256 2345 5327 sanguinis
2365 5253 2565 5309 Christi
2590 5254 2641 5307 in
2668 5254 2785 5321 ipso
2808 5264 3009 5319 manet,
3035 5261 3089 5309 et
3112 5254 3229 5322 ipse
3257 5255 3308 5308 in
3337 5256 3429 5309 illo
3457 5275 3467 5308 :
3504 5255 3657 5324 quid-

2058 5350 2218 5421 quid,
2246 5346 2331 5403 νει
2359 5346 2510 5412 iacit,
2537 5346 2621 5399 vel
2651 5345 2888 5414 loquitur
2934 5345 2987 5399 in
3028 5345 3269 5414 Christo,
3321 5361 3445 5401 eum
3492 5348 3657 5416 loqui,

2058 5443 2156 5498 vel
2183 5453 2366 5511 agere,
2394 5438 2548 5507 cujus
2574 5447 2658 5491 est
2688 5436 3011 5491 membrum.
3050 5437 3112 5490 Et
3152 5437 3416 5507 quidquid
3453 5439 3502 5492 ei
3542 5440 3666 5495 illa-

2070 5545 2180 5588 tum
2214 5532 2424 5599 injurite
2460 5529 2646 5593 fuerit,
2684 5528 2903 5581 Christo
2947 5527 3196 5583 similiter
3236 5529 3487 5598 irrogari.
3529 5532 3662 5587 Nam

2056 5623 2209 5694 ειμιοά
2235 5623 2342 5676 ait:
2374 5619 2766 5676 conscientiam
2792 5618 2896 5673 sibi
2919 5620 2970 5672 in
2988 5618 3096 5672 hac
3118 5628 3275 5689 parte
3300 5621 3665 5679 testimonium

2062 5717 2390 5790 perbibere:
2421 5714 2576 5770 illum
2606 5713 2765 5770 docet
2787 5711 3076 5770 veritatem
3103 5710 3308 5783 dicere,
3337 5712 3487 5785 cujus
3525 5729 3635 5771 con
