4056 6338
392 286 499 348 687
1437 280 1496 339 S.
1539 276 1923 338 IIIERONYMI
1960 273 2242 336 OPERUM
2279 274 2652 337 MANTISSA.
3580 275 3704 341 688

385 395 672 454 scientiam
705 395 756 452 in
784 393 1036 452 omnibus
1066 398 1378 449 attestatur.
1409 389 1522 447 Nec
1552 407 1675 446 cum
1714 389 1982 445 mendacii
2006 389 2061 451 A
2087 390 2228 447 ﬁlios
2257 390 2510 456 Abrahre,
2540 404 2703 461 quam
2735 390 2932 449 meruit
2971 390 3128 461 ﬁdes,
3172 396 3235 447 ut
3276 391 3493 452 scilicet
3536 404 3704 468 pater

389 503 568 558 reum,
597 489 805 544 interna
835 484 1180 542 accusatione
1200 482 1505 539 constituit.
1530 482 1664 537 Item
1687 479 1985 551 Apostolus

389 595 452 637 se
483 582 691 637 tristem
732 578 861 634 dicit
896 575 1054 633 valde
1094 591 1192 646 pro
1234 573 1493 631 fratribus
1534 573 1645 630 suis
1691 572 1989 630 secundum

391 688 632 737 carnem,
673 670 761 741 qui
798 666 930 725 dicit
968 667 1173 724 nullum
1225 682 1324 723 nos
1362 681 1618 737 separare
1649 681 1680 720 a
1722 664 1989 721 charitate

389 765 624 822 Christi:
654 763 832 818 sciens
853 775 915 818 se
937 759 1153 832 quando
1176 768 1494 830 persecutor
1517 764 1658 827 erat,
1681 765 1737 813 et
1762 756 1985 827 optabat

386 874 448 916 se
463 856 748 914 anathema
768 869 891 913 esse
911 870 940 910 a
958 853 1196 922 Christo,
1221 860 1474 909 vocatum
1499 866 1529 906 a
1551 850 1771 907 Christo
1792 864 1985 906 secun-

388 949 517 1007 dum
555 949 673 1020 ejus
702 946 1128 1005 misericordiam
1156 964 1171 1003 :
1204 955 1258 1003 et
1284 945 1501 1003 volebat
1530 960 1626 1002 eos
1653 944 1899 1013 credere,
1930 952 1988 1001 et

384 1041 634 1099 eamdem
659 1040 1088 1098 misericordiam
1119 1038 1452 1111 promereri.

464 1136 722 1209 Optabam
747 1136 882 1192 enim
910 1152 1001 1207 ego
1028 1136 1139 1205 ipse
1166 1131 1447 1189 anathema
1473 1147 1584 1187 esse
1608 1148 1640 1186 a
1657 1128 1865 1186 Christo
1892 1145 1987 1201 pro

386 1228 638 1304 fratribus
658 1231 803 1297 meis,
827 1229 917 1302 qui
944 1237 1063 1283 sunt
1091 1227 1298 1299 cognati
1326 1225 1424 1278 mei
1446 1222 1731 1278 secundum
1754 1237 1983 1277 carnem.

382 1323 646 1396 Optabam
673 1320 988 1394 aliquando,
1017 1334 1138 1375 cum
1165 1331 1522 1389 persequerer
1547 1313 1847 1380 Christum,
1876 1327 1986 1367 non

384 1417 550 1473 modo
580 1424 865 1486 optarem:
899 1410 1139 1469 sciebam
1176 1409 1319 1481 quod
1364 1409 1605 1479 ipsorum
1646 1411 1832 1462 essent
1867 1402 1987 1459 haec

390 1510 594 1567 omnia.
628 1507 738 1564 Sed
772 1516 1053 1578 postquam
1086 1502 1316 1575 cognovi
1362 1500 1666 1564 veritatem,
1720 1494 1985 1566 dereliqui

385 1618 502 1670 eos,
532 1616 669 1673 quos
700 1598 879 1656 taliter
910 1597 1227 1669 diligebam,
1259 1604 1316 1652 et
1341 1594 1444 1666 ipsi
1475 1593 1714 1650 nondum
1745 1604 1983 1647 conver-

385 1705 594 1753 tuntur.

462 1788 569 1857 Qui
592 1796 709 1843 sunt
741 1782 1016 1852 Israelitte,
1043 1798 1261 1855 quorum
1281 1781 1498 1849 adoptio
1526 1788 1600 1835 est
1628 1778 1884 1849 filiorum.
1908 1774 1983 1831 De
2012 1780 2062 1843 B
2086 1789 2172 1840 est
2199 1782 2247 1838 ei
2274 1799 2289 1838 :
2323 1782 2461 1850 Quia
2493 1782 2670 1853 major
2695 1783 2924 1839 serviret
2954 1782 3152 1839 minori
3180 1802 3192 1837 :
3228 1782 3380 1840 Sicut
3418 1786 3682 1854 scriptum
3720 1830 3725 1835 .

388 1879 522 1954 ipsis
541 1882 685 1938 enim
715 1880 926 1936 dicebat
953 1896 966 1932 :
1000 1877 1170 1933 Filius
1195 1889 1347 1930 meus
1369 1869 1766 1943 primogenitus
1790 1865 1980 1925 Israel.

460 1975 531 2029 Et
579 1974 771 2046 gloria,
814 1982 863 2026 et
912 1978 1296 2035 testamentum,
1342 1974 1391 2021 et
1442 1965 1719 2037 legislatio.
1770 1962 1985 2019 Veteris

392 2068 545 2135 latio,
575 2076 632 2124 et
658 2066 781 2122 novi
805 2063 1111 2136 promissio.

459 2158 528 2214 Et
553 2156 848 2230 obsequium
874 2166 923 2212 et
955 2154 1228 2226 promissa.
1264 2151 1377 2209 Hoc
1403 2157 1489 2208 est
1519 2148 1839 2222 mysterium
1881 2162 1983 2205 an-

388 2251 630 2323 gelorum
658 2250 745 2306 vel
772 2248 1180 2321 prophetarum.

463 2342 698 2408 Quorum
730 2350 919 2411 patres.
951 2338 1247 2406 Abraham,
1277 2336 1428 2392 Isaac
1456 2342 1511 2390 ct
1538 2332 1726 2389 Iacob.

460 2430 546 2491 Ea:
574 2435 759 2506 quibus
787 2441 869 2486 ἐει
899 2429 1133 2485 Cltristus
1180 2428 1460 2484 secundum
1504 2440 1747 2480 carnem:
1785 2422 1871 2494 qui
1912 2430 1987 2479 est

384 2545 542 2599 super
567 2528 744 2584 omnia
775 2524 916 2580 Deus
948 2523 1239 2579 benedictus
1260 2523 1313 2575 in
1336 2521 1556 2588 swcula,
1581 2519 1763 2573 Amen.
1785 2514 1984 2574 Contra

386 2620 762 2686 Manichteum,
813 2617 1122 2681 letinum,
1170 2623 1225 2670 et
1272 2613 1504 2668 Arium:
1555 2610 1676 2682 quia
1716 2617 1772 2665 et
1797 2624 1864 2665 ex
1893 2608 1986 2665 Iu-

386 2717 519 2772 daeis
557 2726 639 2770 est
684 2711 978 2768 secundum
1021 2724 1264 2774 carnem,
1312 2717 1366 2763 et
1408 2707 1551 2762 Deus
1579 2704 1892 2761 benedictus
1930 2704 1983 2759 in

389 2809 591 2865 saecula
619 2825 631 2861 :
657 2807 796 2862 sicut
817 2814 871 2861 et
890 2805 1126 2859 Thomas
1146 2802 1355 2871 adorat,
1382 2810 1434 2855 et
1456 2799 1617 2855 dicit:
1641 2799 1787 2855 Deus
1806 2812 1983 2863 meus,

391 2902 536 2956 Deus
563 2913 734 2954 meus.
764 2895 915 2963 Quod
948 2895 1038 2950 ille
1061 2893 1375 2961 conﬁrmat,
1406 2892 1591 2949 dicens
1619 2909 1633 2946 :
1677 2891 1811 2959 Quia
1845 2888 1987 2945 vidi-

389 2994 485 3063 sti,
521 2992 644 3047 ideo
673 2988 968 3045 credidisti.
1238 2975 1243 2983 ’

466 3086 590 3141 Νοη
617 3094 815 3153 autem,
846 3080 986 3154 quod
1006 3078 1255 3135 exciderit
1284 3079 1492 3134 verbum
1519 3077 1633 3131 Dei.
1666 3076 1818 3131 Licet
1840 3073 1987 3145 Apo—

2094 485 2164 541 sit
2189 483 2430 555 gentium
2462 483 2838 555 plurimarum.

2164 577 2537 632 Promissionis
2563 578 2697 633 enim
2724 578 2929 634 verbum
2955 579 3053 635 hoc
3080 589 3175 639 est.
3210 581 3311 639 llic
3336 583 3574 641 ostendit
3600 599 3702 657 po-
3776 555 3785 561 β

2090 670 2377 729 Steriorem
2401 670 2681 741 populum,
2706 686 2859 727 more
2883 670 3053 743 Isaac,
3072 688 3198 731 esse
3221 677 3692 747 repromissionis.

2166 761 2464 819 Secundum
2491 762 2587 817 hoc
2615 770 2815 832 tempus
2841 764 3062 832 veniam,
3109 774 3157 820 et
3193 768 3293 821 erit
3332 766 3486 824 Sara:
3524 768 3691 839 ﬁlius.

2090 853 2396 928 Antequam
2441 855 2845 913 nasceremini:
2893 857 3063 913 immo
3091 858 3407 931 priusquam
3443 859 3690 919 Rebecca

2090 948 2231 1005 Esau
2268 959 2322 1006 et
2346 949 2515 1006 Jacob
2534 968 2601 1007 ex
2623 958 2782 1007 utero
2805 964 2904 1006 suo
2928 948 3182 1007 funderet
3200 990 3216 1018 ,
3242 950 3299 1006 in
3326 950 3501 1009 Iacob
3526 952 3689 1010 dilexi

2089 1055 2207 1097 vos.
2241 1041 2298 1097 In
2348 1040 2493 1097 Esau
2541 1041 2836 1098 ldumaeum
2887 1040 3012 1097 odio
3059 1041 3243 1098 habui.
3291 1043 3467 1111 Quem
3509 1044 3686 1102 locum

2088 1131 2291 1188 Paulus
2336 1134 2615 1203 apostolus
2656 1132 2884 1206 mystica
2929 1132 3303 1206 disputatione
3357 1136 3686 1206 eventilaus,

2088 1226 2352 1297 scriptum
2382 1235 2492 1293 est,
2523 1226 2591 1283 ad
2621 1228 2937 1283 Romanos:
2976 1226 3083 1283 duo
3122 1227 3332 1297 pariter
3378 1228 3687 1285 testimonia

2088 1316 2158 1375 de
2187 1319 2384 1377 Genesi
2416 1319 2786 1392 Malachiaque
2810 1319 3108 1391 eonjungit.
3141 1319 3251 1377 Sed
3273 1329 3330 1378 et
3346 1320 3595 1379 Rebecca
3616 1322 3687 1379 de

2090 1427 2199 1467 uno
2229 1412 2519 1469 concubitu
2549 1412 2755 1470 habens
2786 1412 2940 1470 Isaac
2986 1422 3196 1484 patrem
3239 1424 3511 1470 nostrum.
3548 1414 3683 1471 Nam

2090 1520 2213 1561 cum
2243 1506 2479 1561 nondum
2508 1506 2622 1561 nati
2653 1515 2858 1575 essent,
2887 1514 2979 1561 aut
3006 1505 3211 1578 aliquid
3245 1507 3483 1578 egissent
3525 1507 3681 1575 boni,

2087 1596 2175 1652 vel
2206 1597 2356 1665 mali,
2390 1606 2447 1653 ut
2485 1597 2783 1655 secundum
2826 1597 3155 1654 electionem
3200 1597 3528 1670 pr0positum
3575 1599 3677 1656 Dei

2088 1698 2359 1758 maneret,
2393 1704 2503 1745 non
2532 1704 2601 1744 ex
2630 1689 2911 1760 operibus,
2942 1688 3038 1745 sed
3067 1704 3134 1747 ex
3164 1690 3442 1746 vocatione
3472 1689 3679 1746 dictum

2087 1885 2209 1934 est:
2238 1876 2407 1933 Jacob
2435 1875 2630 1941 dilexi;
2659 1876 2803 1932 Esau
2828 1886 3007 1933 autem
3035 1876 3161 1933 odio
3185 1875 3514 1948 habuiqlloc
3538 1876 3683 1933 enim

2085 1971 2231 2043 quod
2279 1971 2512 2028 dicitur:
2561 1969 2716 2027 Sicut
2762 1971 3025 2044 scriptum
3070 1979 3177 2040 est,
3217 1979 3273 2027 et
3306 1970 3373 2026 ad
3402 1970 3680 2028 Geneseos

2085 2064 2311 2131 librum,
2345 2072 2401 2123 et
2443 2065 2511 2121 ad
2561 2065 2883 2137 prophetam
2930 2065 3249 2123 Malachiam
3300 2065 3561 2122 refertur.
3615 2065 3683 2121 Et

2085 2173 2193 2215 non
2222 2158 2396 2215 solum
2428 2158 2541 2214 ait:
2573 2157 2741 2215 Jacob
2764 2156 2953 2226 dilexi,
2994 2168 3282 2230 antequam
3322 2146 3677 2215 nasceretur:

2085 2262 2142 2309 et
2168 2251 2293 2308 odio
2323 2251 2489 2308 habui
2518 2250 2687 2318 Esau,
2717 2251 3027 2323 priusquam
3055 2266 3121 2308 ex
3155 2252 3347 2308 matris
3373 2262 3530 2308 utero
3562 2251 3681 2308 lun-

2085 2343 2328 2413 derctur,
2371 2344 2465 2400 sed
2505 2344 2558 2399 in
2603 2353 2849 2415 posteros
2884 2359 3073 2401 eorum
3110 2358 3354 2400 amorem
3395 2359 3592 2411 meum,
3624 2352 3677 2400 et

2085 2435 2269 2493 odium
2295 2436 2635 2493 conservavi.
2664 2435 2860 2493 Odium
2912 2436 2968 2492 in
3016 2435 3181 2503 Esau,
3234 2436 3392 2507 cujus
3438 2445 3666 2506 montes,

2085 2529 2177 2600 qui
2207 2528 2551 2600 appellantur
2577 2528 2719 2598 Seir,
2750 2526 2933 2598 redegi
2961 2528 3014 2582 in
3037 2527 3409 2596 solitudinem,
3433 2537 3488 2584 et
3511 2527 3673 2583 urbes

2085 2620 2188 2677 feci
2211 2634 2335 2675 esse
2358 2619 2623 2686 desertas,
2647 2626 2701 2674 et
2722 2632 2752 2673 a
2773 2618 3121 2689 serpentibus
3139 2632 3202 2674 ac
3224 2617 3411 2674 bestiis
3424 2617 3671 2674 obtineri.

2161 2714 2283 2768 Non
2309 2712 2478 2768 solum
2506 2721 2677 2768 autem
2708 2712 2822 2779 illa,
2851 2711 2940 2768 sed
2979 2720 3027 2767 et
3065 2710 3317 2768 Rebecca.
3358 2710 3476 2767 Non
3503 2712 3678 2767 solum

2086 2814 2268 2861 autem
2294 2805 2486 2861 lsmael
2519 2814 2573 2861 et
2601 2804 2751 2860 Isaac
2777 2824 2788 2858 :
2814 2804 2908 2875 qui
2937 2805 3183 2877 quamvis
3213 2820 3279 2860 ex
3311 2818 3423 2861 uno
3460 2804 3679 2876 quidem

2090 2907 2267 2966 patre,
2291 2897 2506 2953 diversa
2532 2904 2711 2952 tamen
2746 2904 2919 2953 matre
2947 2904 3075 2952 sunt
3103 2896 3344 2968 generati
3372 2913 3386 2951 :
3420 2910 3529 2952 non
3559 2905 3682 2953 sunt

2088 3006 2254 3045 unum
2283 2990 2422 3061 apud
2457 2990 2646 3054 Deum,
2677 2988 2773 3045 sed
2791 2988 2964 3045 etiam
2999 2988 3166 3045 Iacob
3196 2997 3250 3044 et
3276 2988 3419 3044 Esau
3454 3007 3466 3041 :
3494 2987 3588 3060 qui
3617 3003 3681 3043 ex

2088 3096 2198 3136 uno
2228 3090 2349 3136 sunt
2382 3080 2447 3135 de
2474 3080 2719 3136 Rebecca
2747 3078 2859 3135 nati
2899 3079 3211 3143 concubitu,
3254 3086 3548 3150 antequam
3590 3093 3681 3134 na-

390 3179 566 3238 stolus
594 3177 777 3234 doleat
805 3174 1022 3232 Iudaeos
1054 3171 1321 3229 excidisse
1341 3186 1372 3225 a
1393 3168 1771 3241 promissionis
1791 3166 1984 3237 gratia,

2096 3183 2374 3229 sccrentur
2400 3172 2526 3228 ﬁdei
2555 3182 2681 3228 sunt
2711 3171 2853 3243 apud
2881 3172 3052 3229 Deum
3085 3171 3279 3228 merito
3309 3171 3543 3241 separati
3581 3187 3597 3226 :
3627 3179 3684 3226 ut

390 3271 631 3330 ostendit
677 3279 858 3324 tamen
910 3281 1015 3323 non
1067 3266 1230 3319 inane
1277 3262 1442 3317 fuisse
1482 3259 1709 3315 verbum
1760 3258 1855 3312 Dei
1893 3266 1990 3313 :et
2088 3266 2427 3337 propositum
2457 3265 2551 3321 Dei
2578 3265 2645 3320 de
2671 3265 2935 3336 eligendis
2960 3264 3120 3321 bonis
3151 3273 3208 3321 et
3242 3262 3543 3320 refutandis
3574 3279 3683 3319 ma-

393 3366 480 3421 his
503 3364 774 3436 promissa
804 3361 1013 3424 deberi.
1043 3373 1152 3413 non
1193 3355 1285 3427 qui
1328 3353 1626 3410 secundum
1663 3366 1884 3407 carnem
1922 3364 1991 3406 ex
2091 3359 2180 3426 lis,
2231 3360 2394 3413 etiam
2442 3358 2495 3413 in
2540 3358 2791 3428 presenti
2839 3366 3103 3414 maneret.
3152 3356 3227 3412 Ita
3274 3370 3402 3427 ergo
3432 3364 3488 3410 et
3516 3370 3680 3425 nunc,

390 3459 688 3523 Abraham,
715 3457 864 3512 Isaac
889 3463 946 3510 et
976 3450 1141 3507 Israel
1167 3449 1280 3504 nati
1312 3454 1441 3503 sunt
1475 3464 1487 3499 :
1522 3444 1616 3501 sed
1641 3443 1735 3515 qui
1762 3457 1987 3498 servan-

396 3565 480 3610 tes
506 3552 681 3614 ﬁdem,
696 3546 1156 3621 patriarcharum,
1185 3543 1256 3598 de
1281 3555 1513 3612 quorum
1550 3539 1759 3594 semine
1798 3545 1991 3607 putan-

392 3655 503 3700 tur.
524 3644 657 3699 Itcm
679 3643 807 3713 quia
827 3640 1081 3712 superius
1102 3638 1315 3694 dixerat
1337 3634 1526 3691 dolere
1546 3647 1623 3699 se,
1648 3631 1792 3703 quod
1821 3644 1993 3703 genus

393 3735 562 3791 Israel
609 3735 832 3803 proprio
882 3732 1013 3787 vitio
1056 3729 1443 3786 excluderetur
1481 3742 1508 3780 a
1542 3740 1730 3797 regno,
1762 3739 1993 3796 quorum

398 3828 517 3883 haec
542 3826 723 3880 omnia
756 3824 995 3880 luerunt.
1023 3823 1123 3877 llic
1151 3820 1395 3877 ostendit
1419 3820 1563 3885 illos,
1590 3819 1681 3889 qui
1722 3834 1829 3875 non
1873 3832 1994 3874 cre-

398 3923 556 3983 dunt,
586 3932 694 3973 non
732 3930 856 3971 esse
902 3914 1043 3969 ﬁlios
1092 3912 1346 3981 Abrahm,
1395 3927 1463 3967 ne
1502 3912 1756 3968 omnibus
1794 3910 1996 3967 Judzcis

397 4009 754 4083 praeiudicare
783 4014 1088 4077 putaretur,
1129 4017 1183 4061 et
1232 4003 1561 4075 olijiceretur
1589 4004 1639 4061 ei
1678 4021 1692 4057 :
1725 4001 1997 4074 Numquid

398 4108 540 4161 Deus
571 4102 828 4159 mentitus
854 4110 941 4156 est
969 4099 1242 4155 Abrahm?

471 4196 596 4252 Non
618 4196 753 4250 enim
779 4208 975 4257 omnes,
999 4192 1089 4262 qui
1127 4207 1191 4245 ea:
1221 4190 1611 4245 circumcisione
1638 4198 1756 4243 sunt
1803 4188 1996 4257 Israel,

394 4290 451 4344 hi
479 4296 601 4344 sunt
624 4285 916 4340 Israelitw:
938 4298 1097 4353 neque
1118 4281 1206 4351 qui
1224 4296 1398 4334 semen
1420 4290 1537 4334 sunt
1554 4279 1801 4347 Abrahw,
1824 4296 1998 4335 omnes

399 4382 520 4452 lilii.
551 4378 611 4435 Si
640 4393 745 4433 non
778 4389 989 4444 omnes,
1018 4381 1198 4428 tamen
1232 4371 1512 4442 aliquanti.
1547 4370 1617 4425 Et
1642 4372 1686 4427 si
1726 4386 1833 4427 non
1882 4388 2000 4427 om.

404 4488 500 4528 nes
528 4469 803 4541 Israelita,
836 4464 1003 4521 Israel
1032 4474 1158 4519 sunt
1182 4479 1198 4518 :
1229 4470 1356 4518 sunt
1380 4476 1508 4532 ergo
1534 4476 1600 4517 ex
1627 4462 1877 4531 gentibus
1899 4462 2000 4519 ali-

400 4561 612 4635 quanti,
646 4561 701 4616 in
731 4558 924 4630 quibus
952 4570 1056 4611 non
1087 4563 1169 4609 est
1193 4552 1370 4608 dolus.

472 4655 581 4710 Sed
607 4654 661 4706 in
689 4650 843 4707 Isaac
884 4647 1148 4702 vocabitur
1198 4644 1289 4699 tibi
1333 4658 1523 4698 semen.
1577 4642 1634 4697 In
1681 4643 1797 4699 solo
1846 4643 1998 4700 Isaac

401 4745 580 4803 vocati
612 4751 740 4799 sunt
787 4741 948 4798 etiam
1000 4748 1131 4795 tunc
1175 4735 1269 4790 ﬁlii
1298 4733 1572 4790 Abrahae:
1608 4748 1714 4790 non
1746 4735 1910 4790 etiam
1945 4736 1999 4791 in

403 4837 619 4903 lsmael,
649 4850 771 4891 cum
804 4844 854 4888 et
884 4833 1001 4902 ipse
1029 4845 1096 4886 ex
1124 4828 1242 4897 ejus
1272 4827 1440 4897 stirpe
1460 4825 1838 4882 descenderet.
1868 4827 1999 4882 Item

404 4944 589 4984 semen
612 4928 760 4982 Isaac
781 4940 888 4980 non
912 4922 1023 4986 isti,
1047 4922 1136 4992 qui
1160 4918 1454 4975 secundum
1476 4933 1695 4975 carnem
1721 4918 1827 4973 nati
1849 4928 1997 4989 sunt,

409 5023 507 5080 sed
538 5021 624 5086 hi,
648 5022 739 5089 qui
767 5018 1065 5074 seCundum
1091 5012 1348 5083 spiritum
1371 5020 1518 5077 sunt,
1548 5011 1651 5067 hoc
1671 5019 1778 5079 est,
1808 5026 2001 5068 secun-

410 5117 543 5172 dum
565 5112 725 5167 ﬁdem
744 5112 911 5166 Isaac.
936 5108 1040 5176 Qui
1061 5108 1207 5165 enim
1231 5107 1376 5173 talis,
1406 5106 1565 5176 hujus
1588 5106 1873 5175 promissio
1895 5116 1999 5174 est,

406 5218 460 5265 et
477 5203 694 5276 adoptio
713 5202 963 5257 ﬁliorum.
983 5201 1226 5256 llabehat
1240 5200 1383 5255 enim
1401 5199 1816 5268 primogenitum
1838 5200 2001 5268 Esau,

409 5311 467 5358 et
494 5314 604 5354 non
632 5303 718 5351 est
747 5310 777 5349 a
808 5292 919 5348 Deo
948 5290 1201 5358 dilectus,
1233 5290 1336 5345 nisi
1369 5288 1557 5343 Israel.

483 5393 552 5448 Id
576 5400 670 5460 est,
695 5406 797 5444 non
819 5390 909 5459 qui
939 5386 1038 5456 ﬁlii
1066 5386 1261 5453 carnis,
1289 5385 1343 5438 hi
1366 5384 1467 5453 ﬁlii
1498 5385 1616 5452 Dei,
1649 5386 1743 5440 sed
1777 5386 1868 5457 qui
1906 5385 2005 5455 lilii

411 5494 530 5541 sunt
560 5481 919 5554 promissionis
944 5478 1268 5533 azstimantur
1295 5476 1350 5529 in
1375 5476 1585 5530 semine.
1628 5474 1824 5532 lsmael
1860 5477 2005 5532 ettim

416 5575 711 5631 secundum
737 5572 1011 5629 carnalem
1035 5584 1193 5625 usum
1224 5574 1381 5623 natus
1402 5576 1575 5624 estex
1596 5569 1827 5624 ancilla:
1858 5569 2007 5623 Isaae

419 5679 549 5718 vero
576 5680 738 5735 super
766 5673 1014 5720 naturam
1040 5661 1109 5718 de
1131 5660 1353 5717 senibus
1378 5676 1445 5716 ex
1468 5661 1887 5731 repromissione
1910 5660 2008 5717 Dei

420 5761 506 5809 est
533 5765 835 5823 generatus.
871 5755 946 5811 Ita
975 5767 1118 5811 nunc
1146 5750 1492 5827 Christianos
1538 5750 1829 5823 promissio
1880 5752 2007 5811 facit

2092 3464 2227 3519 quos
2265 3448 2534 3519 praescivit
2570 3450 2638 3503 de
2668 3449 2916 3520 gentibus
2944 3448 3273 3517 credituros,
3304 3447 3506 3518 elegit:
3538 3457 3595 3505 et
3619 3463 3686 3504 ex

2093 3540 2259 3596 Israel
2286 3539 2474 3609 rejecit
2505 3541 2840 3597 incredulos.

2168 3634 2253 3690 Ex
2280 3651 2383 3689 uno
2414 3634 2691 3689 concubitu
2718 3634 2908 3690 habens
2938 3633 3095 3691 Isaac
3126 3636 3292 3708 patris
3322 3636 3505 3692 nostri.
3554 3635 3684 3702 Qua:

2095 3726 2292 3799 legitur
2318 3727 2497 3798 primo
2517 3729 2765 3799 geminos
2788 3727 3066 3785 edidisse:
3097 3739 3152 3785 et
3180 3744 3270 3796 eo,
3300 3730 3457 3802 quasi
3484 3743 3685 3785 novum

2097 3818 2297 3888 aliquid
2328 3819 2640 3884 accesserit,
2672 3818 2960 3891 perterrita
2990 3819 3165 3876 Deum
3192 3821 3508 3893 interrogat.

2171 3906 2300 3962 Cum
2327 3908 2463 3963 enim
2491 3908 2724 3964 nondum
2768 3894 2881 3963 nati
2912 3910 3173 3980 fuissent,
3207 3920 3296 3965 aut
3339 3911 3542 3979 aliquid
3572 3909 3689 3964 boni

2097 4000 2317 4069 egissent
2346 4041 2361 4066 ,
2391 4008 2482 4053 aut
2512 4000 2676 4054 mali:
2711 4008 2767 4054 ut
2791 4001 3076 4055 secundum
3117 4001 3419 4056 electionem
3450 4000 3688 4073 proposi-

2098 4104 2209 4149 tum
2258 4093 2355 4148 Dei
2401 4103 2647 4149 maneret.
2702 4093 2828 4150 Sive
2873 4104 2931 4149 ut
2977 4093 3082 4150 hoc
3127 4095 3501 4167 signiﬁcaret,
3550 4091 3689 4165 quod

2099 4187 2263 4244 modo
2293 4187 2455 4243 etiam
2488 4188 2555 4243 de
2586 4187 2854 4258 geminis,
2887 4188 2978 4258 qui
3007 4203 3117 4243 non
3151 4187 3348 4255 credit,
3382 4186 3686 4259 abjicietur.

2174 4278 2297 4333 Nox
2335 4293 2400 4332 ea:
2443 4278 2681 4348 aperibus
2704 4317 2722 4344 ,
2770 4278 2861 4332 sed
2904 4294 2968 4333 ea:
3003 4280 3271 4335 vocatione
3297 4280 3491 4334 dictum
3521 4287 3591 4333 est
3616 4277 3679 4331 ei.

2100 4367 2448 4425 Prmscientia
2486 4367 2583 4423 Dei
2614 4382 2719 4423 non
2754 4367 3068 4439 prmjudieat
3098 4379 3453 4440 peccatores,
3484 4370 3529 4424 si
3556 4383 3685 4425 con-

2101 4460 2238 4515 verti
2262 4459 2551 4514 voluerint.
2596 4458 2739 4513 Dicit
2777 4459 2922 4515 enim
2953 4474 3049 4531 per
3078 4460 3472 4518 Ezechielem?
3513 4459 3567 4515 Si
3600 4458 3684 4514 di-

2024 4547 2236 4614 Dxcro
2284 4556 2592 4628 peccatori,
2641 4555 2815 4611 Morte
2858 4556 3147 4611 morieris:
3191 4566 3246 4612 ct
3278 4556 3368 4613 ille
3392 4568 3685 4612 conversus

2100 4649 2365 4723 justitiam
2394 4648 2617 4717 fecerit,
2644 4647 2752 4703 vita
2785 4647 2960 4715 vivet,
2986 4657 3039 4704 et
3066 4664 3171 4705 non
3196 4648 3481 4705 morietur.

2181 4745 2313 4812 Quia
2342 4743 2508 4813 major
2532 4741 2713 4797 serviet
2730 4743 2940 4797 minori.
2965 4742 3468 4800 IttGeneseoslibro
3494 4742 3693 4799 dictum

2107 4849 2191 4895 est
2216 4855 2242 4912 τι
2258 4838 2388 4891 Duae
2408 4846 2619 4906 gentes,
2639 4844 2694 4891 et
2713 4835 2819 4890 duo
2841 4836 3020 4905 populi
3045 4836 3097 4890 in
3124 4844 3281 4892 utero
3310 4846 3423 4905 tuo,
3446 4848 3502 4893 et
3530 4853 3696 4909 popu-

2110 4929 2195 4985 lus
2218 4928 2475 4999 populum
2489 4926 2789 4997 superabit,
2813 4936 2868 4981 et
2885 4926 3057 4997 major
3073 4926 3274 4982 serviet
3304 4926 3524 4982 minori.
3555 4928 3693 4998 Ergo

2109 5020 2395 5092 prophetia
2425 5035 2528 5075 non
2555 5019 2621 5074 de
2649 5019 2733 5074 his
2755 5027 2857 5084 est,
2883 5018 2972 5089 qui
2998 5018 3292 5074 secundum
3324 5035 3545 5075 carnem
3572 5028 3697 5075 sunt

2109 5114 2295 5172 Jacobi
2319 5123 2374 5170 et
2397 5113 2537 5169 Esau
2562 5153 2577 5179 ,
2628 5111 2723 5168 sed
2763 5111 2831 5166 de
2860 5111 2942 5166 his
2966 5112 3057 5182 qui
3092 5111 3256 5168 futuri
3284 5120 3439 5169 erant
3464 5126 3533 5168 ex
3560 5126 3695 5182 ope-

2112 5210 2263 5267 ribus
2302 5206 2433 5262 boni
2461 5214 2516 5262 et
2540 5204 2665 5259 mali
2691 5220 2707 5260 :
2733 5213 2785 5259 et
2811 5218 2877 5259 ex
2910 5203 3043 5274 ipsis
3065 5204 3352 5275 operibus,
3396 5211 3489 5260 aut
3507 5202 3695 5260 odium

2113 5301 2204 5357 Dei
2236 5299 2456 5364 habere,
2488 5305 2580 5351 aut
2609 5293 3042 5351 misericordiam
3064 5296 3181 5364 ejus
3209 5296 3492 5367 consequi.

2186 5390 2336 5445 Sicut
2358 5390 2610 5460 scriptum
2634 5394 2707 5442 est
2727 5428 2743 5454 ,
2775 5384 2938 5441 Jacob
2965 5387 3158 5453 dilexi,
3198 5389 3345 5444 Esau
3374 5401 3552 5444 autem
3582 5388 3702 5444 odio

2115 5479 2295 5533 habui.
2327 5478 2441 5534 Hoc
2470 5484 2679 5544 autem,
2706 5476 2847 5548 quod
2878 5477 3095 5545 dicitur,
3127 5478 3268 5534 sicut
3297 5479 3562 5551 scriptum
3596 5489 3699 5545 est,

2115 5580 2173 5627 et
2196 5572 2263 5626 ad
2291 5570 2565 5627 Geneseos
2599 5570 2820 5639 librum,
2853 5580 2908 5627 et
2934 5569 3000 5624 ad
3030 5560 3350 5641 prophetam
3380 5570 3700 5627 Malachiam

2114 5665 2367 5733 pertinet.
2419 5662 2475 5719 In
2521 5664 2799 5721 Geneseos
2837 5664 2978 5719 libro
3020 5661 3087 5717 ad
3129 5662 3435 5719 Rebeccam
3464 5663 3702 5721 dicitur:

2114 5755 2247 5813 Duce
2280 5765 2467 5829 gentes
2497 5767 2551 5816 et
2577 5757 2684 5815 duo
2712 5756 2892 5831 populi
2924 5758 2978 5812 in
3023 5763 3181 5815 utero
3219 5763 3334 5814 tuo.
3371 5755 3525 5817 Unde
3564 5755 3704 5819 bene
