4030 6202
310 201 414 262 689

990 208 1535 271 COMMENTARIUS
1574 211 1640 269 ΙΝ
1681 210 2068 269 EPISTOLAM
2107 210 2200 269 AD
2237 215 2582 272 ROMANOS.
2623 216 2784 271 CAP.
2824 217 2914 277 IX.

3525 229 3642 287 690

306 322 549 382 ostendit
594 324 927 395 Apostolus,
971 326 1366 395 promissiones
1394 344 1502 382 non
1533 342 1657 384 esse
1683 341 1896 395 eorum,
1925 328 2344 388 Aannuntietur
2390 345 2575 383 nomen
2621 346 2792 383 meum
2836 332 2891 385 in
2932 338 3162 396 universa
3191 351 3352 400 terra.
3409 344 3545 400 Hoc
3569 354 3635 400 et

307 418 397 486 qui
427 416 724 473 secundum
756 432 976 474 carnem
1003 418 1096 474 ﬁlii
1123 427 1248 474 sunt
1277 419 1514 475 Abraha:
1537 462 1551 486 ,
1579 419 1677 477 sed
1704 435 1895 476 eorum

305 508 398 579 qui
429 508 586 564 ﬁdem
616 520 830 580 patrum
857 519 1074 566 servant
1098 520 1260 582 atque
1288 511 1620 567 custodiunt.

381 600 521 668 Quid
541 617 664 671 ergo
685 601 952 657 dicemus?
975 602 1243 674 Numquid
1265 605 1514 671 iniquitas
1537 604 1680 676 apud
1703 603 1900 658 Deum?

305 691 473 748 Absit.
516 692 756 761 Timuit,
811 710 880 750 ne
923 695 1065 767 quod
1094 697 1211 767 ipse
1241 707 1530 769 propterea
1562 699 1805 767 dixerat,
1838 707 1900 754 ut

307 782 566 854 probaret
610 785 753 856 apud
787 787 957 843 Deum
993 789 1412 860 praerogativam
1441 790 1661 860 generis
1693 789 1769 843 nil
1799 803 1896 842 va-

307 875 461 932 lere:
493 877 607 932 sive
635 878 746 946 jam
779 887 910 935 tunc
945 880 1306 950 signiﬁcatum
1341 881 1700 951 posteriorem
1729 895 1897 950 popu-

308 966 420 1022 lum
453 968 740 1026 meliorem
771 970 1010 1026 futurum
1034 1014 1049 1039 ,
1077 987 1184 1028 non
1215 972 1613 1042 intelligentes,
1647 980 1899 1040 putarent

307 1075 431 1116 eum
457 1061 639 1118 dicere
664 1108 678 1131 ,
712 1063 855 1133 quod
905 1064 1042 1119 alios
1071 1065 1213 1120 Deus
1240 1065 1415 1120 bonos
1461 1064 1666 1120 faceret
1692 1105 1707 1129 ,
1758 1064 1898 1120 alios

304 1154 518 1209 malos:
565 1155 862 1211 secundum
913 1155 1152 1226 ipsorum
1202 1155 1529 1212 sententiam
1555 1196 1571 1222 ,
1603 1153 1750 1225 quod
1779 1163 1897 1210 erat

303 1245 618 1313 iniquorum
669 1247 860 1316 punire
887 1289 901 1313 ,
955 1247 1046 1315 qui
1084 1261 1192 1301 non
1230 1261 1327 1301 sua
1351 1255 1546 1316 sponte
1573 1255 1892 1315 peccasset:

302 1335 557 1405 proponit
584 1335 689 1390 sibi
719 1351 786 1389 ex
813 1335 1044 1392 adverso
1072 1338 1403 1406 testimonia,
1431 1337 1627 1408 quibus
1659 1337 1763 1408 ipsi
1791 1338 1893 1393 hoc

302 1424 575 1481 afﬁrmare
601 1426 869 1482 solebant.
896 1427 1100 1494 Quibus
1127 1430 1392 1499 exemplis
1419 1446 1519 1500 per
1548 1430 1744 1485 breves
1766 1429 1894 1484 sub-

295 1519 562 1591 jectiones
584 1521 901 1590 respondet,
922 1524 1211 1579 ostendens
1233 1525 1305 1579 ita
1328 1525 1550 1597 intelligi
1580 1542 1686 1580 non
1709 1540 1887 1596 posse.

369 1611 541 1685 Moysi
571 1613 706 1666 enim
733 1614 869 1667 dixit
896 1654 911 1676 ,
961 1615 1244 1670 Miserebor
1289 1618 1372 1671 cui
1403 1618 1642 1673 misertus
1665 1635 1778 1672 sum
1799 1664 1812 1687 ,
1845 1628 1893 1673 et

2002 417 2078 472 illi
2109 418 2250 473 male
2281 428 2611 489 proponunt.
2667 419 2776 475 Sed
2818 420 2902 476 hic
2929 424 3075 482 locus
3100 432 3303 491 duobus
3347 434 3548 491 modis
3578 449 3615 490 a

2000 508 2234 565 diversis
2272 511 2565 580 exponitur
2599 529 2613 564 :
2655 510 2772 566 sive
2802 513 2943 581 quod
2973 523 3335 593 unusquisque
3370 524 3609 581 modum

2001 611 2056 657 et
2087 601 2250 657 ﬁnem
2289 612 2634 672 peccatorum
2667 617 2890 658 suorum
2919 605 3136 675 implet,
3171 620 3227 664 ut
3252 617 3586 680 puniantur,

2000 696 2141 750 sicut
2163 694 2461 751 Sodomita:
2487 705 2543 751 et
2571 695 2898 750 Amorrhaei.
2943 696 3043 751 Hie
3068 713 3197 768 ergo
3223 699 3331 769 jam
3369 703 3592 758 modum

2000 795 2347 854 excesserat,
2395 797 2453 844 et
2499 788 2704 844 idcirco
2753 788 2927 843 voluit
2963 789 3146 858 Deus,
3196 793 3354 862 quasi
3390 793 3460 848 de
3482 796 3594 863 jam

2000 880 2244 949 perituro
2272 880 2396 934 aliis
2426 878 2747 949 providere,
2773 890 2832 933 ut
2862 882 3093 950 populus
3119 882 3237 951 ejus
3267 898 3593 955 agnosceret

1994 970 2265 1041 justitiam
2291 971 2494 1042 ipsius,
2531 979 2693 1040 atque
2719 971 2973 1025 virtutem
3002 989 3017 1025 :
3059 980 3119 1025 ut
3147 988 3247 1028 nec
3277 989 3588 1042 peccarent,

2001 1077 2101 1119 nec
2127 1078 2256 1118 suos
2278 1062 2628 1120 adversarios
2653 1071 2998 1119 vererentur.
3051 1062 3180 1118 Tale
3212 1072 3296 1118 est
3321 1066 3424 1120 hoc
3448 1070 3590 1135 quod

1998 1154 2052 1208 in
2094 1154 2381 1210 Pharaone
2425 1164 2638 1225 gestum
2673 1164 2796 1223 est,
2827 1155 2989 1225 quale
3019 1154 3065 1209 si
3099 1155 3343 1212 medicus
3377 1157 3445 1212 de
3471 1175 3592 1214 eru-

1998 1246 2142 1301 ciatu
2184 1247 2294 1316 jam
2342 1247 2586 1301 damnati
2632 1247 2747 1316 rei,
2789 1246 2977 1301 multis
3006 1245 3250 1301 inveniat
3276 1245 3586 1317 sanitatem,

1995 1352 2189 1398 causas
2211 1337 2533 1409 inquirendo
2552 1339 2890 1395 morborum.
2928 1338 3024 1394 Vel
3047 1339 3092 1393 si
3108 1338 3296 1409 judex,
3321 1353 3442 1394 cum
3466 1356 3591 1411 pos-

1997 1431 2068 1484 sit
2095 1429 2450 1486 criminosum
2477 1431 2658 1487 statim
2692 1431 2912 1503 punire,
2969 1428 3038 1486 ad
3063 1430 3304 1485 omnium
3338 1432 3592 1488 timorem

1998 1521 2235 1578 diversis
2264 1524 2438 1593 poenis
2464 1523 2686 1579 afﬁciat.
2733 1523 2861 1580 Sive
2888 1523 2986 1579 Dei
3020 1523 3280 1594 patientia
3310 1523 3594 1579 induratus

1998 1624 2100 1669 est.
2166 1614 2430 1670 Cessante
2476 1615 2623 1670 enim
2672 1617 2827 1688 plaga
2879 1617 3016 1684 Dei,
3063 1615 3254 1670 durior
3306 1616 3506 1686 ﬁebat,
3539 1629 3595 1674 et

297 1705 703 1759 misericordiam
736 1707 1016 1776 prwstabo.
1059 1707 1173 1763 Hoc
1211 1717 1364 1762 recto
1392 1723 1558 1764 sensu
1597 1711 1667 1764 ita
1693 1709 1894 1765 intelli-
1923 1703 1973 1764 B
1998 1707 2250 1776 Quamvis
2293 1708 2462 1761 sciret
2493 1722 2617 1762 eum
2660 1723 2767 1762 non
2801 1709 3047 1763 converti
3075 1726 3089 1762 :
3128 1717 3312 1765 tamen
3341 1711 3504 1767 etiam
3534 1712 3590 1767 in

296 1800 481 1870 gitur:
509 1799 662 1854 Illius
691 1799 1012 1871 miserebor,
1053 1817 1214 1872 quem
1253 1803 1506 1873 praescivi
1546 1818 1702 1870 posse
1732 1805 1896 1860 mise-

297 1890 593 1946 ricordiam
639 1893 986 1962 promereri,
1036 1903 1094 1949 ut
1127 1895 1239 1964 jam
1286 1905 1412 1952 tunc
1460 1895 1608 1951 illius
1645 1894 1750 1951 sim
1791 1895 1894 1951 mi-

294 1998 495 2042 sertus.
514 1988 535 2042 l

305 2150 350 2160 _
369 2080 467 2135 Cui
493 2081 788 2138 miserebor.
841 2084 1162 2140 Eeontrario
1189 2083 1366 2139 Judaei
1390 2099 1571 2141 sermo
1592 2093 1693 2140 est.
1725 2085 1894 2156 Igitur

294 2187 405 2228 non
433 2172 692 2240 volentis,
718 2190 896 2245 neque
924 2176 1213 2231 currentis.
1260 2175 1329 2230 Et
1358 2176 1551 2231 iterum
1583 2192 1714 2245 ergo
1738 2179 1890 2246 cujus

292 2265 410 2320 vult
451 2265 780 2322 miseretur:
833 2277 888 2323 et
935 2284 1097 2339 quem
1129 2269 1269 2335 vult,
1307 2268 1541 2325 indurat.
1597 2269 1714 2325 Non
1743 2271 1890 2327 enim

292 2356 588 2427 Apostolus
620 2358 780 2424 tollit,
808 2359 951 2429 quod
980 2362 1032 2414 in
1059 2362 1276 2431 propria
1300 2362 1580 2418 voluntate
1604 2362 1886 2428 habemus,

296 2452 388 2521 qui
433 2453 685 2521 superius
710 2452 875 2508 dicit:
908 2453 1162 2524 Ignoras,
1199 2455 1324 2524 quia
1365 2455 1579 2510 bonitas
1612 2456 1705 2512 Dei
1737 2467 1788 2511 te
1820 2457 1887 2512 ad

293 2543 668 2613 paenitentiam
698 2545 962 2601 adducit?
995 2545 1062 2601 Et
1098 2547 1296 2602 iterum
1337 2547 1623 2602 Timotheo
1653 2547 1843 2603 scribit
1871 2567 1882 2601 :

296 2637 357 2692 In
387 2652 580 2708 magna
623 2645 802 2693 autem
844 2640 1006 2693 domo
1053 2653 1159 2693 non
1205 2639 1379 2693 solum
1410 2647 1540 2694 sunt
1568 2653 1694 2694 vasa
1719 2654 1885 2696 aurea

294 2736 352 2784 et
380 2739 673 2799 argentea,
729 2728 825 2784 sed
873 2738 928 2785 et
974 2729 1149 2800 lignea
1187 2737 1244 2785 et
1278 2730 1484 2786 ﬁctilia.
1541 2731 1610 2785 Et
1637 2732 1884 2801 quaadam

292 2820 513 2890 quidem
559 2820 616 2876 in
655 2819 952 2888 honorem,
994 2820 1239 2892 quaadam
1279 2822 1332 2877 iu
1374 2823 1784 2878 contumeliam.
1829 2825 1886 2881 Si

289 2915 414 2984 quis
455 2924 639 2972 autem
670 2916 1012 2973 mandaverit
1041 2930 1100 2973 se
1131 2916 1199 2974 ab
1223 2915 1310 2973 bis
1330 2958 1343 2984 ,
1374 2916 1480 2972 erit
1507 2930 1603 2972 vas
1633 2918 1688 2972 in
1715 2915 1888 2974 bono-

288 3021 406 3064 rem
435 3008 848 3063 sanetilicatum.

1996 1798 2115 1866 ipso
2145 1811 2297 1852 suam
2329 1799 2674 1854 clementiam
2706 1801 2877 1855 voluit
2906 1801 3302 1858 demonstrare.

2068 1888 2214 1960 Ergo
2247 1893 2395 1963 cujus
2420 1889 2559 1958 vult,
2605 1892 2902 1962 miseretur,
2942 1903 2989 1947 et
3015 1911 3165 1964 quem
3189 1895 3333 1964 vult,
3354 1898 3593 1955 indurat.

1995 1981 2138 2052 Ergo
2189 1982 2236 2037 si
2269 1983 2372 2038 hoc
2403 1983 2482 2038 sic
2511 1983 2872 2055 intelligitur:
2914 1984 3084 2057 Cujus
3120 1989 3236 2044 vult
3274 1991 3589 2061 miseretur,

1992 2085 2050 2131 et
2077 2091 2240 2146 quem
2285 2076 2403 2131 vult
2425 2118 2441 2143 ,
2484 2077 2701 2132 indurat
2728 2095 2742 2131 :
2770 2078 2919 2146 quod
2945 2080 3080 2135 satis
3109 2081 3356 2153 iniquum
3384 2092 3501 2151 est,
3533 2096 3592 2142 et

1993 2166 2066 2220 ita
2097 2167 2400 2237 propositio
2428 2178 2609 2224 vestra
2638 2169 3004 2237 concluditur,
3051 2182 3109 2228 ut
3145 2173 3339 2230 dicatis
3366 2177 3590 2233 malitia:

1991 2267 2191 2313 vestrae
2237 2274 2347 2314 non
2382 2274 2479 2314 vos
2501 2274 2625 2315 esse
2667 2275 2886 2316 causam
2908 2305 2924 2331 ,
2969 2262 3066 2318 sed
3094 2264 3309 2320 Domini
3336 2267 3590 2323 volunta-

1990 2357 2097 2403 tem
2123 2390 2138 2417 ,
2175 2349 2263 2405 cui
2293 2351 2598 2407 contradici
2634 2366 2740 2407 non
2779 2355 2986 2424 possit:
3021 2356 3117 2412 sed
3143 2357 3353 2415 resistit
3387 2360 3475 2418 hic
3502 2377 3591 2418 ra-

1992 2441 2125 2498 tioni
2157 2453 2362 2500 vestrae
2391 2445 2508 2516 ipsa
2538 2454 2730 2500 natura
2749 2446 2974 2515 justitiae
3005 2448 3126 2506 Dei.

2059 2535 2206 2590 Dicis
2235 2537 2410 2605 itaque
2452 2537 2580 2592 mihi
2611 2554 2632 2592 :
2678 2538 2817 2605 Quid
2864 2540 3036 2594 adhuc
3074 2544 3356 2613 queritur?
3385 2545 3588 2602 Volun-

1989 2633 2084 2685 tati
2114 2631 2249 2686 enim
2279 2632 2389 2703 ejus
2428 2634 2545 2703 quis
2583 2633 2810 2686 resistit?
2841 2634 3134 2704 Apostolus
3166 2646 3361 2692 contra
3385 2639 3584 2695 adver-

1989 2727 2161 2782 sarios
2191 2725 2322 2781 dicit
2358 2743 2372 2781 :
2411 2726 2553 2781 Dicis
2587 2727 2771 2796 itaque
2815 2726 2947 2780 mihi
2973 2743 2988 2782 :
3016 2727 3156 2795 Quid
3197 2728 3374 2785 adhuc
3397 2733 3582 2798 queri-

1989 2821 2117 2875 tur?
2144 2818 2215 2874 Et
2245 2820 2444 2874 iterum
2467 2818 2650 2886 infert,
2673 2817 3008 2874 conﬁrmans
3037 2819 3142 2876 hoc
3164 2821 3314 2891 quod
3341 2822 3583 2879 dixerat:

1990 2912 2154 2967 homo
2175 2952 2190 2977 ,
2223 2919 2374 2966 tanto
2411 2910 2582 2979 magis
2610 2924 2736 2964 vere
2758 2909 3029 2979 queritur,
3060 2920 3115 2965 et
3138 2911 3324 2980 justo,
3354 2928 3424 2968 ex
3459 2929 3583 2969 ver-

1990 3003 2071 3058 bis
2100 3003 2222 3058 tuis.
2263 3001 2435 3057 Nemo
2459 3001 2604 3057 enim
2636 3000 2910 3072 propriam
2941 3016 3046 3056 non
3083 3000 3295 3058 habens
3327 3006 3583 3060 voluntao

361 3098 536 3169 Igitur
558 3115 661 3153 non
688 3099 909 3152 volentis
943 3115 1106 3170 neque
1133 3099 1388 3154 currentis
1409 3143 1424 3169 ,
1472 3099 1565 3153 sed
1601 3101 1884 3155 miserentis
1909 3075 1955 3139 (ἶ
1988 3105 2095 3152 tem
2117 3137 2133 3163 ,
2179 3093 2361 3150 dicere
2403 3102 2578 3163 potest
2620 3093 2688 3147 de
2721 3092 2832 3148 Deo
2881 3111 2893 3147 :
2937 3092 3066 3163 quid
3092 3092 3270 3148 adhuc
3293 3095 3583 3162 queritur?

289 3201 365 3247 est
398 3191 515 3247 Dei.
563 3192 678 3245 lloc
719 3191 841 3246 loco
867 3191 1074 3246 Paulus
1109 3192 1387 3262 apostolus
1429 3205 1603 3262 usque
1630 3191 1697 3247 ad
1726 3192 1878 3248 illum

292 3285 475 3340 locum
502 3302 516 3338 :
565 3282 706 3351 Quid
738 3285 884 3339 enim
919 3283 1097 3339 adhuc
1127 3285 1404 3355 queritur?
1440 3285 1707 3341 voluntati
1735 3286 1881 3342 enim

289 3377 411 3446 ejus
449 3377 570 3448 quis
597 3377 856 3433 resistere
896 3378 1140 3448 poterit?
1172 3393 1458 3450 personam
1495 3379 1564 3436 de
1609 3383 1882 3441 contrario

289 3472 519 3528 assumit
544 3511 558 3537 ,
606 3471 878 3527 venientis
925 3482 982 3528 et
1023 3471 1291 3539 dicentis,
1324 3488 1430 3528 non
1471 3474 1669 3530 essein
1700 3476 1880 3540 nobis,

289 3576 385 3622 aut
413 3574 587 3633 recte,
620 3574 714 3622 aut
734 3566 938 3622 malum
966 3581 1149 3637 agere,
1173 3565 1270 3623 sed
1296 3567 1351 3622 in
1381 3567 1476 3623 Dei
1502 3567 1730 3624 arbitrio
1751 3584 1882 3624 con-

289 3662 542 3715 stitutum
571 3677 582 3713 :
636 3661 725 3730 qui
757 3659 914 3728 cujus
940 3659 1056 3714 vult
1080 3700 1095 3726 ,
1145 3662 1468 3725 miseretur,
1504 3669 1559 3715 et
1584 3676 1744 3730 quem
1769 3662 1884 3716 vult

288 3748 528 3825 indurat.
574 3749 756 3804 Homo
805 3759 861 3804 tn
916 3749 1038 3820 quis
1073 3763 1134 3805 es
1181 3749 1272 3820 qui
1324 3750 1671 3806 contradicas
1716 3751 1882 3806 Deo?

285 3840 555 3912 Numquid
587 3840 720 3898 dicit
749 3841 1065 3912 ﬁgmentum
1094 3841 1174 3908 ei,
1206 3841 1300 3912 qui
1326 3856 1388 3896 se
1411 3841 1590 3907 ﬁnxit,
1625 3841 1767 3908 Quid
1793 3859 1881 3898 me

286 3931 469 3987 feciSti
495 3932 614 3986 sic?
659 3931 812 3986 Nune
849 3930 1140 3999 Apostolus
1177 3929 1640 3986 contradicentem
1665 3933 1764 3986 sibi
1792 3949 1883 3989 su-

287 4022 474 4092 perius
513 4021 794 4092 increpat,
838 4020 1134 4076 ostendens
1173 4021 1277 4075 hoc
1317 4022 1491 4091 ipsum
1514 4062 1529 4088 ,
1558 4022 1700 4092 quod
1726 4023 1876 4080 dicit.

287 4112 458 4181 Cujus
478 4112 611 4179 vult,
643 4112 950 4175 miseretur,
979 4120 1034 4166 et
1054 4127 1214 4181 quem
1245 4111 1360 4167 vult
1389 4112 1606 4167 indurat
1632 4130 1645 4166 :
1676 4122 1732 4168 et
1751 4114 1878 4184 quid

285 4204 473 4260 adhuc
500 4203 815 4275 queritur?/
828 4203 1098 4258 Voluntati
1130 4203 1278 4258 enim
1310 4202 1429 4273 ejus
1458 4204 1582 4274 quis
1617 4205 1879 4260 resistere

288 4290 646 4375 poterith
675 4297 777 4348 hoc
809 4294 969 4364 igitur
999 4293 1338 4350 demonstrat
1362 4310 1485 4350 eum
1522 4309 1643 4350 esse
1676 4296 1879 4366 proprii

288 4383 673 4457 arbitrii,'vel
719 4387 1046 4452 voluntatis,
1080 4386 1221 4457 quod
1251 4387 1297 4441 si
1342 4395 1399 4441 ut
1445 4385 1547 4456 ipsi
1569 4387 1877 4442 econtrario

289 4479 517 4536 veniens
546 4478 677 4534 dicit
701 4496 716 4533 :
745 4477 914 4549 Cujus
946 4479 1080 4542 vult,
1111 4479 1404 4534 miseretur
1435 4479 1607 4542 Deus,
1636 4487 1692 4534 et
1716 4495 1879 4550 quem
1905 4461 1958 4522 Ῐ)

290 4571 404 4626 vult
449 4570 702 4626 indurat:
751 4570 883 4625 nihil
917 4571 1133 4635 differt,
1173 4571 1318 4641 quod
1365 4570 1560 4640 ﬁgulus
1602 4580 1798 4628 tractat
1823 4573 1877 4628 in

290 4663 540 4719 manibus
559 4705 575 4732 ,
621 4662 767 4734 quod
795 4663 1029 4734 ﬁngendi
1061 4679 1126 4718 ex
1155 4678 1216 4719 se
1255 4679 1349 4718 vas
1377 4664 1576 4735 aliquid
1605 4666 1880 4720 contradi-

291 4772 416 4814 cere
446 4773 552 4813 nou
585 4765 793 4828 potest,
824 4757 958 4828 quid
983 4773 1048 4812 ex
1073 4773 1139 4813 eo
1163 4757 1276 4811 vult
1302 4757 1518 4813 efﬁcere
1543 4774 1557 4824 ;
1583 4758 1669 4813 hic
1697 4767 1875 4815 autem

292 4852 344 4906 in
376 4866 441 4907 eo
471 4850 525 4905 in
556 4867 662 4923 quo
692 4850 1051 4918 contradicit,
1079 4851 1329 4920 queritur
1350 4850 1419 4906 de
1447 4850 1542 4906 Dei
1573 4851 1875 4922 voluntate,

293 4944 529 5000 ostendit
562 4945 717 5001 liberi
757 4959 878 5000 esse
913 4943 1168 5000 arbitrii:
1201 4943 1294 5014 qui
1323 4943 1485 4998 audet
1514 4942 1583 4998 de
1615 4942 1710 4998 Dei
1737 4944 1880 5013 judi-

294 5038 380 5092 cio
407 5047 722 5094 retractare.
773 5037 906 5093 Item
947 5037 992 5092 si
1030 5051 1138 5092 non
1177 5042 1261 5091 est
1285 5034 1521 5089 volentis
1546 5049 1725 5105 neque
1750 5050 1878 5090 cur-

294 5131 484 5196 rentis,
514 5141 570 5186 nt
593 5132 815 5201 quidam
847 5139 1072 5202 putant,
1095 5146 1264 5201 quare
1296 5131 1411 5200 ipse
1431 5131 1623 5194 currit,
1655 5128 1878 5184 dicens:

295 5221 521 5277 Cursum
545 5224 945 5290 consummavi,
977 5224 1041 5277 Et
1063 5223 1223 5290 alios,
1255 5231 1312 5277 ut
1342 5229 1647 5286 currerent,
1681 5221 1884 5275 adhor-

299 5319 436 5366 tatus
462 5321 565 5377 est,
592 5313 811 5371 dicens:
841 5315 932 5371 Sic
955 5315 1179 5381 currite,
1209 5324 1269 5370 ut
1297 5329 1487 5370 omnes
1520 5312 1880 5382 comprehen-

297 5402 454 5460 datis.
489 5403 642 5461 Unde
669 5408 1004 5476 intelligitur,
1053 5408 1177 5475 quia
1201 5406 1287 5461 hic
1318 5405 1705 5477 interrogantis
1738 5419 1880 5462 voce

296 5495 483 5563 utitur,
516 5504 572 5551 et
600 5497 977 5566 redarguentis
1009 5498 1190 5567 potius
1220 5513 1378 5569 quam
1409 5497 1679 5569 negantis.

368 5585 506 5642 Dicit
534 5589 669 5643 enim
701 5589 981 5658 Scriptura
1007 5589 1315 5646 Pharaoni:
1341 5591 1479 5656 Quia
1514 5593 1567 5645 in
1593 5592 1689 5644 hoc
1712 5591 1882 5661 ipsum

297 5678 514 5735 excitavi
561 5688 608 5735 te
632 5719 647 5748 ,
698 5687 752 5733 ut
788 5679 1056 5738 ostendam
1084 5681 1136 5736 in
1165 5690 1212 5736 te
1253 5682 1492 5740 virtutem
1521 5697 1687 5739 meam
1707 5725 1721 5751 ,
1752 5691 1797 5738 et
1828 5690 1882 5736 ut

1988 3186 2144 3245 Unde
2189 3197 2338 3242 reete
2378 3199 2610 3256 arguens
2639 3185 2755 3254 ejus
2783 3183 3235 3255 imprudentiam,
3270 3184 3398 3240 dicit
3431 3204 3443 3237 ε
3492 3186 3574 3241 Tu

1986 3280 2106 3350 quis
2131 3293 2190 3334 es
2215 3320 2230 3345 ,
2263 3278 2356 3349 qui
2401 3276 2737 3347 respondeas
2768 3275 2926 3331 Deo?
2963 3274 3066 3342 Qui
3108 3274 3253 3329 enim
3297 3290 3327 3330 a
3357 3275 3470 3332 Deo
3499 3277 3583 3332 iu-

1985 3375 2209 3430 duratus
2257 3379 2379 3439 est,
2413 3370 2555 3425 sicut
2593 3379 2649 3423 tu
2692 3368 2857 3432 dicis,
2886 3368 3269 3424 contradicere
3298 3384 3398 3425 suo
3426 3386 3582 3426 crea-

1985 3467 2090 3523 tori
2117 3480 2226 3520 non
2257 3469 2474 3532 potest,
2510 3460 2662 3528 quasi
2693 3474 2802 3512 non
2837 3458 3046 3514 habens
3075 3462 3353 3530 propriam
3382 3464 3580 3520 volun-

1987 3567 2177 3623 tatem,
2193 3555 2330 3610 sicut
2353 3561 2410 3606 et
2431 3551 2627 3619 lutum,
2651 3547 2987 3605 insensibilis
3009 3550 3256 3620 materia,
3284 3552 3458 3609 ﬁctori
3479 3571 3580 3610 suo

1986 3647 2318 3719 respondere
2342 3659 2448 3700 non
2473 3652 2655 3715 potest
2680 3686 2696 3713 ,
2729 3644 2854 3714 quia
2876 3643 2930 3700 in
2957 3651 3227 3714 potestate
3253 3645 3401 3737 ﬁgu.li
3434 3648 3578 3720 posi-

1987 3751 2098 3799 tum
2124 3751 2231 3798 GSI.

2062 3831 2106 3887 Ο
2146 3831 2300 3885 homo
2323 3872 2336 3896 ,
2383 3837 2439 3885 tu
2473 3831 2586 3901 quis
2612 3846 2704 3898 es,
2736 3832 2824 3901 qui
2860 3831 3172 3901 respondeas
3200 3833 3357 3889 Deo?
3406 3835 3580 3891 Nunt-

1985 3926 2112 3997 quid
2143 3925 2268 3978 dicit
2297 3923 2599 3995 figmentum
2630 3923 2703 3992 ei,
2738 3924 2826 3993 qui
2856 3940 2912 3979 se
2932 3924 3105 3994 ﬁnxit,
3133 3923 3274 3990 Quid
3299 3941 3381 3979 me
3409 3930 3582 3998 fecisti

1982 4020 2102 4075 sic?
2146 4017 2476 4085 Quibusdam
2504 4016 2742 4082 videtur,
2791 4016 2978 4071 ethoc
3019 4015 3195 4072 adhuc
3225 4033 3294 4073 ex
3333 4010 3576 4088 ipsorum

1983 4124 2212 4182 persona
2226 4108 2427 4175 dicere,
2450 4107 2575 4178 quia
2599 4107 2871 4179 ipsumest
2903 4108 3104 4178 dicere,
3121 4108 3390 4164 neminem
3417 4126 3579 4181 posse

1984 4200 2361 4258 contradicere
2385 4200 2648 4256 voluntati
2678 4200 2773 4256 Dei
2816 4200 3036 4256 alterius
3062 4199 3374 4257 miserentis
3394 4243 3409 4269 ,
3441 4203 3580 4258 alte-

1983 4313 2104 4352 rum
2149 4293 2453 4352 iudurantis
2481 4335 2496 4360 ,
2547 4306 2602 4350 et
2646 4294 2848 4350 addere
2888 4295 3160 4350 neminem
3197 4293 3310 4350 Deo
3339 4310 3574 4367 reSpon-

1984 4389 2132 4445 dere.
2192 4387 2422 4456 Quidam
2452 4402 2583 4443 vero
2610 4386 2794 4442 dicunt
2819 4386 2932 4456 jam
2969 4387 3100 4442 hinc
3136 4386 3458 4457 Apostolum
3489 4405 3578 4444 re-

1987 4481 2259 4551 spondere
2287 4523 2301 4549 ,
2356 4479 2500 4550 quod
2547 4480 2710 4534 etiam
2753 4479 2797 4534 si
2840 4478 2914 4533 ita
2943 4489 3128 4546 esset,
3179 4487 3237 4532 ut
3266 4477 3346 4533 illi
3371 4481 3578 4534 calum-

1989 4577 2228 4642 niantur,
2263 4590 2370 4631 non
2398 4572 2601 4629 debere
2630 4587 2726 4628 eos
2750 4587 2850 4628 suo
2880 4571 3221 4642 respondere
3249 4572 3443 4628 {actori
3469 4591 3484 4630 :
3508 4589 3576 4631 eo

1987 4667 2131 4738 quod
2184 4666 2320 4722 tales
2360 4665 2518 4720 simul
2563 4664 2628 4718 ad
2666 4666 3130 4732 comparationem
3171 4663 3288 4731 Dei,
3319 4658 3478 4735 qtﬁle
3505 4666 3574 4722 ad

1987 4774 2142 4814 suum
2173 4769 2256 4814 eSt
2280 4757 2382 4812 luti
2413 4755 2680 4811 artiﬁcem
2706 4755 3046 4826 ﬁgmentum.
3080 4754 3136 4810 In
3161 4755 3356 4812 Graeco
3382 4756 3571 4830 habet,

1985 4855 2218 4921 μενοῦνγε
2252 4845 2292 4901 ὦ
2317 4847 2549 4924 ἄνθρωπε
2568 4887 2584 4912 ,
2614 4846 2759 4915 quod
2784 4858 2898 4911 est,
2929 4862 2962 4901 0
2988 4845 3154 4902 homo
3184 4857 3336 4904 tanto
3365 4852 3566 4921 magis!

2055 4941 2241 4994 Annon
2267 4939 2416 4991 habet
2439 4945 2739 5008 potestatem
2770 4938 2965 5009 ﬁgulus
2989 4939 3084 4994 luti
3111 4956 3177 4995 ea;
3203 4942 3381 4996 eadem
3406 4960 3578 4998 massa

1985 5035 2154 5104 facere
2181 5031 2327 5084 aliud
2338 5031 2544 5100 quidem
2571 5047 2658 5086 vas
2687 5031 2739 5083 in
2767 5031 3035 5096 honorem,
3054 5033 3200 5087 aliud
3224 5050 3343 5088 vero
3374 5036 3428 5089 in
3455 5052 3580 5088 con-

1987 5121 2296 5177 tumeliam?
2340 5121 2649 5177 Secundum
2677 5121 2809 5189 hos,
2851 5123 2943 5193 qui
2985 5124 3101 5180 haec
3130 5125 3296 5181 verba
3325 5125 3574 5195 Apostoli

1987 5213 2210 5278 dicunt,
2240 5227 2475 5268 massam
2504 5212 2635 5268 dicit
2662 5228 2854 5269 omnes
2885 5214 2937 5270 in
2968 5214 3205 5287 rEgypto
3232 5229 3577 5273 commoran-

1988 5315 2071 5362 tes
2102 5323 2113 5358 :
2145 5304 2271 5376 quia
2293 5315 2347 5359 et
2373 5303 2537 5358 Israel
2567 5304 2639 5360 ibi
2669 5304 2829 5360 idolis
2850 5306 3207 5363 deservierat.

2061 5398 2215 5466 Quod
2252 5399 2296 5453 si
2326 5397 2465 5452 Deus
2505 5398 2681 5453 volens
2724 5400 2989 5455 ostendere
3017 5401 3185 5468 iram,
3218 5409 3265 5454 et
3295 5409 3470 5455 notam
3497 5401 3578 5471 fa-

1985 5509 2098 5550 cere
2119 5491 2404 5565 potentiam
2444 5505 2616 5545 suam.
2675 5491 2813 5560 Quia
2853 5493 3003 5548 illum
3038 5491 3130 5547 diu
3156 5493 3410 5548 sustinuit
3431 5493 3580 5548 blas-

1985 5585 2369 5655 pbemantem,
2402 5590 2457 5638 et
2484 5581 2741 5652 populum
2781 5598 2940 5639 suum
2967 5583 3135 5640 variis
3158 5583 3411 5655 operibus
3438 5583 3578 5638 afﬂi-

1985 5685 2231 5752 gentem.
2293 5677 2569 5739 Praeterea
2599 5678 2744 5750 quod
2774 5677 3056 5738 innoxiam
3082 5687 3298 5738 aetatem
3326 5676 3580 5749 parvulu-
