  <div class='ocr_page' id='page_1' title='image "/cluster/home/n/w/nwhite01/storage/ocr_20150623/30/uva.x000826572/353.png"; bbox 0 0 4030 6202; ppageno 0'>
   <div class='ocr_carea' id='block_1_1' title="bbox 428 187 2670 267">
    <p class='ocr_par' dir='ltr' id='par_1_1' title="bbox 428 187 2670 267">
     <span class='ocr_line' id='line_1_1' title="bbox 428 187 2670 267; baseline -0.011 0"><span class='ocrx_word' id='word_1_1' title='bbox 428 210 528 267; x_wconf 72' lang='grc'><strong>691</strong></span> <span class='ocrx_word' id='word_1_2' title='bbox 1459 197 1519 252; x_wconf 82' lang='lat' dir='ltr'><strong>S.</strong></span> <span class='ocrx_word' id='word_1_3' title='bbox 1563 192 1947 251; x_wconf 69' lang='lat' dir='ltr'><strong>lllEllONYbIl</strong></span> <span class='ocrx_word' id='word_1_4' title='bbox 1982 190 2268 249; x_wconf 79' lang='lat' dir='ltr'><strong>OPERUM</strong></span> <span class='ocrx_word' id='word_1_5' title='bbox 2307 187 2670 247; x_wconf 70' lang='lat' dir='ltr'><strong>bIANTlSSA.</strong></span> 
     </span>
    </p>
   </div>
   <div class='ocr_carea' id='block_1_2' title="bbox 423 299 3724 391">
    <p class='ocr_par' dir='ltr' id='par_1_2' title="bbox 423 299 3724 391">
     <span class='ocr_line' id='line_1_2' title="bbox 423 299 3724 391; baseline -0.004 -17"><span class='ocrx_word' id='word_1_6' title='bbox 423 340 547 380; x_wconf 83' lang='lat' dir='ltr'><strong>rum</strong></span> <span class='ocrx_word' id='word_1_7' title='bbox 588 327 886 383; x_wconf 74' lang='lat' dir='ltr'><strong>crudeliter</strong></span> <span class='ocrx_word' id='word_1_8' title='bbox 922 321 1162 391; x_wconf 89' lang='lat' dir='ltr'><strong>jusserat</strong></span> <span class='ocrx_word' id='word_1_9' title='bbox 1198 325 1446 368; x_wconf 81' lang='lat' dir='ltr'><strong>enecare.</strong></span> <span class='ocrx_word' id='word_1_10' title='bbox 1516 310 1646 363; x_wconf 87' lang='lat' dir='ltr'><strong>Item</strong></span> <span class='ocrx_word' id='word_1_11' title='bbox 1691 313 2010 375; x_wconf 89' lang='lat' dir='ltr'><strong>competens</strong></span> <span class='ocrx_word' id='word_1_12' title='bbox 2040 304 2087 372; x_wconf 71' lang='grc' dir='ltr'>Α</span> <span class='ocrx_word' id='word_1_13' title='bbox 2118 303 2265 374; x_wconf 82' lang='lat' dir='ltr'><strong>ponit</strong></span> <span class='ocrx_word' id='word_1_14' title='bbox 2292 321 2304 355; x_wconf 93' lang='lat'>:</span> <span class='ocrx_word' id='word_1_15' title='bbox 2334 303 2456 374; x_wconf 87' lang='lat' dir='ltr'><strong>quia</strong></span> <span class='ocrx_word' id='word_1_16' title='bbox 2488 308 2742 371; x_wconf 76' lang='lat' dir='ltr'><strong>poterant</strong></span> <span class='ocrx_word' id='word_1_17' title='bbox 2771 299 2988 366; x_wconf 89' lang='lat' dir='ltr'><strong>dicere,</strong></span> <span class='ocrx_word' id='word_1_18' title='bbox 3018 300 3065 355; x_wconf 91' lang='lat' dir='ltr'><strong>si</strong></span> <span class='ocrx_word' id='word_1_19' title='bbox 3097 315 3205 357; x_wconf 92' lang='lat' dir='ltr'><strong>non</strong></span> <span class='ocrx_word' id='word_1_20' title='bbox 3237 302 3419 357; x_wconf 87' lang='lat' dir='ltr'><strong>estita</strong></span> <span class='ocrx_word' id='word_1_21' title='bbox 3443 344 3459 370; x_wconf 92' lang='lat'><strong>,</strong></span> <span class='ocrx_word' id='word_1_22' title='bbox 3494 312 3554 359; x_wconf 92' lang='lat' dir='ltr'><strong>ut</strong></span> <span class='ocrx_word' id='word_1_23' title='bbox 3584 304 3724 360; x_wconf 87' lang='lat' dir='ltr'><strong>dici-</strong></span> 
     </span>
    </p>
   </div>
   <div class='ocr_carea' id='block_1_3' title="bbox 427 398 2013 487">
    <p class='ocr_par' dir='ltr' id='par_1_3' title="bbox 427 398 2013 487">
     <span class='ocr_line' id='line_1_3' title="bbox 427 398 2013 487; baseline -0.013 -15"><span class='ocrx_word' id='word_1_24' title='bbox 427 432 756 487; x_wconf 80' lang='lat' dir='ltr'><strong>reSponsum</strong></span> <span class='ocrx_word' id='word_1_25' title='bbox 783 435 797 473; x_wconf 84' lang='lat'><strong>;</strong></span> <span class='ocrx_word' id='word_1_26' title='bbox 824 413 946 484; x_wconf 85' lang='lat' dir='ltr'><strong>quia</strong></span> <span class='ocrx_word' id='word_1_27' title='bbox 973 406 1250 479; x_wconf 84' lang='lat' dir='ltr'><strong>patientia,</strong></span> <span class='ocrx_word' id='word_1_28' title='bbox 1276 413 1330 457; x_wconf 90' lang='lat' dir='ltr'><strong>et</strong></span> <span class='ocrx_word' id='word_1_29' title='bbox 1354 401 1471 471; x_wconf 81' lang='lat' dir='ltr'><strong>ejus</strong></span> <span class='ocrx_word' id='word_1_30' title='bbox 1499 400 1717 454; x_wconf 75' lang='lat' dir='ltr'><strong>bonitas</strong></span> <span class='ocrx_word' id='word_1_31' title='bbox 1747 398 1872 453; x_wconf 71' lang='lat' dir='ltr'><strong>facit</strong></span> <span class='ocrx_word' id='word_1_32' title='bbox 1894 409 2013 466; x_wconf 85' lang='lat' dir='ltr'><strong>eos,</strong></span> 
     </span>
    </p>
   </div>
   <div class='ocr_carea' id='block_1_4' title="bbox 428 490 2015 581">
    <p class='ocr_par' dir='ltr' id='par_1_4' title="bbox 428 490 2015 581">
     <span class='ocr_line' id='line_1_4' title="bbox 428 490 2015 581; baseline -0.014 -15"><span class='ocrx_word' id='word_1_33' title='bbox 428 514 521 581; x_wconf 93' lang='lat' dir='ltr'><strong>qui</strong></span> <span class='ocrx_word' id='word_1_34' title='bbox 556 511 828 581; x_wconf 70' lang='lat' dir='ltr'><strong>propriam</strong></span> <span class='ocrx_word' id='word_1_35' title='bbox 874 502 1073 556; x_wconf 86' lang='lat' dir='ltr'><strong>habent</strong></span> <span class='ocrx_word' id='word_1_36' title='bbox 1110 496 1446 555; x_wconf 75' lang='lat' dir='ltr'><strong>voluntatem</strong></span> <span class='ocrx_word' id='word_1_37' title='bbox 1479 490 1717 555; x_wconf 82' lang='lat' dir='ltr'><strong>vivendi,</strong></span> <span class='ocrx_word' id='word_1_38' title='bbox 1744 490 1858 545; x_wconf 89' lang='lat' dir='ltr'><strong>sive</strong></span> <span class='ocrx_word' id='word_1_39' title='bbox 1886 502 2015 543; x_wconf 86' lang='lat' dir='ltr'><strong>vasa</strong></span> 
     </span>
    </p>
   </div>
   <div class='ocr_carea' id='block_1_5' title="bbox 427 589 1119 667">
    <p class='ocr_par' dir='ltr' id='par_1_5' title="bbox 427 589 1119 667">
     <span class='ocr_line' id='line_1_5' title="bbox 427 589 1119 667; baseline -0.026 -9"><span class='ocrx_word' id='word_1_40' title='bbox 427 606 547 667; x_wconf 69' lang='lat' dir='ltr'><strong>iraa,</strong></span> <span class='ocrx_word' id='word_1_41' title='bbox 574 601 689 655; x_wconf 88' lang='lat' dir='ltr'><strong>sive</strong></span> <span class='ocrx_word' id='word_1_42' title='bbox 713 589 1119 650; x_wconf 70' lang='lat' dir='ltr'><strong>misericordim.</strong></span> 
     </span>
    </p>
   </div>
   <div class='ocr_carea' id='block_1_6' title="bbox 502 672 2015 751">
    <p class='ocr_par' dir='ltr' id='par_1_6' title="bbox 502 672 2015 751">
     <span class='ocr_line' id='line_1_6' title="bbox 502 672 2015 751; baseline -0.015 -6"><span class='ocrx_word' id='word_1_43' title='bbox 502 688 759 745; x_wconf 75' lang='lat' dir='ltr'><strong>Sustinuit</strong></span> <span class='ocrx_word' id='word_1_44' title='bbox 788 686 841 736; x_wconf 87' lang='lat' dir='ltr'><strong>in</strong></span> <span class='ocrx_word' id='word_1_45' title='bbox 868 682 1034 734; x_wconf 87' lang='lat' dir='ltr'><strong>multa</strong></span> <span class='ocrx_word' id='word_1_46' title='bbox 1057 677 1311 751; x_wconf 72' lang='lat' dir='ltr'><strong>patientia</strong></span> <span class='ocrx_word' id='word_1_47' title='bbox 1333 691 1455 729; x_wconf 83' lang='lat' dir='ltr'><strong>vasa</strong></span> <span class='ocrx_word' id='word_1_48' title='bbox 1482 675 1609 739; x_wconf 61' lang='lat' dir='ltr'><strong>irae,</strong></span> <span class='ocrx_word' id='word_1_49' title='bbox 1636 682 1759 745; x_wconf 88' lang='lat' dir='ltr'><strong>apta</strong></span> <span class='ocrx_word' id='word_1_50' title='bbox 1788 672 1843 725; x_wconf 84' lang='lat' dir='ltr'><strong>in</strong></span> <span class='ocrx_word' id='word_1_51' title='bbox 1872 675 2015 725; x_wconf 84' lang='lat' dir='ltr'><strong>inte-</strong></span> 
     </span>
    </p>
   </div>
   <div class='ocr_carea' id='block_1_7' title="bbox 429 764 2019 843">
    <p class='ocr_par' dir='ltr' id='par_1_7' title="bbox 429 764 2019 843">
     <span class='ocr_line' id='line_1_7' title="bbox 429 764 2019 843; baseline -0.011 -8"><span class='ocrx_word' id='word_1_52' title='bbox 429 783 606 835; x_wconf 83' lang='lat' dir='ltr'><strong>ritum.</strong></span> <span class='ocrx_word' id='word_1_53' title='bbox 638 771 916 843; x_wconf 76' lang='lat' dir='ltr'><strong>[inplenda</strong></span> <span class='ocrx_word' id='word_1_54' title='bbox 964 780 1183 842; x_wconf 85' lang='lat' dir='ltr'><strong>peccata</strong></span> <span class='ocrx_word' id='word_1_55' title='bbox 1230 783 1360 833; x_wconf 90' lang='lat' dir='ltr'><strong>sua,</strong></span> <span class='ocrx_word' id='word_1_56' title='bbox 1393 781 1521 821; x_wconf 85' lang='lat' dir='ltr'><strong>vasa</strong></span> <span class='ocrx_word' id='word_1_57' title='bbox 1560 764 1656 819; x_wconf 85' lang='lat' dir='ltr'><strong>irae</strong></span> <span class='ocrx_word' id='word_1_58' title='bbox 1694 765 1853 835; x_wconf 82' lang='lat' dir='ltr'><strong>digna</strong></span> <span class='ocrx_word' id='word_1_59' title='bbox 1890 768 2019 819; x_wconf 87' lang='lat' dir='ltr'><strong>sunt</strong></span> 
     </span>
    </p>
   </div>
   <div class='ocr_carea' id='block_1_8' title="bbox 425 860 1798 935">
    <p class='ocr_par' dir='ltr' id='par_1_8' title="bbox 425 860 1798 935">
     <span class='ocr_line' id='line_1_8' title="bbox 425 860 1798 935; baseline -0.011 -10"><span class='ocrx_word' id='word_1_60' title='bbox 425 871 572 935; x_wconf 85' lang='lat' dir='ltr'><strong>lacti,</strong></span> <span class='ocrx_word' id='word_1_61' title='bbox 596 878 646 922; x_wconf 92' lang='lat' dir='ltr'><strong>et</strong></span> <span class='ocrx_word' id='word_1_62' title='bbox 676 883 706 920; x_wconf 89' lang='lat' dir='ltr'><strong>a</strong></span> <span class='ocrx_word' id='word_1_63' title='bbox 731 863 1041 929; x_wconf 82' lang='lat' dir='ltr'><strong>semetipsis</strong></span> <span class='ocrx_word' id='word_1_64' title='bbox 1072 860 1136 915; x_wconf 91' lang='lat' dir='ltr'><strong>ad</strong></span> <span class='ocrx_word' id='word_1_65' title='bbox 1169 860 1445 915; x_wconf 90' lang='lat' dir='ltr'><strong>interitum</strong></span> <span class='ocrx_word' id='word_1_66' title='bbox 1475 864 1798 929; x_wconf 71' lang='lat' dir='ltr'><strong>prmparata.</strong></span> 
     </span>
    </p>
   </div>
   <div class='ocr_carea' id='block_1_9' title="bbox 503 951 2015 1026">
    <p class='ocr_par' dir='ltr' id='par_1_9' title="bbox 503 951 2015 1026">
     <span class='ocr_line' id='line_1_9' title="bbox 503 951 2015 1026; baseline -0.011 -7"><span class='ocrx_word' id='word_1_67' title='bbox 503 963 571 1019; x_wconf 90' lang='lat' dir='ltr'><strong>Ut</strong></span> <span class='ocrx_word' id='word_1_68' title='bbox 594 960 879 1017; x_wconf 77' lang='lat' dir='ltr'><strong>ostenderet</strong></span> <span class='ocrx_word' id='word_1_69' title='bbox 906 958 1114 1011; x_wconf 78' lang='lat' dir='ltr'><strong>divitias</strong></span> <span class='ocrx_word' id='word_1_70' title='bbox 1145 954 1329 1026; x_wconf 75' lang='lat' dir='ltr'><strong>gloria:</strong></span> <span class='ocrx_word' id='word_1_71' title='bbox 1353 969 1463 1009; x_wconf 70' lang='lat' dir='ltr'><strong>sua:</strong></span> <span class='ocrx_word' id='word_1_72' title='bbox 1490 953 1545 1007; x_wconf 89' lang='lat' dir='ltr'><strong>in</strong></span> <span class='ocrx_word' id='word_1_73' title='bbox 1570 968 1693 1005; x_wconf 86' lang='lat' dir='ltr'><strong>vasa</strong></span> <span class='ocrx_word' id='word_1_74' title='bbox 1720 951 2015 1005; x_wconf 83' lang='lat' dir='ltr'><strong>misericor-</strong></span> 
     </span>
    </p>
   </div>
   <div class='ocr_carea' id='block_1_10' title="bbox 422 1042 2017 1126">
    <p class='ocr_par' dir='ltr' id='par_1_10' title="bbox 422 1042 2017 1126">
     <span class='ocr_line' id='line_1_10' title="bbox 422 1042 2017 1126; baseline -0.009 -15"><span class='ocrx_word' id='word_1_75' title='bbox 422 1058 545 1120; x_wconf 73' lang='lat' dir='ltr'><strong>diie,</strong></span> <span class='ocrx_word' id='word_1_76' title='bbox 576 1070 691 1126; x_wconf 67' lang='lat' dir='ltr'><strong>quae</strong></span> <span class='ocrx_word' id='word_1_77' title='bbox 713 1049 1026 1123; x_wconf 70' lang='lat' dir='ltr'><strong>pra’paravit</strong></span> <span class='ocrx_word' id='word_1_78' title='bbox 1069 1049 1124 1102; x_wconf 91' lang='lat' dir='ltr'><strong>in</strong></span> <span class='ocrx_word' id='word_1_79' title='bbox 1152 1048 1395 1119; x_wconf 87' lang='lat' dir='ltr'><strong>gloriam.</strong></span> <span class='ocrx_word' id='word_1_80' title='bbox 1425 1043 1581 1117; x_wconf 80' lang='lat' dir='ltr'><strong>Digni</strong></span> <span class='ocrx_word' id='word_1_81' title='bbox 1611 1052 1765 1098; x_wconf 88' lang='lat' dir='ltr'><strong>erant</strong></span> <span class='ocrx_word' id='word_1_82' title='bbox 1804 1042 2017 1097; x_wconf 86' lang='lat' dir='ltr'><strong>miseri-</strong></span> 
     </span>
    </p>
   </div>
   <div class='ocr_carea' id='block_1_11' title="bbox 422 1137 2017 1216">
    <p class='ocr_par' dir='ltr' id='par_1_11' title="bbox 422 1137 2017 1216">
     <span class='ocr_line' id='line_1_11' title="bbox 422 1137 2017 1216; baseline -0.009 -10"><span class='ocrx_word' id='word_1_83' title='bbox 422 1149 605 1206; x_wconf 88' lang='lat' dir='ltr'><strong>cordia</strong></span> <span class='ocrx_word' id='word_1_84' title='bbox 641 1164 655 1200; x_wconf 89' lang='lat'><strong>:</strong></span> <span class='ocrx_word' id='word_1_85' title='bbox 690 1146 811 1216; x_wconf 84' lang='lat' dir='ltr'><strong>quia</strong></span> <span class='ocrx_word' id='word_1_86' title='bbox 858 1154 913 1200; x_wconf 91' lang='lat' dir='ltr'><strong>et</strong></span> <span class='ocrx_word' id='word_1_87' title='bbox 954 1145 1166 1201; x_wconf 86' lang='lat' dir='ltr'><strong>minora</strong></span> <span class='ocrx_word' id='word_1_88' title='bbox 1211 1139 1597 1197; x_wconf 90' lang='lat' dir='ltr'><strong>commiserant</strong></span> <span class='ocrx_word' id='word_1_89' title='bbox 1617 1180 1635 1207; x_wconf 21' lang='grc' dir='ltr'><strong>,η</strong></span> <span class='ocrx_word' id='word_1_90' title='bbox 1680 1147 1735 1193; x_wconf 90' lang='lat' dir='ltr'><strong>et</strong></span> <span class='ocrx_word' id='word_1_91' title='bbox 1773 1137 2017 1211; x_wconf 73' lang='lat' dir='ltr'><strong>graviter</strong></span> 
     </span>
    </p>
   </div>
   <div class='ocr_carea' id='block_1_12' title="bbox 423 1237 1373 1296">
    <p class='ocr_par' dir='ltr' id='par_1_12' title="bbox 423 1237 1373 1296">
     <span class='ocr_line' id='line_1_12' title="bbox 423 1237 1373 1296; baseline -0.017 1"><span class='ocrx_word' id='word_1_92' title='bbox 423 1244 638 1296; x_wconf 80' lang='lat' dir='ltr'><strong>fuerant</strong></span> <span class='ocrx_word' id='word_1_93' title='bbox 664 1237 869 1293; x_wconf 87' lang='lat' dir='ltr'><strong>alllicti.</strong></span> <span class='ocrx_word' id='word_1_94' title='bbox 1370 1278 1373 1281; x_wconf 37' lang='grc' dir='ltr'><strong><em>λ</em></strong></span> 
     </span>
    </p>
   </div>
   <div class='ocr_carea' id='block_1_13' title="bbox 499 1320 2016 1400">
    <p class='ocr_par' dir='ltr' id='par_1_13' title="bbox 499 1320 2016 1400">
     <span class='ocr_line' id='line_1_13' title="bbox 499 1320 2016 1400; baseline -0.009 -13"><span class='ocrx_word' id='word_1_95' title='bbox 499 1332 643 1400; x_wconf 84' lang='lat' dir='ltr'><strong>Quos</strong></span> <span class='ocrx_word' id='word_1_96' title='bbox 672 1339 719 1384; x_wconf 87' lang='lat' dir='ltr'><strong>et</strong></span> <span class='ocrx_word' id='word_1_97' title='bbox 762 1329 959 1383; x_wconf 73' lang='lat' dir='ltr'><strong>vacavit</strong></span> <span class='ocrx_word' id='word_1_98' title='bbox 990 1370 1007 1396; x_wconf 91' lang='lat'><strong>,</strong></span> <span class='ocrx_word' id='word_1_99' title='bbox 1053 1343 1159 1382; x_wconf 75' lang='lat' dir='ltr'><strong>non</strong></span> <span class='ocrx_word' id='word_1_100' title='bbox 1203 1325 1375 1395; x_wconf 83' lang='lat' dir='ltr'><strong>solum</strong></span> <span class='ocrx_word' id='word_1_101' title='bbox 1404 1340 1470 1379; x_wconf 76' lang='lat' dir='ltr'><strong>ea:</strong></span> <span class='ocrx_word' id='word_1_102' title='bbox 1492 1320 1718 1390; x_wconf 64' lang='lat' dir='ltr'><strong>Iudaeis,</strong></span> <span class='ocrx_word' id='word_1_103' title='bbox 1747 1320 1838 1376; x_wconf 87' lang='lat' dir='ltr'><strong>sed</strong></span> <span class='ocrx_word' id='word_1_104' title='bbox 1860 1321 2016 1374; x_wconf 89' lang='lat' dir='ltr'><strong>etiam</strong></span> 
     </span>
    </p>
   </div>
   <div class='ocr_carea' id='block_1_14' title="bbox 421 1402 2015 1496">
    <p class='ocr_par' dir='ltr' id='par_1_14' title="bbox 421 1402 2015 1496">
     <span class='ocr_line' id='line_1_14' title="bbox 421 1402 2015 1496; baseline -0.007 -16"><span class='ocrx_word' id='word_1_105' title='bbox 421 1442 485 1480; x_wconf 73' lang='lat' dir='ltr'><strong>ea:</strong></span> <span class='ocrx_word' id='word_1_106' title='bbox 538 1425 795 1496; x_wconf 77' lang='lat' dir='ltr'><strong>gentibus.</strong></span> <span class='ocrx_word' id='word_1_107' title='bbox 861 1422 998 1488; x_wconf 83' lang='lat' dir='ltr'><strong>Quia</strong></span> <span class='ocrx_word' id='word_1_108' title='bbox 1049 1431 1104 1475; x_wconf 89' lang='lat' dir='ltr'><strong>et</strong></span> <span class='ocrx_word' id='word_1_109' title='bbox 1147 1402 1276 1477; x_wconf 84' lang='lat' dir='ltr'><strong>tunc</strong></span> <span class='ocrx_word' id='word_1_110' title='bbox 1324 1417 1581 1490; x_wconf 79' lang='lat' dir='ltr'><strong>aliquanti</strong></span> <span class='ocrx_word' id='word_1_111' title='bbox 1627 1412 2015 1487; x_wconf 65' lang='lat' dir='ltr'><strong>Egyptiorum</strong></span> 
     </span>
    </p>
   </div>
   <div class='ocr_carea' id='block_1_15' title="bbox 422 1509 2015 1581">
    <p class='ocr_par' dir='ltr' id='par_1_15' title="bbox 422 1509 2015 1581">
     <span class='ocr_line' id='line_1_15' title="bbox 422 1509 2015 1581; baseline -0.007 -10"><span class='ocrx_word' id='word_1_112' title='bbox 422 1518 711 1579; x_wconf 79' lang='lat' dir='ltr'><strong>exierant,</strong></span> <span class='ocrx_word' id='word_1_113' title='bbox 742 1531 867 1569; x_wconf 85' lang='lat' dir='ltr'><strong>eum</strong></span> <span class='ocrx_word' id='word_1_114' title='bbox 898 1514 1023 1567; x_wconf 83' lang='lat' dir='ltr'><strong>ﬁliis</strong></span> <span class='ocrx_word' id='word_1_115' title='bbox 1057 1512 1268 1578; x_wconf 86' lang='lat' dir='ltr'><strong>Israel,</strong></span> <span class='ocrx_word' id='word_1_116' title='bbox 1311 1511 1457 1581; x_wconf 88' lang='lat' dir='ltr'><strong>quod</strong></span> <span class='ocrx_word' id='word_1_117' title='bbox 1486 1511 1528 1567; x_wconf 83' lang='lat' dir='ltr'><strong>si</strong></span> <span class='ocrx_word' id='word_1_118' title='bbox 1563 1509 1701 1567; x_wconf 87' lang='lat' dir='ltr'><strong>Deus</strong></span> <span class='ocrx_word' id='word_1_119' title='bbox 1728 1522 2015 1577; x_wconf 78' lang='lat' dir='ltr'><strong>personam</strong></span> 
     </span>
    </p>
   </div>
   <div class='ocr_carea' id='block_1_16' title="bbox 422 1596 2016 1677">
    <p class='ocr_par' dir='ltr' id='par_1_16' title="bbox 422 1596 2016 1677">
     <span class='ocr_line' id='line_1_16' title="bbox 422 1596 2016 1677; baseline -0.006 -16"><span class='ocrx_word' id='word_1_120' title='bbox 422 1607 717 1677; x_wconf 83' lang='lat' dir='ltr'><strong>acciperet,</strong></span> <span class='ocrx_word' id='word_1_121' title='bbox 742 1605 891 1661; x_wconf 77' lang='lat' dir='ltr'><strong>solus</strong></span> <span class='ocrx_word' id='word_1_122' title='bbox 923 1604 1087 1658; x_wconf 86' lang='lat' dir='ltr'><strong>lsrael</strong></span> <span class='ocrx_word' id='word_1_123' title='bbox 1115 1602 1299 1658; x_wconf 87' lang='lat' dir='ltr'><strong>debuit</strong></span> <span class='ocrx_word' id='word_1_124' title='bbox 1333 1601 1532 1657; x_wconf 88' lang='lat' dir='ltr'><strong>habere</strong></span> <span class='ocrx_word' id='word_1_125' title='bbox 1562 1598 1818 1654; x_wconf 87' lang='lat' dir='ltr'><strong>salutem.</strong></span> <span class='ocrx_word' id='word_1_126' title='bbox 1860 1596 1938 1652; x_wconf 90' lang='lat' dir='ltr'><strong>Ita</strong></span> <span class='ocrx_word' id='word_1_127' title='bbox 1963 1606 2016 1651; x_wconf 87' lang='lat' dir='ltr'><strong>et</strong></span> 
     </span>
    </p>
   </div>
   <div class='ocr_carea' id='block_1_17' title="bbox 2121 392 3722 467">
    <p class='ocr_par' dir='ltr' id='par_1_17' title="bbox 2121 392 3722 467">
     <span class='ocr_line' id='line_1_17' title="bbox 2121 392 3722 467; baseline 0.001 -18"><span class='ocrx_word' id='word_1_128' title='bbox 2121 409 2240 449; x_wconf 91' lang='lat' dir='ltr'><strong>mus</strong></span> <span class='ocrx_word' id='word_1_129' title='bbox 2265 434 2279 455; x_wconf 92' lang='lat'><strong>,</strong></span> <span class='ocrx_word' id='word_1_130' title='bbox 2327 409 2452 462; x_wconf 87' lang='lat' dir='ltr'><strong>qtna</strong></span> <span class='ocrx_word' id='word_1_131' title='bbox 2497 408 2603 447; x_wconf 93' lang='lat' dir='ltr'><strong>non</strong></span> <span class='ocrx_word' id='word_1_132' title='bbox 2650 401 2733 447; x_wconf 87' lang='lat' dir='ltr'><strong>est</strong></span> <span class='ocrx_word' id='word_1_133' title='bbox 2773 392 3009 447; x_wconf 84' lang='lat' dir='ltr'><strong>volentis</strong></span> <span class='ocrx_word' id='word_1_134' title='bbox 3036 406 3211 463; x_wconf 89' lang='lat' dir='ltr'><strong>neque</strong></span> <span class='ocrx_word' id='word_1_135' title='bbox 3236 396 3549 448; x_wconf 87' lang='lat' dir='ltr'><strong>currentis:</strong></span> <span class='ocrx_word' id='word_1_136' title='bbox 3585 413 3722 467; x_wconf 85' lang='lat' dir='ltr'><strong>quo-</strong></span> 
     </span>
    </p>
   </div>
   <div class='ocr_carea' id='block_1_18' title="bbox 2122 484 3719 560">
    <p class='ocr_par' dir='ltr' id='par_1_18' title="bbox 2122 484 3719 560">
     <span class='ocr_line' id='line_1_18' title="bbox 2122 484 3719 560; baseline 0.003 -21"><span class='ocrx_word' id='word_1_137' title='bbox 2122 485 2286 540; x_wconf 92' lang='lat' dir='ltr'><strong>modo</strong></span> <span class='ocrx_word' id='word_1_138' title='bbox 2318 494 2505 554; x_wconf 86' lang='lat' dir='ltr'><strong>gentes</strong></span> <span class='ocrx_word' id='word_1_139' title='bbox 2539 484 2867 539; x_wconf 83' lang='lat' dir='ltr'><strong>invenerunt</strong></span> <span class='ocrx_word' id='word_1_140' title='bbox 2889 484 3189 553; x_wconf 81' lang='lat' dir='ltr'><strong>justitiam,</strong></span> <span class='ocrx_word' id='word_1_141' title='bbox 3230 500 3392 556; x_wconf 85' lang='lat' dir='ltr'><strong>quant</strong></span> <span class='ocrx_word' id='word_1_142' title='bbox 3424 502 3719 560; x_wconf 90' lang='lat' dir='ltr'><strong>numquam</strong></span> 
     </span>
    </p>
   </div>
   <div class='ocr_carea' id='block_1_19' title="bbox 2120 575 3722 649">
    <p class='ocr_par' dir='ltr' id='par_1_19' title="bbox 2120 575 3722 649">
     <span class='ocr_line' id='line_1_19' title="bbox 2120 575 3722 649; baseline 0.001 -17"><span class='ocrx_word' id='word_1_143' title='bbox 2120 587 2279 633; x_wconf 88' lang='lat' dir='ltr'><strong>antea</strong></span> <span class='ocrx_word' id='word_1_144' title='bbox 2308 577 2662 647; x_wconf 63' lang='lat' dir='ltr'><strong>quaesierunt.</strong></span> <span class='ocrx_word' id='word_1_145' title='bbox 2715 575 2882 639; x_wconf 82' lang='lat' dir='ltr'><strong>Israel</strong></span> <span class='ocrx_word' id='word_1_146' title='bbox 2925 590 3053 631; x_wconf 89' lang='lat' dir='ltr'><strong>vero</strong></span> <span class='ocrx_word' id='word_1_147' title='bbox 3084 590 3341 647; x_wconf 72' lang='lat' dir='ltr'><strong>quiteretts</strong></span> <span class='ocrx_word' id='word_1_148' title='bbox 3383 592 3599 649; x_wconf 83' lang='lat' dir='ltr'><strong>semper</strong></span> <span class='ocrx_word' id='word_1_149' title='bbox 3634 579 3722 647; x_wconf 85' lang='lat' dir='ltr'><strong>ju-</strong></span> 
     </span>
    </p>
   </div>
   <div class='ocr_carea' id='block_1_20' title="bbox 2117 668 3721 742">
    <p class='ocr_par' dir='ltr' id='par_1_20' title="bbox 2117 668 3721 742">
     <span class='ocr_line' id='line_1_20' title="bbox 2117 668 3721 742; baseline 0.001 -17"><span class='ocrx_word' id='word_1_150' title='bbox 2117 672 2352 737; x_wconf 91' lang='lat' dir='ltr'><strong>stitiam,</strong></span> <span class='ocrx_word' id='word_1_151' title='bbox 2385 685 2491 725; x_wconf 90' lang='lat' dir='ltr'><strong>non</strong></span> <span class='ocrx_word' id='word_1_152' title='bbox 2522 671 2695 742; x_wconf 89' lang='lat' dir='ltr'><strong>potuit</strong></span> <span class='ocrx_word' id='word_1_153' title='bbox 2730 668 3014 723; x_wconf 84' lang='lat' dir='ltr'><strong>invenire?</strong></span> <span class='ocrx_word' id='word_1_154' title='bbox 3047 668 3105 723; x_wconf 85' lang='lat' dir='ltr'><strong>Si</strong></span> <span class='ocrx_word' id='word_1_155' title='bbox 3138 684 3273 723; x_wconf 86' lang='lat' dir='ltr'><strong>vero</strong></span> <span class='ocrx_word' id='word_1_156' title='bbox 3297 678 3446 724; x_wconf 88' lang='lat' dir='ltr'><strong>tatus</strong></span> <span class='ocrx_word' id='word_1_157' title='bbox 3472 672 3721 740; x_wconf 81' lang='lat' dir='ltr'><strong>superior</strong></span> 
     </span>
    </p>
   </div>
   <div class='ocr_carea' id='block_1_21' title="bbox 2120 759 3721 831">
    <p class='ocr_par' dir='ltr' id='par_1_21' title="bbox 2120 759 3721 831">
     <span class='ocr_line' id='line_1_21' title="bbox 2120 759 3721 831; baseline -0.001 -15"><span class='ocrx_word' id='word_1_158' title='bbox 2120 775 2317 816; x_wconf 89' lang='lat' dir='ltr'><strong>sensus</strong></span> <span class='ocrx_word' id='word_1_159' title='bbox 2361 760 2861 817; x_wconf 82' lang='lat' dir='ltr'><strong>contradicentibus</strong></span> <span class='ocrx_word' id='word_1_160' title='bbox 2910 759 3216 829; x_wconf 84' lang='lat' dir='ltr'><strong>applicatur</strong></span> <span class='ocrx_word' id='word_1_161' title='bbox 3254 777 3267 812; x_wconf 87' lang='lat'><strong>:</strong></span> <span class='ocrx_word' id='word_1_162' title='bbox 3301 759 3389 815; x_wconf 91' lang='lat' dir='ltr'><strong>hic</strong></span> <span class='ocrx_word' id='word_1_163' title='bbox 3421 762 3721 831; x_wconf 85' lang='lat' dir='ltr'><strong>respondet</strong></span> 
     </span>
    </p>
   </div>
   <div class='ocr_carea' id='block_1_22' title="bbox 2117 851 3721 922">
    <p class='ocr_par' dir='ltr' id='par_1_22' title="bbox 2117 851 3721 922">
     <span class='ocr_line' id='line_1_22' title="bbox 2117 851 3721 922; baseline 0 -15"><span class='ocrx_word' id='word_1_164' title='bbox 2117 852 2415 920; x_wconf 79' lang='lat' dir='ltr'><strong>Apostolus</strong></span> <span class='ocrx_word' id='word_1_165' title='bbox 2463 862 2517 907; x_wconf 88' lang='lat' dir='ltr'><strong>et</strong></span> <span class='ocrx_word' id='word_1_166' title='bbox 2556 851 2815 917; x_wconf 75' lang='lat' dir='ltr'><strong>breviter,</strong></span> <span class='ocrx_word' id='word_1_167' title='bbox 2860 851 3187 922; x_wconf 87' lang='lat' dir='ltr'><strong>recapitulat</strong></span> <span class='ocrx_word' id='word_1_168' title='bbox 3218 855 3603 922; x_wconf 74' lang='lat' dir='ltr'><strong>qutestinnem,</strong></span> <span class='ocrx_word' id='word_1_169' title='bbox 3640 854 3721 908; x_wconf 88' lang='lat' dir='ltr'><strong>di-</strong></span> 
     </span>
    </p>
   </div>
   <div class='ocr_carea' id='block_1_23' title="bbox 2119 945 3718 1017">
    <p class='ocr_par' dir='ltr' id='par_1_23' title="bbox 2119 945 3718 1017">
     <span class='ocr_line' id='line_1_23' title="bbox 2119 945 3718 1017; baseline 0.002 -17"><span class='ocrx_word' id='word_1_170' title='bbox 2119 960 2284 1000; x_wconf 84' lang='lat' dir='ltr'><strong>cens:</strong></span> <span class='ocrx_word' id='word_1_171' title='bbox 2319 945 2455 1012; x_wconf 86' lang='lat' dir='ltr'><strong>Quid</strong></span> <span class='ocrx_word' id='word_1_172' title='bbox 2479 958 2609 1017; x_wconf 85' lang='lat' dir='ltr'><strong>ergo</strong></span> <span class='ocrx_word' id='word_1_173' title='bbox 2632 945 2877 1001; x_wconf 89' lang='lat' dir='ltr'><strong>dicemus</strong></span> <span class='ocrx_word' id='word_1_174' title='bbox 2909 945 2975 1001; x_wconf 89' lang='lat' dir='ltr'><strong>ad</strong></span> <span class='ocrx_word' id='word_1_175' title='bbox 3007 961 3103 1012; x_wconf 84' lang='lat' dir='ltr'><strong>ea,</strong></span> <span class='ocrx_word' id='word_1_176' title='bbox 3164 960 3285 1014; x_wconf 75' lang='lat' dir='ltr'><strong>qua:</strong></span> <span class='ocrx_word' id='word_1_177' title='bbox 3318 946 3475 1002; x_wconf 86' lang='lat' dir='ltr'><strong>nobis</strong></span> <span class='ocrx_word' id='word_1_178' title='bbox 3504 947 3718 1017; x_wconf 82' lang='lat' dir='ltr'><strong>objecta</strong></span> 
     </span>
    </p>
   </div>
   <div class='ocr_carea' id='block_1_24' title="bbox 2119 1036 3718 1109">
    <p class='ocr_par' dir='ltr' id='par_1_24' title="bbox 2119 1036 3718 1109">
     <span class='ocr_line' id='line_1_24' title="bbox 2119 1036 3718 1109; baseline 0.004 -20"><span class='ocrx_word' id='word_1_179' title='bbox 2119 1044 2267 1105; x_wconf 90' lang='lat' dir='ltr'><strong>sunt,</strong></span> <span class='ocrx_word' id='word_1_180' title='bbox 2286 1037 2388 1092; x_wconf 87' lang='lat' dir='ltr'><strong>nisi</strong></span> <span class='ocrx_word' id='word_1_181' title='bbox 2414 1040 2534 1107; x_wconf 86' lang='lat' dir='ltr'><strong>quia</strong></span> <span class='ocrx_word' id='word_1_182' title='bbox 2560 1047 2749 1109; x_wconf 81' lang='lat' dir='ltr'><strong>gentes</strong></span> <span class='ocrx_word' id='word_1_183' title='bbox 2778 1046 2988 1095; x_wconf 77' lang='lat' dir='ltr'><strong>vocata:</strong></span> <span class='ocrx_word' id='word_1_184' title='bbox 3018 1036 3371 1095; x_wconf 87' lang='lat' dir='ltr'><strong>crediderunt</strong></span> <span class='ocrx_word' id='word_1_185' title='bbox 3392 1057 3405 1093; x_wconf 94' lang='lat'>:</span> <span class='ocrx_word' id='word_1_186' title='bbox 3430 1047 3485 1095; x_wconf 87' lang='lat' dir='ltr'><strong>et</strong></span> <span class='ocrx_word' id='word_1_187' title='bbox 3506 1039 3577 1093; x_wconf 89' lang='lat' dir='ltr'><strong>illi</strong></span> <span class='ocrx_word' id='word_1_188' title='bbox 3601 1054 3718 1095; x_wconf 89' lang='lat' dir='ltr'><strong>crc-</strong></span> 
     </span>
    </p>
   </div>
   <div class='ocr_carea' id='block_1_25' title="bbox 2118 1128 2608 1187">
    <p class='ocr_par' dir='ltr' id='par_1_25' title="bbox 2118 1128 2608 1187">
     <span class='ocr_line' id='line_1_25' title="bbox 2118 1128 2608 1187; baseline 0 -2"><span class='ocrx_word' id='word_1_189' title='bbox 2118 1128 2253 1185; x_wconf 88' lang='lat' dir='ltr'><strong>dere</strong></span> <span class='ocrx_word' id='word_1_190' title='bbox 2287 1131 2608 1187; x_wconf 83' lang='lat' dir='ltr'><strong>noluerunt.</strong></span> 
     </span>
    </p>
   </div>
   <div class='ocr_carea' id='block_1_26' title="bbox 2187 1220 3717 1298">
    <p class='ocr_par' dir='ltr' id='par_1_26' title="bbox 2187 1220 3717 1298">
     <span class='ocr_line' id='line_1_26' title="bbox 2187 1220 3717 1298; baseline 0.006 -23"><span class='ocrx_word' id='word_1_191' title='bbox 2187 1220 2457 1277; x_wconf 80' lang='lat' dir='ltr'><strong>Justitiam</strong></span> <span class='ocrx_word' id='word_1_192' title='bbox 2484 1233 2673 1291; x_wconf 89' lang='lat' dir='ltr'><strong>autem,</strong></span> <span class='ocrx_word' id='word_1_193' title='bbox 2713 1240 2832 1297; x_wconf 70' lang='lat' dir='ltr'><strong>quae</strong></span> <span class='ocrx_word' id='word_1_194' title='bbox 2869 1240 2933 1279; x_wconf 78' lang='lat' dir='ltr'><strong>ea:</strong></span> <span class='ocrx_word' id='word_1_195' title='bbox 2972 1222 3077 1293; x_wconf 79' lang='lat' dir='ltr'><strong>ﬁde</strong></span> <span class='ocrx_word' id='word_1_196' title='bbox 3114 1232 3208 1279; x_wconf 89' lang='lat' dir='ltr'><strong>est.</strong></span> <span class='ocrx_word' id='word_1_197' title='bbox 3241 1223 3379 1293; x_wconf 88' lang='lat' dir='ltr'><strong>Quia</strong></span> <span class='ocrx_word' id='word_1_198' title='bbox 3406 1224 3617 1298; x_wconf 88' lang='lat' dir='ltr'><strong>justitia</strong></span> <span class='ocrx_word' id='word_1_199' title='bbox 3650 1242 3717 1284; x_wconf 80' lang='lat' dir='ltr'><strong>ex</strong></span> 
     </span>
    </p>
   </div>
   <div class='ocr_carea' id='block_1_27' title="bbox 2120 1313 3188 1378">
    <p class='ocr_par' dir='ltr' id='par_1_27' title="bbox 2120 1313 3188 1378">
     <span class='ocr_line' id='line_1_27' title="bbox 2120 1313 3188 1378; baseline 0.004 -11"><span class='ocrx_word' id='word_1_200' title='bbox 2120 1313 2225 1371; x_wconf 85' lang='lat' dir='ltr'><strong>[ide</strong></span> <span class='ocrx_word' id='word_1_201' title='bbox 2252 1323 2356 1378; x_wconf 80' lang='lat' dir='ltr'><strong>est,</strong></span> <span class='ocrx_word' id='word_1_202' title='bbox 2388 1315 2475 1370; x_wconf 89' lang='lat' dir='ltr'><strong>cui</strong></span> <span class='ocrx_word' id='word_1_203' title='bbox 2507 1316 2584 1370; x_wconf 90' lang='lat' dir='ltr'><strong>illi</strong></span> <span class='ocrx_word' id='word_1_204' title='bbox 2615 1315 2845 1372; x_wconf 86' lang='lat' dir='ltr'><strong>credere</strong></span> <span class='ocrx_word' id='word_1_205' title='bbox 2877 1316 3188 1373; x_wconf 90' lang='lat' dir='ltr'><strong>noluerunt.</strong></span> 
     </span>
    </p>
   </div>
   <div class='ocr_carea' id='block_1_28' title="bbox 2189 1404 3718 1485">
    <p class='ocr_par' dir='ltr' id='par_1_28' title="bbox 2189 1404 3718 1485">
     <span class='ocr_line' id='line_1_28' title="bbox 2189 1404 3718 1485; baseline 0.005 -26"><span class='ocrx_word' id='word_1_206' title='bbox 2189 1404 2362 1460; x_wconf 82' lang='lat' dir='ltr'><strong>Israel</strong></span> <span class='ocrx_word' id='word_1_207' title='bbox 2391 1423 2508 1461; x_wconf 71' lang='lat' dir='ltr'><strong>vero</strong></span> <span class='ocrx_word' id='word_1_208' title='bbox 2544 1408 2786 1463; x_wconf 80' lang='lat' dir='ltr'><strong>sectanda</strong></span> <span class='ocrx_word' id='word_1_209' title='bbox 2832 1406 2994 1479; x_wconf 85' lang='lat' dir='ltr'><strong>legem</strong></span> <span class='ocrx_word' id='word_1_210' title='bbox 3019 1410 3257 1480; x_wconf 71' lang='lat' dir='ltr'><strong>justitiaz,</strong></span> <span class='ocrx_word' id='word_1_211' title='bbox 3288 1411 3339 1464; x_wconf 89' lang='lat' dir='ltr'><strong>in</strong></span> <span class='ocrx_word' id='word_1_212' title='bbox 3369 1410 3524 1483; x_wconf 82' lang='lat' dir='ltr'><strong>legem</strong></span> <span class='ocrx_word' id='word_1_213' title='bbox 3546 1415 3718 1485; x_wconf 79' lang='lat' dir='ltr'><strong>justi-</strong></span> 
     </span>
    </p>
   </div>
   <div class='ocr_carea' id='block_1_29' title="bbox 2119 1497 3718 1571">
    <p class='ocr_par' dir='ltr' id='par_1_29' title="bbox 2119 1497 3718 1571">
     <span class='ocr_line' id='line_1_29' title="bbox 2119 1497 3718 1571; baseline 0.004 -22"><span class='ocrx_word' id='word_1_214' title='bbox 2119 1497 2203 1551; x_wconf 71' lang='lat' dir='ltr'><strong>tiaz</strong></span> <span class='ocrx_word' id='word_1_215' title='bbox 2230 1514 2329 1551; x_wconf 87' lang='lat' dir='ltr'><strong>non</strong></span> <span class='ocrx_word' id='word_1_216' title='bbox 2354 1498 2599 1569; x_wconf 82' lang='lat' dir='ltr'><strong>pervenit.</strong></span> <span class='ocrx_word' id='word_1_217' title='bbox 2628 1498 2837 1565; x_wconf 83' lang='lat' dir='ltr'><strong>Quare?</strong></span> <span class='ocrx_word' id='word_1_218' title='bbox 2861 1499 2994 1566; x_wconf 85' lang='lat' dir='ltr'><strong>Quia</strong></span> <span class='ocrx_word' id='word_1_219' title='bbox 3017 1515 3116 1553; x_wconf 90' lang='lat' dir='ltr'><strong>non</strong></span> <span class='ocrx_word' id='word_1_220' title='bbox 3147 1516 3209 1554; x_wconf 80' lang='lat' dir='ltr'><strong>ea;</strong></span> <span class='ocrx_word' id='word_1_221' title='bbox 3228 1500 3347 1567; x_wconf 75' lang='lat' dir='ltr'><strong>ﬁde,</strong></span> <span class='ocrx_word' id='word_1_222' title='bbox 3369 1501 3459 1554; x_wconf 82' lang='lat' dir='ltr'><strong>sed</strong></span> <span class='ocrx_word' id='word_1_223' title='bbox 3478 1503 3632 1571; x_wconf 83' lang='lat' dir='ltr'><strong>quasi</strong></span> <span class='ocrx_word' id='word_1_224' title='bbox 3649 1520 3718 1556; x_wconf 75' lang='lat' dir='ltr'><strong>ea:</strong></span> 
     </span>
    </p>
   </div>
   <div class='ocr_carea' id='block_1_30' title="bbox 2120 1588 3717 1661">
    <p class='ocr_par' dir='ltr' id='par_1_30' title="bbox 2120 1588 3717 1661">
     <span class='ocr_line' id='line_1_30' title="bbox 2120 1588 3717 1661; baseline 0.003 -19"><span class='ocrx_word' id='word_1_225' title='bbox 2120 1589 2374 1659; x_wconf 86' lang='lat' dir='ltr'><strong>operibus.</strong></span> <span class='ocrx_word' id='word_1_226' title='bbox 2409 1588 2607 1644; x_wconf 82' lang='lat' dir='ltr'><strong>Reddit</strong></span> <span class='ocrx_word' id='word_1_227' title='bbox 2640 1605 2851 1655; x_wconf 81' lang='lat' dir='ltr'><strong>causas,</strong></span> <span class='ocrx_word' id='word_1_228' title='bbox 2884 1605 3051 1659; x_wconf 88' lang='lat' dir='ltr'><strong>quare</strong></span> <span class='ocrx_word' id='word_1_229' title='bbox 3084 1606 3187 1644; x_wconf 83' lang='lat' dir='ltr'><strong>non</strong></span> <span class='ocrx_word' id='word_1_230' title='bbox 3214 1589 3515 1647; x_wconf 84' lang='lat' dir='ltr'><strong>invenerint</strong></span> <span class='ocrx_word' id='word_1_231' title='bbox 3546 1590 3717 1661; x_wconf 81' lang='lat' dir='ltr'><strong>justi-</strong></span> 
     </span>
    </p>
   </div>
   <div class='ocr_carea' id='block_1_31' title="bbox 425 1681 3720 1760">
    <p class='ocr_par' dir='ltr' id='par_1_31' title="bbox 425 1681 3720 1760">
     <span class='ocr_line' id='line_1_31' title="bbox 425 1681 3720 1760; baseline -0.004 -7"><span class='ocrx_word' id='word_1_232' title='bbox 425 1714 570 1754; x_wconf 92' lang='lat' dir='ltr'><strong>nunc</strong></span> <span class='ocrx_word' id='word_1_233' title='bbox 600 1714 705 1752; x_wconf 92' lang='lat' dir='ltr'><strong>non</strong></span> <span class='ocrx_word' id='word_1_234' title='bbox 737 1696 914 1752; x_wconf 86' lang='lat' dir='ltr'><strong>solum</strong></span> <span class='ocrx_word' id='word_1_235' title='bbox 943 1695 1162 1753; x_wconf 76' lang='lat' dir='ltr'><strong>Iudazos</strong></span> <span class='ocrx_word' id='word_1_236' title='bbox 1186 1737 1201 1760; x_wconf 86' lang='lat'><strong>,</strong></span> <span class='ocrx_word' id='word_1_237' title='bbox 1249 1692 1347 1750; x_wconf 87' lang='lat' dir='ltr'><strong>sed</strong></span> <span class='ocrx_word' id='word_1_238' title='bbox 1386 1694 1552 1748; x_wconf 89' lang='lat' dir='ltr'><strong>etiam</strong></span> <span class='ocrx_word' id='word_1_239' title='bbox 1583 1699 1771 1760; x_wconf 83' lang='lat' dir='ltr'><strong>gentes</strong></span> <span class='ocrx_word' id='word_1_240' title='bbox 1804 1689 2013 1743; x_wconf 85' lang='lat' dir='ltr'><strong>vocavit</strong></span> <span class='ocrx_word' id='word_1_241' title='bbox 2047 1681 2090 1747; x_wconf 84' lang='grc' dir='ltr'><strong>Β</strong></span> <span class='ocrx_word' id='word_1_242' title='bbox 2122 1683 2251 1737; x_wconf 90' lang='lat' dir='ltr'><strong>tiam</strong></span> <span class='ocrx_word' id='word_1_243' title='bbox 2283 1699 2296 1736; x_wconf 90' lang='lat'><strong>:</strong></span> <span class='ocrx_word' id='word_1_244' title='bbox 2327 1682 2449 1753; x_wconf 79' lang='lat' dir='ltr'><strong>quia</strong></span> <span class='ocrx_word' id='word_1_245' title='bbox 2485 1681 2623 1738; x_wconf 78' lang='lat' dir='ltr'><strong>falso</strong></span> <span class='ocrx_word' id='word_1_246' title='bbox 2653 1684 2703 1737; x_wconf 93' lang='lat' dir='ltr'><strong>in</strong></span> <span class='ocrx_word' id='word_1_247' title='bbox 2737 1683 2995 1753; x_wconf 90' lang='lat' dir='ltr'><strong>operibus</strong></span> <span class='ocrx_word' id='word_1_248' title='bbox 3018 1684 3255 1753; x_wconf 79' lang='lat' dir='ltr'><strong>gloriati,</strong></span> <span class='ocrx_word' id='word_1_249' title='bbox 3278 1684 3501 1739; x_wconf 82' lang='lat' dir='ltr'><strong>credere</strong></span> <span class='ocrx_word' id='word_1_250' title='bbox 3524 1685 3720 1741; x_wconf 90' lang='lat' dir='ltr'><strong>nolue-</strong></span> 
     </span>
    </p>
   </div>
   <div class='ocr_carea' id='block_1_32' title="bbox 421 1781 2017 1853">
    <p class='ocr_par' dir='ltr' id='par_1_32' title="bbox 421 1781 2017 1853">
     <span class='ocr_line' id='line_1_32' title="bbox 421 1781 2017 1853; baseline -0.005 -10"><span class='ocrx_word' id='word_1_251' title='bbox 421 1790 488 1843; x_wconf 86' lang='lat' dir='ltr'><strong>ad</strong></span> <span class='ocrx_word' id='word_1_252' title='bbox 530 1790 710 1843; x_wconf 82' lang='lat' dir='ltr'><strong>fidem.</strong></span> <span class='ocrx_word' id='word_1_253' title='bbox 756 1787 1066 1843; x_wconf 88' lang='lat' dir='ltr'><strong>Secundum</strong></span> <span class='ocrx_word' id='word_1_254' title='bbox 1116 1800 1215 1841; x_wconf 86' lang='lat' dir='ltr'><strong>eos</strong></span> <span class='ocrx_word' id='word_1_255' title='bbox 1261 1792 1441 1838; x_wconf 90' lang='lat' dir='ltr'><strong>autem</strong></span> <span class='ocrx_word' id='word_1_256' title='bbox 1468 1823 1484 1847; x_wconf 90' lang='lat'><strong>,</strong></span> <span class='ocrx_word' id='word_1_257' title='bbox 1534 1783 1624 1853; x_wconf 91' lang='lat' dir='ltr'><strong>qui</strong></span> <span class='ocrx_word' id='word_1_258' title='bbox 1659 1781 1775 1835; x_wconf 73' lang='lat' dir='ltr'><strong>hrec</strong></span> <span class='ocrx_word' id='word_1_259' title='bbox 1815 1797 1918 1836; x_wconf 91' lang='lat' dir='ltr'><strong>non</strong></span> <span class='ocrx_word' id='word_1_260' title='bbox 1951 1796 2017 1835; x_wconf 82' lang='lat' dir='ltr'><strong>ex</strong></span> 
     </span>
    </p>
   </div>
   <div class='ocr_carea' id='block_1_33' title="bbox 420 1869 2013 1948">
    <p class='ocr_par' dir='ltr' id='par_1_33' title="bbox 420 1869 2013 1948">
     <span class='ocr_line' id='line_1_33' title="bbox 420 1869 2013 1948; baseline -0.007 -15"><span class='ocrx_word' id='word_1_261' title='bbox 420 1878 702 1948; x_wconf 81' lang='lat' dir='ltr'><strong>Apostoli,</strong></span> <span class='ocrx_word' id='word_1_262' title='bbox 751 1876 845 1932; x_wconf 92' lang='lat' dir='ltr'><strong>sed</strong></span> <span class='ocrx_word' id='word_1_263' title='bbox 889 1892 955 1931; x_wconf 81' lang='lat' dir='ltr'><strong>ex</strong></span> <span class='ocrx_word' id='word_1_264' title='bbox 1006 1874 1319 1933; x_wconf 78' lang='lat' dir='ltr'><strong>Judaeorum</strong></span> <span class='ocrx_word' id='word_1_265' title='bbox 1372 1886 1597 1941; x_wconf 74' lang='lat' dir='ltr'><strong>perspna</strong></span> <span class='ocrx_word' id='word_1_266' title='bbox 1644 1869 1751 1925; x_wconf 87' lang='lat' dir='ltr'><strong>dici</strong></span> <span class='ocrx_word' id='word_1_267' title='bbox 1785 1878 2013 1937; x_wconf 87' lang='lat' dir='ltr'><strong>putant:</strong></span> 
     </span>
    </p>
   </div>
   <div class='ocr_carea' id='block_1_34' title="bbox 431 1960 2015 2036">
    <p class='ocr_par' dir='ltr' id='par_1_34' title="bbox 431 1960 2015 2036">
     <span class='ocr_line' id='line_1_34' title="bbox 431 1960 2015 2036; baseline -0.003 -17"><span class='ocrx_word' id='word_1_268' title='bbox 431 1968 723 2033; x_wconf 87' lang='lat' dir='ltr'><strong>lntantum,</strong></span> <span class='ocrx_word' id='word_1_269' title='bbox 751 1965 1036 2036; x_wconf 89' lang='lat' dir='ltr'><strong>inquiunt,</strong></span> <span class='ocrx_word' id='word_1_270' title='bbox 1068 1977 1203 2034; x_wconf 90' lang='lat' dir='ltr'><strong>quos</strong></span> <span class='ocrx_word' id='word_1_271' title='bbox 1232 1961 1402 2019; x_wconf 85' lang='lat' dir='ltr'><strong>voluit</strong></span> <span class='ocrx_word' id='word_1_272' title='bbox 1425 2003 1439 2027; x_wconf 93' lang='lat'><strong>,</strong></span> <span class='ocrx_word' id='word_1_273' title='bbox 1465 1960 1732 2026; x_wconf 85' lang='lat' dir='ltr'><strong>salvavit;</strong></span> <span class='ocrx_word' id='word_1_274' title='bbox 1766 1969 1823 2015; x_wconf 89' lang='lat' dir='ltr'><strong>ut</strong></span> <span class='ocrx_word' id='word_1_275' title='bbox 1852 1961 2015 2016; x_wconf 87' lang='lat' dir='ltr'><strong>etiam</strong></span> 
     </span>
    </p>
   </div>
   <div class='ocr_carea' id='block_1_35' title="bbox 419 2053 2018 2126">
    <p class='ocr_par' dir='ltr' id='par_1_35' title="bbox 419 2053 2018 2126">
     <span class='ocr_line' id='line_1_35' title="bbox 419 2053 2018 2126; baseline -0.004 -12"><span class='ocrx_word' id='word_1_276' title='bbox 419 2069 609 2126; x_wconf 75' lang='lat' dir='ltr'><strong>gentes</strong></span> <span class='ocrx_word' id='word_1_277' title='bbox 636 2057 863 2126; x_wconf 76' lang='lat' dir='ltr'><strong>elegerit</strong></span> <span class='ocrx_word' id='word_1_278' title='bbox 895 2054 1217 2111; x_wconf 83' lang='lat' dir='ltr'><strong>idololatras</strong></span> <span class='ocrx_word' id='word_1_279' title='bbox 1235 2096 1248 2119; x_wconf 95' lang='lat'><strong>,</strong></span> <span class='ocrx_word' id='word_1_280' title='bbox 1273 2054 1363 2125; x_wconf 89' lang='lat' dir='ltr'><strong>qui</strong></span> <span class='ocrx_word' id='word_1_281' title='bbox 1390 2068 1680 2124; x_wconf 81' lang='lat' dir='ltr'><strong>numquam</strong></span> <span class='ocrx_word' id='word_1_282' title='bbox 1709 2053 2018 2108; x_wconf 87' lang='lat' dir='ltr'><strong>servierant</strong></span> 
     </span>
    </p>
   </div>
   <div class='ocr_carea' id='block_1_36' title="bbox 421 2144 2020 2219">
    <p class='ocr_par' dir='ltr' id='par_1_36' title="bbox 421 2144 2020 2219">
     <span class='ocr_line' id='line_1_36' title="bbox 421 2144 2020 2219; baseline -0.004 -14"><span class='ocrx_word' id='word_1_283' title='bbox 421 2151 535 2206; x_wconf 90' lang='lat' dir='ltr'><strong>Deo</strong></span> <span class='ocrx_word' id='word_1_284' title='bbox 561 2195 574 2219; x_wconf 94' lang='lat'><strong>,</strong></span> <span class='ocrx_word' id='word_1_285' title='bbox 630 2158 684 2204; x_wconf 91' lang='lat' dir='ltr'><strong>et</strong></span> <span class='ocrx_word' id='word_1_286' title='bbox 729 2163 795 2202; x_wconf 80' lang='lat' dir='ltr'><strong>ex</strong></span> <span class='ocrx_word' id='word_1_287' title='bbox 829 2146 993 2203; x_wconf 88' lang='lat' dir='ltr'><strong>Israel</strong></span> <span class='ocrx_word' id='word_1_288' title='bbox 1034 2160 1235 2218; x_wconf 88' lang='lat' dir='ltr'><strong>paucos</strong></span> <span class='ocrx_word' id='word_1_289' title='bbox 1259 2155 1501 2211; x_wconf 84' lang='lat' dir='ltr'><strong>vocaret,</strong></span> <span class='ocrx_word' id='word_1_290' title='bbox 1532 2144 1830 2200; x_wconf 90' lang='lat' dir='ltr'><strong>secundum</strong></span> <span class='ocrx_word' id='word_1_291' title='bbox 1865 2144 2020 2199; x_wconf 88' lang='lat' dir='ltr'><strong>testi-</strong></span> 
     </span>
    </p>
   </div>
   <div class='ocr_carea' id='block_1_37' title="bbox 422 2237 860 2296">
    <p class='ocr_par' dir='ltr' id='par_1_37' title="bbox 422 2237 860 2296">
     <span class='ocr_line' id='line_1_37' title="bbox 422 2237 860 2296; baseline -0.005 -1"><span class='ocrx_word' id='word_1_292' title='bbox 422 2242 661 2296; x_wconf 88' lang='lat' dir='ltr'><strong>monium</strong></span> <span class='ocrx_word' id='word_1_293' title='bbox 688 2237 860 2294; x_wconf 65' lang='lat' dir='ltr'><strong>Isaias.</strong></span> 
     </span>
    </p>
   </div>
   <div class='ocr_carea' id='block_1_38' title="bbox 496 2328 2016 2403">
    <p class='ocr_par' dir='ltr' id='par_1_38' title="bbox 496 2328 2016 2403">
     <span class='ocr_line' id='line_1_38' title="bbox 496 2328 2016 2403; baseline -0.003 -15"><span class='ocrx_word' id='word_1_294' title='bbox 496 2333 647 2388; x_wconf 80' lang='lat' dir='ltr'><strong>Sicut</strong></span> <span class='ocrx_word' id='word_1_295' title='bbox 683 2336 734 2386; x_wconf 88' lang='lat' dir='ltr'><strong>in</strong></span> <span class='ocrx_word' id='word_1_296' title='bbox 770 2331 901 2393; x_wconf 83' lang='lat' dir='ltr'><strong>Osee</strong></span> <span class='ocrx_word' id='word_1_297' title='bbox 923 2332 1069 2387; x_wconf 85' lang='lat' dir='ltr'><strong>dicit.</strong></span> <span class='ocrx_word' id='word_1_298' title='bbox 1096 2331 1216 2388; x_wconf 87' lang='lat' dir='ltr'><strong>Non</strong></span> <span class='ocrx_word' id='word_1_299' title='bbox 1252 2332 1510 2403; x_wconf 89' lang='lat' dir='ltr'><strong>populum</strong></span> <span class='ocrx_word' id='word_1_300' title='bbox 1534 2373 1549 2398; x_wconf 94' lang='lat'><strong>,</strong></span> <span class='ocrx_word' id='word_1_301' title='bbox 1576 2330 1710 2387; x_wconf 89' lang='lat' dir='ltr'><strong>duas</strong></span> <span class='ocrx_word' id='word_1_302' title='bbox 1736 2329 1907 2385; x_wconf 88' lang='lat' dir='ltr'><strong>tribus</strong></span> <span class='ocrx_word' id='word_1_303' title='bbox 1930 2328 2016 2384; x_wconf 90' lang='lat' dir='ltr'><strong>di-</strong></span> 
     </span>
    </p>
   </div>
   <div class='ocr_carea' id='block_1_39' title="bbox 418 2424 2014 2491">
    <p class='ocr_par' dir='ltr' id='par_1_39' title="bbox 418 2424 2014 2491">
     <span class='ocr_line' id='line_1_39' title="bbox 418 2424 2014 2491; baseline -0.002 -9"><span class='ocrx_word' id='word_1_304' title='bbox 418 2425 493 2482; x_wconf 90' lang='lat' dir='ltr'><strong>cit</strong></span> <span class='ocrx_word' id='word_1_305' title='bbox 517 2444 530 2482; x_wconf 91' lang='lat'><strong>:</strong></span> <span class='ocrx_word' id='word_1_306' title='bbox 550 2435 605 2483; x_wconf 88' lang='lat' dir='ltr'><strong>et</strong></span> <span class='ocrx_word' id='word_1_307' title='bbox 627 2443 732 2481; x_wconf 89' lang='lat' dir='ltr'><strong>non</strong></span> <span class='ocrx_word' id='word_1_308' title='bbox 760 2426 1187 2482; x_wconf 70' lang='lat' dir='ltr'><strong>misericttrdiam</strong></span> <span class='ocrx_word' id='word_1_309' title='bbox 1208 2435 1581 2491; x_wconf 88' lang='lat' dir='ltr'><strong>consecutam,</strong></span> <span class='ocrx_word' id='word_1_310' title='bbox 1605 2426 1792 2480; x_wconf 80' lang='lat' dir='ltr'><strong>decem</strong></span> <span class='ocrx_word' id='word_1_311' title='bbox 1824 2424 2014 2479; x_wconf 89' lang='lat' dir='ltr'><strong>tribus.</strong></span> 
     </span>
    </p>
   </div>
   <div class='ocr_carea' id='block_1_40' title="bbox 506 2517 2018 2591">
    <p class='ocr_par' dir='ltr' id='par_1_40' title="bbox 506 2517 2018 2591">
     <span class='ocr_line' id='line_1_40' title="bbox 506 2517 2018 2591; baseline -0.001 -17"><span class='ocrx_word' id='word_1_312' title='bbox 506 2519 705 2574; x_wconf 83' lang='lat' dir='ltr'><strong>Vocabo</strong></span> <span class='ocrx_word' id='word_1_313' title='bbox 736 2536 837 2574; x_wconf 92' lang='lat' dir='ltr'><strong>non</strong></span> <span class='ocrx_word' id='word_1_314' title='bbox 870 2518 1071 2588; x_wconf 86' lang='lat' dir='ltr'><strong>plebem</strong></span> <span class='ocrx_word' id='word_1_315' title='bbox 1095 2535 1287 2585; x_wconf 86' lang='lat' dir='ltr'><strong>meam,</strong></span> <span class='ocrx_word' id='word_1_316' title='bbox 1316 2517 1517 2591; x_wconf 87' lang='lat' dir='ltr'><strong>plebem</strong></span> <span class='ocrx_word' id='word_1_317' title='bbox 1539 2533 1727 2572; x_wconf 87' lang='lat' dir='ltr'><strong>meam.</strong></span> <span class='ocrx_word' id='word_1_318' title='bbox 1758 2517 1871 2571; x_wconf 89' lang='lat' dir='ltr'><strong>Iloc</strong></span> <span class='ocrx_word' id='word_1_319' title='bbox 1895 2517 2018 2572; x_wconf 92' lang='lat' dir='ltr'><strong>loco</strong></span> 
     </span>
    </p>
   </div>
   <div class='ocr_carea' id='block_1_41' title="bbox 418 2611 940 2680">
    <p class='ocr_par' dir='ltr' id='par_1_41' title="bbox 418 2611 940 2680">
     <span class='ocr_line' id='line_1_41' title="bbox 418 2611 940 2680; baseline -0.002 -13"><span class='ocrx_word' id='word_1_320' title='bbox 418 2611 612 2667; x_wconf 74' lang='lat' dir='ltr'><strong>Iudam</strong></span> <span class='ocrx_word' id='word_1_321' title='bbox 646 2612 940 2680; x_wconf 77' lang='lat' dir='ltr'><strong>significat.</strong></span> 
     </span>
    </p>
   </div>
   <div class='ocr_carea' id='block_1_42' title="bbox 494 2700 2014 2769">
    <p class='ocr_par' dir='ltr' id='par_1_42' title="bbox 494 2700 2014 2769">
     <span class='ocr_line' id='line_1_42' title="bbox 494 2700 2014 2769; baseline -0.002 -14"><span class='ocrx_word' id='word_1_322' title='bbox 494 2702 565 2756; x_wconf 85' lang='lat' dir='ltr'><strong>Et</strong></span> <span class='ocrx_word' id='word_1_323' title='bbox 614 2718 721 2755; x_wconf 88' lang='lat' dir='ltr'><strong>non</strong></span> <span class='ocrx_word' id='word_1_324' title='bbox 778 2701 1064 2769; x_wconf 86' lang='lat' dir='ltr'><strong>dilectam,</strong></span> <span class='ocrx_word' id='word_1_325' title='bbox 1128 2702 1415 2755; x_wconf 82' lang='lat' dir='ltr'><strong>dilectam:</strong></span> <span class='ocrx_word' id='word_1_326' title='bbox 1463 2709 1511 2755; x_wconf 88' lang='lat' dir='ltr'><strong>et</strong></span> <span class='ocrx_word' id='word_1_327' title='bbox 1565 2716 1669 2755; x_wconf 87' lang='lat' dir='ltr'><strong>non</strong></span> <span class='ocrx_word' id='word_1_328' title='bbox 1714 2700 2014 2754; x_wconf 81' lang='lat' dir='ltr'><strong>misericor-</strong></span> 
     </span>
    </p>
   </div>
   <div class='ocr_carea' id='block_1_43' title="bbox 418 2790 2019 2858">
    <p class='ocr_par' dir='ltr' id='par_1_43' title="bbox 418 2790 2019 2858">
     <span class='ocr_line' id='line_1_43' title="bbox 418 2790 2019 2858; baseline 0 -11"><span class='ocrx_word' id='word_1_329' title='bbox 418 2795 563 2847; x_wconf 88' lang='lat' dir='ltr'><strong>diam</strong></span> <span class='ocrx_word' id='word_1_330' title='bbox 590 2802 941 2858; x_wconf 82' lang='lat' dir='ltr'><strong>consecutam,</strong></span> <span class='ocrx_word' id='word_1_331' title='bbox 972 2790 1392 2846; x_wconf 86' lang='lat' dir='ltr'><strong>misericordiam</strong></span> <span class='ocrx_word' id='word_1_332' title='bbox 1418 2801 1767 2848; x_wconf 78' lang='lat' dir='ltr'><strong>consecutam.</strong></span> <span class='ocrx_word' id='word_1_333' title='bbox 1800 2791 2019 2849; x_wconf 79' lang='lat' dir='ltr'><strong>Israeli-</strong></span> 
     </span>
    </p>
   </div>
   <div class='ocr_carea' id='block_1_44' title="bbox 420 2884 901 2953">
    <p class='ocr_par' dir='ltr' id='par_1_44' title="bbox 420 2884 901 2953">
     <span class='ocr_line' id='line_1_44' title="bbox 420 2884 901 2953; baseline -0.004 -16"><span class='ocrx_word' id='word_1_334' title='bbox 420 2887 589 2939; x_wconf 88' lang='lat' dir='ltr'><strong>ticum</strong></span> <span class='ocrx_word' id='word_1_335' title='bbox 623 2884 901 2953; x_wconf 87' lang='lat' dir='ltr'><strong>populum.</strong></span> 
     </span>
    </p>
   </div>
   <div class='ocr_carea' id='block_1_45' title="bbox 494 2973 2016 3049">
    <p class='ocr_par' dir='ltr' id='par_1_45' title="bbox 494 2973 2016 3049">
     <span class='ocr_line' id='line_1_45' title="bbox 494 2973 2016 3049; baseline 0.003 -21"><span class='ocrx_word' id='word_1_336' title='bbox 494 2973 565 3028; x_wconf 87' lang='lat' dir='ltr'><strong>Et</strong></span> <span class='ocrx_word' id='word_1_337' title='bbox 611 2976 707 3029; x_wconf 87' lang='lat' dir='ltr'><strong>erit</strong></span> <span class='ocrx_word' id='word_1_338' title='bbox 748 2975 803 3028; x_wconf 88' lang='lat' dir='ltr'><strong>in</strong></span> <span class='ocrx_word' id='word_1_339' title='bbox 851 2975 963 3028; x_wconf 87' lang='lat' dir='ltr'><strong>loco</strong></span> <span class='ocrx_word' id='word_1_340' title='bbox 994 2975 1082 3029; x_wconf 87' lang='lat' dir='ltr'><strong>ubi</strong></span> <span class='ocrx_word' id='word_1_341' title='bbox 1108 2976 1305 3030; x_wconf 90' lang='lat' dir='ltr'><strong>dictum</strong></span> <span class='ocrx_word' id='word_1_342' title='bbox 1334 2987 1408 3031; x_wconf 88' lang='lat' dir='ltr'><strong>est</strong></span> <span class='ocrx_word' id='word_1_343' title='bbox 1435 2976 1509 3030; x_wconf 90' lang='lat' dir='ltr'><strong>eis</strong></span> <span class='ocrx_word' id='word_1_344' title='bbox 1536 2992 1554 3031; x_wconf 92' lang='lat'><strong><em>:</em></strong></span> <span class='ocrx_word' id='word_1_345' title='bbox 1583 2976 1702 3032; x_wconf 84' lang='lat' dir='ltr'><strong>Non</strong></span> <span class='ocrx_word' id='word_1_346' title='bbox 1730 2978 1873 3049; x_wconf 81' lang='lat' dir='ltr'><strong>plebs</strong></span> <span class='ocrx_word' id='word_1_347' title='bbox 1902 2995 2016 3034; x_wconf 89' lang='lat' dir='ltr'><strong>mea</strong></span> 
     </span>
    </p>
   </div>
   <div class='ocr_carea' id='block_1_46' title="bbox 2123 1773 3714 1845">
    <p class='ocr_par' dir='ltr' id='par_1_46' title="bbox 2123 1773 3714 1845">
     <span class='ocr_line' id='line_1_46' title="bbox 2123 1773 3714 1845; baseline 0.003 -18"><span class='ocrx_word' id='word_1_348' title='bbox 2123 1783 2272 1839; x_wconf 88' lang='lat' dir='ltr'><strong>runt,</strong></span> <span class='ocrx_word' id='word_1_349' title='bbox 2319 1774 2472 1843; x_wconf 87' lang='lat' dir='ltr'><strong>quasi</strong></span> <span class='ocrx_word' id='word_1_350' title='bbox 2503 1773 2767 1842; x_wconf 76' lang='lat' dir='ltr'><strong>justitiam</strong></span> <span class='ocrx_word' id='word_1_351' title='bbox 2816 1776 3047 1845; x_wconf 75' lang='lat' dir='ltr'><strong>gratiam</strong></span> <span class='ocrx_word' id='word_1_352' title='bbox 3090 1785 3406 1845; x_wconf 85' lang='lat' dir='ltr'><strong>reputantes</strong></span> <span class='ocrx_word' id='word_1_353' title='bbox 3434 1820 3449 1845; x_wconf 86' lang='lat'><strong>,</strong></span> <span class='ocrx_word' id='word_1_354' title='bbox 3483 1776 3673 1832; x_wconf 90' lang='lat' dir='ltr'><strong>dicens</strong></span> <span class='ocrx_word' id='word_1_355' title='bbox 3701 1795 3714 1831; x_wconf 86' lang='lat'><strong>:</strong></span> 
     </span>
    </p>
   </div>
   <div class='ocr_carea' id='block_1_47' title="bbox 2121 1865 3716 1939">
    <p class='ocr_par' dir='ltr' id='par_1_47' title="bbox 2121 1865 3716 1939">
     <span class='ocr_line' id='line_1_47' title="bbox 2121 1865 3716 1939; baseline 0.003 -21"><span class='ocrx_word' id='word_1_356' title='bbox 2121 1866 2375 1935; x_wconf 90' lang='lat' dir='ltr'><strong>quoniam</strong></span> <span class='ocrx_word' id='word_1_357' title='bbox 2406 1867 2644 1935; x_wconf 89' lang='lat' dir='ltr'><strong>p0pulus</strong></span> <span class='ocrx_word' id='word_1_358' title='bbox 2674 1865 2986 1922; x_wconf 72' lang='lat' dir='ltr'><strong>Judmorum</strong></span> <span class='ocrx_word' id='word_1_359' title='bbox 3014 1882 3077 1920; x_wconf 76' lang='lat' dir='ltr'><strong>ex</strong></span> <span class='ocrx_word' id='word_1_360' title='bbox 3107 1867 3367 1939; x_wconf 89' lang='lat' dir='ltr'><strong>operibus</strong></span> <span class='ocrx_word' id='word_1_361' title='bbox 3398 1868 3528 1937; x_wconf 82' lang='lat' dir='ltr'><strong>legis</strong></span> <span class='ocrx_word' id='word_1_362' title='bbox 3557 1868 3716 1938; x_wconf 81' lang='lat' dir='ltr'><strong>justi-</strong></span> 
     </span>
    </p>
   </div>
   <div class='ocr_carea' id='block_1_48' title="bbox 2121 1959 3716 2033">
    <p class='ocr_par' dir='ltr' id='par_1_48' title="bbox 2121 1959 3716 2033">
     <span class='ocr_line' id='line_1_48' title="bbox 2121 1959 3716 2033; baseline 0.001 -18"><span class='ocrx_word' id='word_1_363' title='bbox 2121 1959 2273 2016; x_wconf 79' lang='lat' dir='ltr'><strong>ﬁcari</strong></span> <span class='ocrx_word' id='word_1_364' title='bbox 2326 1975 2386 2017; x_wconf 89' lang='lat' dir='ltr'><strong>se</strong></span> <span class='ocrx_word' id='word_1_365' title='bbox 2436 1971 2650 2032; x_wconf 85' lang='lat' dir='ltr'><strong>putans,</strong></span> <span class='ocrx_word' id='word_1_366' title='bbox 2680 1962 2732 2016; x_wconf 93' lang='lat' dir='ltr'><strong>in</strong></span> <span class='ocrx_word' id='word_1_367' title='bbox 2760 1962 2935 2033; x_wconf 84' lang='lat' dir='ltr'><strong>legem</strong></span> <span class='ocrx_word' id='word_1_368' title='bbox 2958 1962 3207 2033; x_wconf 65' lang='lat' dir='ltr'><strong>justitiat,</strong></span> <span class='ocrx_word' id='word_1_369' title='bbox 3240 1962 3293 2017; x_wconf 93' lang='lat' dir='ltr'><strong>id</strong></span> <span class='ocrx_word' id='word_1_370' title='bbox 3323 1972 3428 2030; x_wconf 91' lang='lat' dir='ltr'><strong>est,</strong></span> <span class='ocrx_word' id='word_1_371' title='bbox 3459 1962 3525 2018; x_wconf 90' lang='lat' dir='ltr'><strong>ad</strong></span> <span class='ocrx_word' id='word_1_372' title='bbox 3557 1962 3716 2019; x_wconf 79' lang='lat' dir='ltr'><strong>ﬁdem</strong></span> 
     </span>
    </p>
   </div>
   <div class='ocr_carea' id='block_1_49' title="bbox 2119 2051 3377 2124">
    <p class='ocr_par' dir='ltr' id='par_1_49' title="bbox 2119 2051 3377 2124">
     <span class='ocr_line' id='line_1_49' title="bbox 2119 2051 3377 2124; baseline -0.002 -15"><span class='ocrx_word' id='word_1_373' title='bbox 2119 2051 2321 2109; x_wconf 87' lang='lat' dir='ltr'><strong>Christi</strong></span> <span class='ocrx_word' id='word_1_374' title='bbox 2351 2052 2700 2120; x_wconf 84' lang='lat' dir='ltr'><strong>dedignanda</strong></span> <span class='ocrx_word' id='word_1_375' title='bbox 2730 2069 2835 2108; x_wconf 90' lang='lat' dir='ltr'><strong>non</strong></span> <span class='ocrx_word' id='word_1_376' title='bbox 2864 2055 3040 2124; x_wconf 75' lang='lat' dir='ltr'><strong>patuit</strong></span> <span class='ocrx_word' id='word_1_377' title='bbox 3073 2053 3377 2123; x_wconf 81' lang='lat' dir='ltr'><strong>pervenire.</strong></span> 
     </span>
    </p>
   </div>
   <div class='ocr_carea' id='block_1_50' title="bbox 2197 2146 3717 2217">
    <p class='ocr_par' dir='ltr' id='par_1_50' title="bbox 2197 2146 3717 2217">
     <span class='ocr_line' id='line_1_50' title="bbox 2197 2146 3717 2217; baseline 0.001 -17"><span class='ocrx_word' id='word_1_378' title='bbox 2197 2146 2543 2214; x_wconf 71' lang='lat' dir='ltr'><strong>Oﬂ&#39;enderunt</strong></span> <span class='ocrx_word' id='word_1_379' title='bbox 2577 2148 2715 2201; x_wconf 86' lang='lat' dir='ltr'><strong>enim</strong></span> <span class='ocrx_word' id='word_1_380' title='bbox 2738 2149 2791 2201; x_wconf 88' lang='lat' dir='ltr'><strong>in</strong></span> <span class='ocrx_word' id='word_1_381' title='bbox 2814 2149 3040 2217; x_wconf 87' lang='lat' dir='ltr'><strong>lapidem</strong></span> <span class='ocrx_word' id='word_1_382' title='bbox 3072 2146 3377 2215; x_wconf 64' lang='lat' dir='ltr'><strong>offensionis</strong></span> <span class='ocrx_word' id='word_1_383' title='bbox 3397 2189 3410 2213; x_wconf 93' lang='lat'><strong>,</strong></span> <span class='ocrx_word' id='word_1_384' title='bbox 3440 2149 3570 2203; x_wconf 81' lang='lat' dir='ltr'><strong>sicut</strong></span> <span class='ocrx_word' id='word_1_385' title='bbox 3594 2150 3717 2203; x_wconf 82' lang='lat' dir='ltr'><strong>scri-</strong></span> 
     </span>
    </p>
   </div>
   <div class='ocr_carea' id='block_1_51' title="bbox 2120 2236 3713 2310">
    <p class='ocr_par' dir='ltr' id='par_1_51' title="bbox 2120 2236 3713 2310">
     <span class='ocr_line' id='line_1_51' title="bbox 2120 2236 3713 2310; baseline 0.001 -19"><span class='ocrx_word' id='word_1_386' title='bbox 2120 2246 2265 2310; x_wconf 88' lang='lat' dir='ltr'><strong>ptum</strong></span> <span class='ocrx_word' id='word_1_387' title='bbox 2289 2247 2362 2291; x_wconf 91' lang='lat' dir='ltr'><strong>est</strong></span> <span class='ocrx_word' id='word_1_388' title='bbox 2412 2254 2429 2292; x_wconf 91' lang='lat'><strong><em>:</em></strong></span> <span class='ocrx_word' id='word_1_389' title='bbox 2477 2236 2614 2292; x_wconf 85' lang='lat' dir='ltr'><strong>Ecce</strong></span> <span class='ocrx_word' id='word_1_390' title='bbox 2665 2254 2801 2309; x_wconf 85' lang='lat' dir='ltr'><strong>pana</strong></span> <span class='ocrx_word' id='word_1_391' title='bbox 2826 2239 2881 2292; x_wconf 87' lang='lat' dir='ltr'><strong>in</strong></span> <span class='ocrx_word' id='word_1_392' title='bbox 2926 2238 3057 2293; x_wconf 85' lang='lat' dir='ltr'><strong>Sion</strong></span> <span class='ocrx_word' id='word_1_393' title='bbox 3114 2238 3341 2309; x_wconf 82' lang='lat' dir='ltr'><strong>lapidem</strong></span> <span class='ocrx_word' id='word_1_394' title='bbox 3394 2240 3713 2309; x_wconf 63' lang='lat' dir='ltr'><strong>aﬂensianis,</strong></span> 
     </span>
    </p>
   </div>
   <div class='ocr_carea' id='block_1_52' title="bbox 2120 2331 3706 2401">
    <p class='ocr_par' dir='ltr' id='par_1_52' title="bbox 2120 2331 3706 2401">
     <span class='ocr_line' id='line_1_52' title="bbox 2120 2331 3706 2401; baseline 0.002 -17"><span class='ocrx_word' id='word_1_395' title='bbox 2120 2340 2173 2384; x_wconf 88' lang='lat' dir='ltr'><strong>et</strong></span> <span class='ocrx_word' id='word_1_396' title='bbox 2198 2340 2399 2401; x_wconf 88' lang='lat' dir='ltr'><strong>petram</strong></span> <span class='ocrx_word' id='word_1_397' title='bbox 2436 2333 2690 2387; x_wconf 82' lang='lat' dir='ltr'><strong>scandali.</strong></span> <span class='ocrx_word' id='word_1_398' title='bbox 2718 2333 2821 2400; x_wconf 90' lang='lat' dir='ltr'><strong>Qui</strong></span> <span class='ocrx_word' id='word_1_399' title='bbox 2854 2331 3002 2386; x_wconf 87' lang='lat' dir='ltr'><strong>videt</strong></span> <span class='ocrx_word' id='word_1_400' title='bbox 3024 2332 3276 2401; x_wconf 87' lang='lat' dir='ltr'><strong>lapidem,</strong></span> <span class='ocrx_word' id='word_1_401' title='bbox 3306 2348 3412 2387; x_wconf 91' lang='lat' dir='ltr'><strong>non</strong></span> <span class='ocrx_word' id='word_1_402' title='bbox 3445 2332 3665 2387; x_wconf 80' lang='lat' dir='ltr'><strong>ollimdit</strong></span> <span class='ocrx_word' id='word_1_403' title='bbox 3693 2351 3706 2387; x_wconf 94' lang='lat'><strong>:</strong></span> 
     </span>
    </p>
   </div>
   <div class='ocr_carea' id='block_1_53' title="bbox 2120 2423 3705 2494">
    <p class='ocr_par' dir='ltr' id='par_1_53' title="bbox 2120 2423 3705 2494">
     <span class='ocr_line' id='line_1_53' title="bbox 2120 2423 3705 2494; baseline 0.001 -19"><span class='ocrx_word' id='word_1_404' title='bbox 2120 2423 2211 2490; x_wconf 93' lang='lat' dir='ltr'><strong>qui</strong></span> <span class='ocrx_word' id='word_1_405' title='bbox 2241 2431 2420 2477; x_wconf 89' lang='lat' dir='ltr'><strong>autem</strong></span> <span class='ocrx_word' id='word_1_406' title='bbox 2451 2434 2750 2489; x_wconf 69' lang='lat' dir='ltr'><strong>cmcusest,</strong></span> <span class='ocrx_word' id='word_1_407' title='bbox 2771 2423 3040 2493; x_wconf 81' lang='lat' dir='ltr'><strong>impingit.</strong></span> <span class='ocrx_word' id='word_1_408' title='bbox 3067 2424 3222 2491; x_wconf 86' lang='lat' dir='ltr'><strong>Quod</strong></span> <span class='ocrx_word' id='word_1_409' title='bbox 3244 2424 3465 2494; x_wconf 86' lang='lat' dir='ltr'><strong>contigit</strong></span> <span class='ocrx_word' id='word_1_410' title='bbox 3485 2424 3705 2489; x_wconf 72' lang='lat' dir='ltr'><strong>Iuda-is,</strong></span> 
     </span>
    </p>
   </div>
   <div class='ocr_carea' id='block_1_54' title="bbox 2121 2514 3711 2587">
    <p class='ocr_par' dir='ltr' id='par_1_54' title="bbox 2121 2514 3711 2587">
     <span class='ocr_line' id='line_1_54' title="bbox 2121 2514 3711 2587; baseline 0.003 -21"><span class='ocrx_word' id='word_1_411' title='bbox 2121 2526 2260 2582; x_wconf 88' lang='lat' dir='ltr'><strong>quos</strong></span> <span class='ocrx_word' id='word_1_412' title='bbox 2289 2528 2385 2567; x_wconf 89' lang='lat' dir='ltr'><strong>sua</strong></span> <span class='ocrx_word' id='word_1_413' title='bbox 2416 2514 2619 2569; x_wconf 85' lang='lat' dir='ltr'><strong>malitia</strong></span> <span class='ocrx_word' id='word_1_414' title='bbox 2647 2516 2949 2571; x_wconf 71' lang='lat' dir='ltr'><strong>excmcavit</strong></span> <span class='ocrx_word' id='word_1_415' title='bbox 2981 2534 2992 2570; x_wconf 90' lang='lat'>:</span> <span class='ocrx_word' id='word_1_416' title='bbox 3027 2527 3079 2571; x_wconf 90' lang='lat' dir='ltr'><strong>et</strong></span> <span class='ocrx_word' id='word_1_417' title='bbox 3106 2517 3384 2571; x_wconf 82' lang='lat' dir='ltr'><strong>Christum</strong></span> <span class='ocrx_word' id='word_1_418' title='bbox 3414 2534 3514 2570; x_wconf 90' lang='lat' dir='ltr'><strong>non</strong></span> <span class='ocrx_word' id='word_1_419' title='bbox 3544 2532 3711 2587; x_wconf 81' lang='lat' dir='ltr'><strong>agno-</strong></span> 
     </span>
    </p>
   </div>
   <div class='ocr_carea' id='block_1_55' title="bbox 2126 2602 3792 2678">
    <p class='ocr_par' dir='ltr' id='par_1_55' title="bbox 2126 2602 3792 2678">
     <span class='ocr_line' id='line_1_55' title="bbox 2126 2602 3792 2678; baseline 0.004 -20"><span class='ocrx_word' id='word_1_420' title='bbox 2126 2613 2344 2659; x_wconf 85' lang='lat' dir='ltr'><strong>scentes</strong></span> <span class='ocrx_word' id='word_1_421' title='bbox 2374 2604 2789 2661; x_wconf 79' lang='lat' dir='ltr'><strong>crucillxerunt.</strong></span> <span class='ocrx_word' id='word_1_422' title='bbox 2823 2606 2929 2664; x_wconf 89' lang='lat' dir='ltr'><strong>Sed</strong></span> <span class='ocrx_word' id='word_1_423' title='bbox 2968 2618 3023 2662; x_wconf 90' lang='lat' dir='ltr'><strong>et</strong></span> <span class='ocrx_word' id='word_1_424' title='bbox 3065 2607 3269 2663; x_wconf 90' lang='lat' dir='ltr'><strong>idcirco</strong></span> <span class='ocrx_word' id='word_1_425' title='bbox 3302 2609 3435 2678; x_wconf 90' lang='lat' dir='ltr'><strong>lapis</strong></span> <span class='ocrx_word' id='word_1_426' title='bbox 3464 2610 3716 2664; x_wconf 80' lang='lat' dir='ltr'><strong>ollensio-</strong></span> <span class='ocrx_word' id='word_1_427' title='bbox 3778 2602 3792 2612; x_wconf 86' lang='grc'><em>’</em></span> 
     </span>
    </p>
   </div>
   <div class='ocr_carea' id='block_1_56' title="bbox 2122 2697 3713 2770">
    <p class='ocr_par' dir='ltr' id='par_1_56' title="bbox 2122 2697 3713 2770">
     <span class='ocr_line' id='line_1_56' title="bbox 2122 2697 3713 2770; baseline 0.003 -21"><span class='ocrx_word' id='word_1_428' title='bbox 2122 2697 2229 2761; x_wconf 88' lang='lat' dir='ltr'><strong>nis,</strong></span> <span class='ocrx_word' id='word_1_429' title='bbox 2261 2705 2315 2749; x_wconf 90' lang='lat' dir='ltr'><strong>et</strong></span> <span class='ocrx_word' id='word_1_430' title='bbox 2345 2705 2497 2765; x_wconf 82' lang='lat' dir='ltr'><strong>petra</strong></span> <span class='ocrx_word' id='word_1_431' title='bbox 2524 2698 2766 2753; x_wconf 84' lang='lat' dir='ltr'><strong>scandali</strong></span> <span class='ocrx_word' id='word_1_432' title='bbox 2789 2740 2803 2762; x_wconf 90' lang='lat'><strong>,</strong></span> <span class='ocrx_word' id='word_1_433' title='bbox 2839 2698 3129 2769; x_wconf 67' lang='lat' dir='ltr'><strong>praedictus</strong></span> <span class='ocrx_word' id='word_1_434' title='bbox 3159 2708 3242 2755; x_wconf 90' lang='lat' dir='ltr'><strong>est</strong></span> <span class='ocrx_word' id='word_1_435' title='bbox 3270 2700 3520 2755; x_wconf 78' lang='lat' dir='ltr'><strong>Christus</strong></span> <span class='ocrx_word' id='word_1_436' title='bbox 3550 2718 3563 2755; x_wconf 89' lang='lat'><strong>:</strong></span> <span class='ocrx_word' id='word_1_437' title='bbox 3591 2701 3713 2770; x_wconf 85' lang='lat' dir='ltr'><strong>quia</strong></span> 
     </span>
    </p>
   </div>
   <div class='ocr_carea' id='block_1_57' title="bbox 2121 2786 3712 2862">
    <p class='ocr_par' dir='ltr' id='par_1_57' title="bbox 2121 2786 3712 2862">
     <span class='ocr_line' id='line_1_57' title="bbox 2121 2786 3712 2862; baseline 0.004 -23"><span class='ocrx_word' id='word_1_438' title='bbox 2121 2786 2275 2839; x_wconf 89' lang='lat' dir='ltr'><strong>multi</strong></span> <span class='ocrx_word' id='word_1_439' title='bbox 2308 2787 2359 2841; x_wconf 94' lang='lat' dir='ltr'><strong>in</strong></span> <span class='ocrx_word' id='word_1_440' title='bbox 2394 2787 2674 2843; x_wconf 73' lang='lat' dir='ltr'><strong>nativitate</strong></span> <span class='ocrx_word' id='word_1_441' title='bbox 2718 2789 2832 2857; x_wconf 89' lang='lat' dir='ltr'><strong>ejus</strong></span> <span class='ocrx_word' id='word_1_442' title='bbox 2879 2798 2933 2844; x_wconf 89' lang='lat' dir='ltr'><strong>et</strong></span> <span class='ocrx_word' id='word_1_443' title='bbox 2980 2791 3231 2860; x_wconf 88' lang='lat' dir='ltr'><strong>passione</strong></span> <span class='ocrx_word' id='word_1_444' title='bbox 3270 2792 3586 2846; x_wconf 85' lang='lat' dir='ltr'><strong>scandalum</strong></span> <span class='ocrx_word' id='word_1_445' title='bbox 3617 2806 3712 2862; x_wconf 88' lang='lat' dir='ltr'><strong>pa-</strong></span> 
     </span>
    </p>
   </div>
   <div class='ocr_carea' id='block_1_58' title="bbox 2120 2876 3715 2952">
    <p class='ocr_par' dir='ltr' id='par_1_58' title="bbox 2120 2876 3715 2952">
     <span class='ocr_line' id='line_1_58' title="bbox 2120 2876 3715 2952; baseline 0.003 -18"><span class='ocrx_word' id='word_1_446' title='bbox 2120 2876 2360 2947; x_wconf 89' lang='lat' dir='ltr'><strong>tiuntur,</strong></span> <span class='ocrx_word' id='word_1_447' title='bbox 2394 2880 2534 2935; x_wconf 85' lang='lat' dir='ltr'><strong>sicut</strong></span> <span class='ocrx_word' id='word_1_448' title='bbox 2574 2882 2836 2951; x_wconf 87' lang='lat' dir='ltr'><strong>scriptum</strong></span> <span class='ocrx_word' id='word_1_449' title='bbox 2869 2893 2952 2937; x_wconf 92' lang='lat' dir='ltr'><strong>est</strong></span> <span class='ocrx_word' id='word_1_450' title='bbox 2987 2902 2998 2936; x_wconf 91' lang='lat'><strong>:</strong></span> <span class='ocrx_word' id='word_1_451' title='bbox 3031 2884 3163 2952; x_wconf 84' lang='lat' dir='ltr'><strong>Quia</strong></span> <span class='ocrx_word' id='word_1_452' title='bbox 3208 2884 3715 2940; x_wconf 86' lang='lat' dir='ltr'><strong>scandalizabuntur</strong></span> 
     </span>
    </p>
   </div>
   <div class='ocr_carea' id='block_1_59' title="bbox 2122 2972 3711 3044">
    <p class='ocr_par' dir='ltr' id='par_1_59' title="bbox 2122 2972 3711 3044">
     <span class='ocr_line' id='line_1_59' title="bbox 2122 2972 3711 3044; baseline 0.004 -17"><span class='ocrx_word' id='word_1_453' title='bbox 2122 2972 2176 3027; x_wconf 89' lang='lat' dir='ltr'><strong>in</strong></span> <span class='ocrx_word' id='word_1_454' title='bbox 2223 2988 2312 3028; x_wconf 85' lang='lat' dir='ltr'><strong>eo.</strong></span> <span class='ocrx_word' id='word_1_455' title='bbox 2362 2973 2426 3027; x_wconf 85' lang='lat' dir='ltr'><strong>Et</strong></span> <span class='ocrx_word' id='word_1_456' title='bbox 2459 2972 2758 3044; x_wconf 87' lang='lat' dir='ltr'><strong>Apostolus</strong></span> <span class='ocrx_word' id='word_1_457' title='bbox 2789 2978 2886 3042; x_wconf 85' lang='lat' dir='ltr'><strong>ait,</strong></span> <span class='ocrx_word' id='word_1_458' title='bbox 2913 2974 3189 3031; x_wconf 88' lang='lat' dir='ltr'><strong>Christum</strong></span> <span class='ocrx_word' id='word_1_459' title='bbox 3233 2979 3585 3044; x_wconf 80' lang='lat' dir='ltr'><strong>crucilixutn,</strong></span> <span class='ocrx_word' id='word_1_460' title='bbox 3616 2977 3711 3033; x_wconf 80' lang='lat' dir='ltr'><strong>Ju-</strong></span> 
     </span>
    </p>
   </div>
   <div class='ocr_carea' id='block_1_60' title="bbox 424 3060 3713 3138">
    <p class='ocr_par' dir='ltr' id='par_1_60' title="bbox 424 3060 3713 3138">
     <span class='ocr_line' id='line_1_60' title="bbox 424 3060 3713 3138; baseline 0.001 -14"><span class='ocrx_word' id='word_1_461' title='bbox 424 3084 533 3124; x_wconf 83' lang='lat' dir='ltr'><strong>vos.</strong></span> <span class='ocrx_word' id='word_1_462' title='bbox 574 3065 780 3123; x_wconf 86' lang='lat' dir='ltr'><strong>Gentes</strong></span> <span class='ocrx_word' id='word_1_463' title='bbox 811 3067 1151 3122; x_wconf 84' lang='lat' dir='ltr'><strong>demonstrat</strong></span> <span class='ocrx_word' id='word_1_464' title='bbox 1177 3066 1230 3121; x_wconf 92' lang='lat' dir='ltr'><strong>in</strong></span> <span class='ocrx_word' id='word_1_465' title='bbox 1254 3067 1468 3123; x_wconf 88' lang='lat' dir='ltr'><strong>Christo</strong></span> <span class='ocrx_word' id='word_1_466' title='bbox 1497 3068 1802 3127; x_wconf 85' lang='lat' dir='ltr'><strong>credituras</strong></span> <span class='ocrx_word' id='word_1_467' title='bbox 1831 3086 1846 3127; x_wconf 87' lang='lat'><strong>:</strong></span> <span class='ocrx_word' id='word_1_468' title='bbox 1874 3070 2015 3125; x_wconf 91' lang='lat' dir='ltr'><strong>sicut</strong></span> <span class='ocrx_word' id='word_1_469' title='bbox 2042 3060 2088 3126; x_wconf 92' lang='lat' dir='ltr'><strong>C</strong></span> <span class='ocrx_word' id='word_1_470' title='bbox 2117 3063 2250 3119; x_wconf 70' lang='lat' dir='ltr'><strong>datis</strong></span> <span class='ocrx_word' id='word_1_471' title='bbox 2274 3064 2614 3134; x_wconf 72' lang='lat' dir='ltr'><strong>scandalum,</strong></span> <span class='ocrx_word' id='word_1_472' title='bbox 2645 3068 2896 3137; x_wconf 76' lang='lat' dir='ltr'><strong>gentibus</strong></span> <span class='ocrx_word' id='word_1_473' title='bbox 2938 3068 3219 3122; x_wconf 83' lang='lat' dir='ltr'><strong>stultitiam</strong></span> <span class='ocrx_word' id='word_1_474' title='bbox 3251 3086 3263 3121; x_wconf 90' lang='lat'><strong>:</strong></span> <span class='ocrx_word' id='word_1_475' title='bbox 3296 3068 3432 3138; x_wconf 89' lang='lat' dir='ltr'><strong>ipsis</strong></span> <span class='ocrx_word' id='word_1_476' title='bbox 3460 3084 3593 3124; x_wconf 86' lang='lat' dir='ltr'><strong>vero</strong></span> <span class='ocrx_word' id='word_1_477' title='bbox 3624 3083 3713 3124; x_wconf 63' lang='lat' dir='ltr'><strong>vo»</strong></span> 
     </span>
    </p>
   </div>
   <div class='ocr_carea' id='block_1_61' title="bbox 424 3159 2015 3231">
    <p class='ocr_par' dir='ltr' id='par_1_61' title="bbox 424 3159 2015 3231">
     <span class='ocr_line' id='line_1_61' title="bbox 424 3159 2015 3231; baseline 0 -14"><span class='ocrx_word' id='word_1_478' title='bbox 424 3163 477 3217; x_wconf 91' lang='lat' dir='ltr'><strong>in</strong></span> <span class='ocrx_word' id='word_1_479' title='bbox 521 3160 812 3230; x_wconf 86' lang='lat' dir='ltr'><strong>Evangelia</strong></span> <span class='ocrx_word' id='word_1_480' title='bbox 862 3159 1121 3215; x_wconf 90' lang='lat' dir='ltr'><strong>Dominus</strong></span> <span class='ocrx_word' id='word_1_481' title='bbox 1159 3175 1258 3230; x_wconf 90' lang='lat' dir='ltr'><strong>per</strong></span> <span class='ocrx_word' id='word_1_482' title='bbox 1288 3159 1599 3229; x_wconf 88' lang='lat' dir='ltr'><strong>parabolam</strong></span> <span class='ocrx_word' id='word_1_483' title='bbox 1629 3160 1882 3231; x_wconf 80' lang='lat' dir='ltr'><strong>loquitur,</strong></span> <span class='ocrx_word' id='word_1_484' title='bbox 1917 3178 2015 3218; x_wconf 88' lang='lat' dir='ltr'><strong>nu-</strong></span> 
     </span>
    </p>
   </div>
   <div class='ocr_carea' id='block_1_62' title="bbox 420 3250 2016 3325">
    <p class='ocr_par' dir='ltr' id='par_1_62' title="bbox 420 3250 2016 3325">
     <span class='ocr_line' id='line_1_62' title="bbox 420 3250 2016 3325; baseline 0.003 -19"><span class='ocrx_word' id='word_1_485' title='bbox 420 3253 574 3323; x_wconf 85' lang='lat' dir='ltr'><strong>ptiali</strong></span> <span class='ocrx_word' id='word_1_486' title='bbox 605 3267 758 3309; x_wconf 69' lang='lat' dir='ltr'><strong>caena</strong></span> <span class='ocrx_word' id='word_1_487' title='bbox 790 3251 951 3321; x_wconf 78' lang='lat' dir='ltr'><strong>facta,</strong></span> <span class='ocrx_word' id='word_1_488' title='bbox 975 3268 1098 3308; x_wconf 89' lang='lat' dir='ltr'><strong>cum</strong></span> <span class='ocrx_word' id='word_1_489' title='bbox 1122 3250 1290 3308; x_wconf 91' lang='lat' dir='ltr'><strong>Israel</strong></span> <span class='ocrx_word' id='word_1_490' title='bbox 1317 3252 1506 3307; x_wconf 88' lang='lat' dir='ltr'><strong>venire</strong></span> <span class='ocrx_word' id='word_1_491' title='bbox 1529 3250 1816 3323; x_wconf 90' lang='lat' dir='ltr'><strong>noluisset,</strong></span> <span class='ocrx_word' id='word_1_492' title='bbox 1841 3262 1896 3308; x_wconf 90' lang='lat' dir='ltr'><strong>ct</strong></span> <span class='ocrx_word' id='word_1_493' title='bbox 1918 3258 2016 3325; x_wconf 79' lang='lat' dir='ltr'><strong>pro</strong></span> 
     </span>
    </p>
   </div>
   <div class='ocr_carea' id='block_1_63' title="bbox 425 3328 1074 3415">
    <p class='ocr_par' dir='ltr' id='par_1_63' title="bbox 425 3328 1074 3415">
     <span class='ocr_line' id='line_1_63' title="bbox 425 3328 1074 3415; baseline -0.003 -16"><span class='ocrx_word' id='word_1_494' title='bbox 425 3344 545 3415; x_wconf 85' lang='lat' dir='ltr'><strong>ipso</strong></span> <span class='ocrx_word' id='word_1_495' title='bbox 572 3328 761 3414; x_wconf 84' lang='lat' dir='ltr'><strong>gentes</strong></span> <span class='ocrx_word' id='word_1_496' title='bbox 790 3354 1074 3400; x_wconf 86' lang='lat' dir='ltr'><strong>vocantur.</strong></span> 
     </span>
    </p>
   </div>
   <div class='ocr_carea' id='block_1_64' title="bbox 493 3430 2014 3508">
    <p class='ocr_par' dir='ltr' id='par_1_64' title="bbox 493 3430 2014 3508">
     <span class='ocr_line' id='line_1_64' title="bbox 493 3430 2014 3508; baseline 0.001 -18"><span class='ocrx_word' id='word_1_497' title='bbox 493 3435 579 3491; x_wconf 88' lang='lat' dir='ltr'><strong>Ibi</strong></span> <span class='ocrx_word' id='word_1_498' title='bbox 608 3435 921 3491; x_wconf 76' lang='lat' dir='ltr'><strong>vocabuntur</strong></span> <span class='ocrx_word' id='word_1_499' title='bbox 951 3430 1051 3505; x_wconf 81' lang='lat' dir='ltr'><strong>ﬁlii</strong></span> <span class='ocrx_word' id='word_1_500' title='bbox 1082 3432 1178 3491; x_wconf 86' lang='lat' dir='ltr'><strong>Dei</strong></span> <span class='ocrx_word' id='word_1_501' title='bbox 1212 3435 1332 3490; x_wconf 83' lang='lat' dir='ltr'><strong>vivi.</strong></span> <span class='ocrx_word' id='word_1_502' title='bbox 1387 3433 1742 3491; x_wconf 82' lang='lat' dir='ltr'><strong>Vocationem</strong></span> <span class='ocrx_word' id='word_1_503' title='bbox 1772 3436 2014 3508; x_wconf 85' lang='lat' dir='ltr'><strong>gentium</strong></span> 
     </span>
    </p>
   </div>
   <div class='ocr_carea' id='block_1_65' title="bbox 420 3529 705 3599">
    <p class='ocr_par' dir='ltr' id='par_1_65' title="bbox 420 3529 705 3599">
     <span class='ocr_line' id='line_1_65' title="bbox 420 3529 705 3599; baseline 0.004 -16"><span class='ocrx_word' id='word_1_504' title='bbox 420 3529 705 3599; x_wconf 78' lang='lat' dir='ltr'><strong>signiﬁcat.</strong></span> 
     </span>
    </p>
   </div>
   <div class='ocr_carea' id='block_1_66' title="bbox 495 3618 2017 3694">
    <p class='ocr_par' dir='ltr' id='par_1_66' title="bbox 495 3618 2017 3694">
     <span class='ocr_line' id='line_1_66' title="bbox 495 3618 2017 3694; baseline 0.005 -23"><span class='ocrx_word' id='word_1_505' title='bbox 495 3618 667 3674; x_wconf 82' lang='lat' dir='ltr'><strong>Isaias</strong></span> <span class='ocrx_word' id='word_1_506' title='bbox 703 3629 873 3674; x_wconf 89' lang='lat' dir='ltr'><strong>autem</strong></span> <span class='ocrx_word' id='word_1_507' title='bbox 894 3620 1081 3676; x_wconf 85' lang='lat' dir='ltr'><strong>clamat</strong></span> <span class='ocrx_word' id='word_1_508' title='bbox 1104 3638 1199 3693; x_wconf 89' lang='lat' dir='ltr'><strong>pra</strong></span> <span class='ocrx_word' id='word_1_509' title='bbox 1232 3618 1424 3676; x_wconf 81' lang='lat' dir='ltr'><strong>Israel.</strong></span> <span class='ocrx_word' id='word_1_510' title='bbox 1459 3620 1889 3678; x_wconf 82' lang='lat' dir='ltr'><strong>Communicatio</strong></span> <span class='ocrx_word' id='word_1_511' title='bbox 1918 3637 2017 3694; x_wconf 90' lang='lat' dir='ltr'><strong>pro</strong></span> 
     </span>
    </p>
   </div>
   <div class='ocr_carea' id='block_1_67' title="bbox 422 3712 1100 3781">
    <p class='ocr_par' dir='ltr' id='par_1_67' title="bbox 422 3712 1100 3781">
     <span class='ocr_line' id='line_1_67' title="bbox 422 3712 1100 3781; baseline 0.001 -15"><span class='ocrx_word' id='word_1_512' title='bbox 422 3712 557 3781; x_wconf 84' lang='lat' dir='ltr'><strong>ipsis</strong></span> <span class='ocrx_word' id='word_1_513' title='bbox 588 3724 710 3765; x_wconf 75' lang='lat' dir='ltr'><strong>esse</strong></span> <span class='ocrx_word' id='word_1_514' title='bbox 748 3722 1100 3768; x_wconf 88' lang='lat' dir='ltr'><strong>monstratur.</strong></span> 
     </span>
    </p>
   </div>
   <div class='ocr_carea' id='block_1_68' title="bbox 498 3802 2016 3881">
    <p class='ocr_par' dir='ltr' id='par_1_68' title="bbox 498 3802 2016 3881">
     <span class='ocr_line' id='line_1_68' title="bbox 498 3802 2016 3881; baseline 0.009 -28"><span class='ocrx_word' id='word_1_515' title='bbox 498 3802 561 3859; x_wconf 83' lang='lat' dir='ltr'><strong>Si</strong></span> <span class='ocrx_word' id='word_1_516' title='bbox 588 3802 744 3872; x_wconf 77' lang='lat' dir='ltr'><strong>fuerit</strong></span> <span class='ocrx_word' id='word_1_517' title='bbox 791 3818 1032 3856; x_wconf 87' lang='lat' dir='ltr'><strong>numerus</strong></span> <span class='ocrx_word' id='word_1_518' title='bbox 1061 3805 1291 3871; x_wconf 83' lang='lat' dir='ltr'><strong>ﬁliorum</strong></span> <span class='ocrx_word' id='word_1_519' title='bbox 1316 3804 1520 3874; x_wconf 82' lang='lat' dir='ltr'><strong>Israel,</strong></span> <span class='ocrx_word' id='word_1_520' title='bbox 1566 3818 1829 3881; x_wconf 82' lang='lat' dir='ltr'><strong>tamquam</strong></span> <span class='ocrx_word' id='word_1_521' title='bbox 1857 3828 2016 3867; x_wconf 84' lang='lat' dir='ltr'><strong>arena</strong></span> 
     </span>
    </p>
   </div>
   <div class='ocr_carea' id='block_1_69' title="bbox 426 3892 2015 3989">
    <p class='ocr_par' dir='ltr' id='par_1_69' title="bbox 426 3892 2015 3989">
     <span class='ocr_line' id='line_1_69' title="bbox 426 3892 2015 3989; baseline 0.008 -40"><span class='ocrx_word' id='word_1_522' title='bbox 426 3895 585 3950; x_wconf 83' lang='lat' dir='ltr'><strong>maris</strong></span> <span class='ocrx_word' id='word_1_523' title='bbox 630 3892 858 3965; x_wconf 74' lang='lat' dir='ltr'><strong>reliquid:</strong></span> <span class='ocrx_word' id='word_1_524' title='bbox 898 3895 1051 3950; x_wconf 75' lang='lat' dir='ltr'><strong>salva:</strong></span> <span class='ocrx_word' id='word_1_525' title='bbox 1084 3896 1229 3963; x_wconf 75' lang='lat' dir='ltr'><strong>ﬁent.</strong></span> <span class='ocrx_word' id='word_1_526' title='bbox 1274 3898 1600 3956; x_wconf 87' lang='lat' dir='ltr'><strong>Paucitatem</strong></span> <span class='ocrx_word' id='word_1_527' title='bbox 1631 3904 2015 3989; x_wconf 48' lang='lat' dir='ltr'><strong>eorumcreﬁ-</strong></span> 
     </span>
    </p>
   </div>
   <div class='ocr_carea' id='block_1_70' title="bbox 424 3987 1074 4045">
    <p class='ocr_par' dir='ltr' id='par_1_70' title="bbox 424 3987 1074 4045">
     <span class='ocr_line' id='line_1_70' title="bbox 424 3987 1074 4045; baseline 0 0"><span class='ocrx_word' id='word_1_528' title='bbox 424 4000 534 4045; x_wconf 88' lang='lat' dir='ltr'><strong>tam</strong></span> <span class='ocrx_word' id='word_1_529' title='bbox 565 4004 684 4045; x_wconf 86' lang='lat' dir='ltr'><strong>esse</strong></span> <span class='ocrx_word' id='word_1_530' title='bbox 718 3987 1074 4045; x_wconf 85' lang='lat' dir='ltr'><strong>demonstrat.</strong></span> 
     </span>
    </p>
   </div>
   <div class='ocr_carea' id='block_1_71' title="bbox 500 4069 2015 4164">
    <p class='ocr_par' dir='ltr' id='par_1_71' title="bbox 500 4069 2015 4164">
     <span class='ocr_line' id='line_1_71' title="bbox 500 4069 2015 4164; baseline 0.005 -26"><span class='ocrx_word' id='word_1_531' title='bbox 500 4083 722 4138; x_wconf 83' lang='lat' dir='ltr'><strong>Verbum</strong></span> <span class='ocrx_word' id='word_1_532' title='bbox 761 4083 900 4137; x_wconf 89' lang='lat' dir='ltr'><strong>enim</strong></span> <span class='ocrx_word' id='word_1_533' title='bbox 924 4100 1287 4141; x_wconf 84' lang='lat' dir='ltr'><strong>eonsummans</strong></span> <span class='ocrx_word' id='word_1_534' title='bbox 1312 4130 1326 4154; x_wconf 89' lang='lat'><strong>,</strong></span> <span class='ocrx_word' id='word_1_535' title='bbox 1359 4094 1407 4142; x_wconf 89' lang='lat' dir='ltr'><strong>et</strong></span> <span class='ocrx_word' id='word_1_536' title='bbox 1447 4074 1755 4145; x_wconf 13' lang='lat' dir='ltr'><strong>abbrevians&quot;</strong></span> <span class='ocrx_word' id='word_1_537' title='bbox 1779 4069 2015 4164; x_wconf 33' lang='lat' dir='ltr'><strong>inaequi-</strong></span> 
     </span>
    </p>
   </div>
   <div class='ocr_carea' id='block_1_72' title="bbox 422 4176 2014 4251">
    <p class='ocr_par' dir='ltr' id='par_1_72' title="bbox 422 4176 2014 4251">
     <span class='ocr_line' id='line_1_72' title="bbox 422 4176 2014 4251; baseline 0.006 -21"><span class='ocrx_word' id='word_1_538' title='bbox 422 4186 565 4242; x_wconf 89' lang='lat' dir='ltr'><strong>tate,</strong></span> <span class='ocrx_word' id='word_1_539' title='bbox 607 4176 729 4248; x_wconf 86' lang='lat' dir='ltr'><strong>quia</strong></span> <span class='ocrx_word' id='word_1_540' title='bbox 780 4176 984 4230; x_wconf 83' lang='lat' dir='ltr'><strong>verbum</strong></span> <span class='ocrx_word' id='word_1_541' title='bbox 1028 4178 1313 4234; x_wconf 77' lang='lat' dir='ltr'><strong>breviatum</strong></span> <span class='ocrx_word' id='word_1_542' title='bbox 1364 4180 1519 4250; x_wconf 76' lang='lat' dir='ltr'><strong>faciet</strong></span> <span class='ocrx_word' id='word_1_543' title='bbox 1565 4180 1821 4238; x_wconf 87' lang='lat' dir='ltr'><strong>Dominus</strong></span> <span class='ocrx_word' id='word_1_544' title='bbox 1857 4198 2014 4251; x_wconf 80' lang='lat' dir='ltr'><strong>super</strong></span> 
     </span>
    </p>
   </div>
   <div class='ocr_carea' id='block_1_73' title="bbox 430 4267 2014 4346">
    <p class='ocr_par' dir='ltr' id='par_1_73' title="bbox 430 4267 2014 4346">
     <span class='ocr_line' id='line_1_73' title="bbox 430 4267 2014 4346; baseline 0.008 -25"><span class='ocrx_word' id='word_1_545' title='bbox 430 4280 638 4323; x_wconf 86' lang='lat' dir='ltr'><strong>terram.</strong></span> <span class='ocrx_word' id='word_1_546' title='bbox 701 4267 939 4322; x_wconf 88' lang='lat' dir='ltr'><strong>Ilistoria</strong></span> <span class='ocrx_word' id='word_1_547' title='bbox 987 4268 1085 4324; x_wconf 92' lang='lat' dir='ltr'><strong>hos</strong></span> <span class='ocrx_word' id='word_1_548' title='bbox 1117 4269 1279 4328; x_wconf 86' lang='lat' dir='ltr'><strong>habet</strong></span> <span class='ocrx_word' id='word_1_549' title='bbox 1306 4286 1502 4328; x_wconf 85' lang='lat' dir='ltr'><strong>sensus</strong></span> <span class='ocrx_word' id='word_1_550' title='bbox 1534 4290 1548 4326; x_wconf 89' lang='lat'><strong>:</strong></span> <span class='ocrx_word' id='word_1_551' title='bbox 1584 4273 1735 4329; x_wconf 90' lang='lat' dir='ltr'><strong>Sicut</strong></span> <span class='ocrx_word' id='word_1_552' title='bbox 1762 4290 1862 4346; x_wconf 85' lang='lat' dir='ltr'><strong>ego</strong></span> <span class='ocrx_word' id='word_1_553' title='bbox 1891 4292 2014 4333; x_wconf 86' lang='lat' dir='ltr'><strong>ver—</strong></span> 
     </span>
    </p>
   </div>
   <div class='ocr_carea' id='block_1_74' title="bbox 419 4359 2008 4425">
    <p class='ocr_par' dir='ltr' id='par_1_74' title="bbox 419 4359 2008 4425">
     <span class='ocr_line' id='line_1_74' title="bbox 419 4359 2008 4425; baseline 0.006 -9"><span class='ocrx_word' id='word_1_554' title='bbox 419 4362 546 4417; x_wconf 88' lang='lat' dir='ltr'><strong>bum</strong></span> <span class='ocrx_word' id='word_1_555' title='bbox 591 4359 849 4417; x_wconf 86' lang='lat' dir='ltr'><strong>abbrcvio</strong></span> <span class='ocrx_word' id='word_1_556' title='bbox 890 4369 946 4417; x_wconf 91' lang='lat' dir='ltr'><strong>et</strong></span> <span class='ocrx_word' id='word_1_557' title='bbox 987 4362 1096 4419; x_wconf 91' lang='lat' dir='ltr'><strong>cito</strong></span> <span class='ocrx_word' id='word_1_558' title='bbox 1144 4362 1345 4420; x_wconf 75' lang='lat' dir='ltr'><strong>definio</strong></span> <span class='ocrx_word' id='word_1_559' title='bbox 1392 4383 1405 4419; x_wconf 90' lang='lat'><strong>:</strong></span> <span class='ocrx_word' id='word_1_560' title='bbox 1454 4366 1527 4419; x_wconf 88' lang='lat' dir='ltr'><strong>ita</strong></span> <span class='ocrx_word' id='word_1_561' title='bbox 1557 4364 1698 4421; x_wconf 90' lang='lat' dir='ltr'><strong>Deus</strong></span> <span class='ocrx_word' id='word_1_562' title='bbox 1730 4368 1834 4423; x_wconf 90' lang='lat' dir='ltr'><strong>hoc</strong></span> <span class='ocrx_word' id='word_1_563' title='bbox 1861 4372 2008 4425; x_wconf 87' lang='lat' dir='ltr'><strong>Omni</strong></span> 
     </span>
    </p>
   </div>
   <div class='ocr_carea' id='block_1_75' title="bbox 2119 3158 3708 3231">
    <p class='ocr_par' dir='ltr' id='par_1_75' title="bbox 2119 3158 3708 3231">
     <span class='ocr_line' id='line_1_75' title="bbox 2119 3158 3708 3231; baseline 0.001 -19"><span class='ocrx_word' id='word_1_564' title='bbox 2119 3158 2276 3221; x_wconf 77' lang='lat' dir='ltr'><strong>catis,</strong></span> <span class='ocrx_word' id='word_1_565' title='bbox 2328 3158 2605 3213; x_wconf 82' lang='lat' dir='ltr'><strong>Christum</strong></span> <span class='ocrx_word' id='word_1_566' title='bbox 2662 3158 2754 3215; x_wconf 87' lang='lat' dir='ltr'><strong>Dei</strong></span> <span class='ocrx_word' id='word_1_567' title='bbox 2805 3159 3068 3215; x_wconf 83' lang='lat' dir='ltr'><strong>virtutem</strong></span> <span class='ocrx_word' id='word_1_568' title='bbox 3118 3167 3172 3215; x_wconf 91' lang='lat' dir='ltr'><strong>et</strong></span> <span class='ocrx_word' id='word_1_569' title='bbox 3227 3159 3321 3214; x_wconf 86' lang='lat' dir='ltr'><strong>Dei</strong></span> <span class='ocrx_word' id='word_1_570' title='bbox 3372 3161 3708 3231; x_wconf 88' lang='lat' dir='ltr'><strong>sapientiam.</strong></span> 
     </span>
    </p>
   </div>
   <div class='ocr_carea' id='block_1_76' title="bbox 2120 3248 3711 3319">
    <p class='ocr_par' dir='ltr' id='par_1_76' title="bbox 2120 3248 3711 3319">
     <span class='ocr_line' id='line_1_76' title="bbox 2120 3248 3711 3319; baseline 0.001 -16"><span class='ocrx_word' id='word_1_571' title='bbox 2120 3248 2276 3304; x_wconf 87' lang='lat' dir='ltr'><strong>Unde</strong></span> <span class='ocrx_word' id='word_1_572' title='bbox 2303 3257 2358 3304; x_wconf 89' lang='lat' dir='ltr'><strong>et</strong></span> <span class='ocrx_word' id='word_1_573' title='bbox 2382 3250 2469 3305; x_wconf 89' lang='lat' dir='ltr'><strong>hic</strong></span> <span class='ocrx_word' id='word_1_574' title='bbox 2494 3252 2740 3319; x_wconf 87' lang='lat' dir='ltr'><strong>sequitur</strong></span> <span class='ocrx_word' id='word_1_575' title='bbox 2770 3269 2782 3304; x_wconf 93' lang='lat'><strong>:</strong></span> <span class='ocrx_word' id='word_1_576' title='bbox 2814 3251 2914 3319; x_wconf 86' lang='lat' dir='ltr'><strong>Qui</strong></span> <span class='ocrx_word' id='word_1_577' title='bbox 2942 3251 3117 3307; x_wconf 90' lang='lat' dir='ltr'><strong>credit</strong></span> <span class='ocrx_word' id='word_1_578' title='bbox 3146 3252 3199 3306; x_wconf 91' lang='lat' dir='ltr'><strong>in</strong></span> <span class='ocrx_word' id='word_1_579' title='bbox 3230 3267 3317 3315; x_wconf 89' lang='lat' dir='ltr'><strong>eo,</strong></span> <span class='ocrx_word' id='word_1_580' title='bbox 3349 3267 3457 3306; x_wconf 88' lang='lat' dir='ltr'><strong>non</strong></span> <span class='ocrx_word' id='word_1_581' title='bbox 3488 3252 3711 3308; x_wconf 79' lang='lat' dir='ltr'><strong>confun-</strong></span> 
     </span>
    </p>
   </div>
   <div class='ocr_carea' id='block_1_77' title="bbox 2118 3337 3709 3413">
    <p class='ocr_par' dir='ltr' id='par_1_77' title="bbox 2118 3337 3709 3413">
     <span class='ocr_line' id='line_1_77' title="bbox 2118 3337 3709 3413; baseline 0.003 -20"><span class='ocrx_word' id='word_1_582' title='bbox 2118 3337 2294 3394; x_wconf 85' lang='lat' dir='ltr'><strong>detur.</strong></span> <span class='ocrx_word' id='word_1_583' title='bbox 2343 3340 2538 3396; x_wconf 89' lang='lat' dir='ltr'><strong>Petrus</strong></span> <span class='ocrx_word' id='word_1_584' title='bbox 2569 3357 2786 3413; x_wconf 73' lang='lat' dir='ltr'><strong>qunque</strong></span> <span class='ocrx_word' id='word_1_585' title='bbox 2817 3343 2969 3409; x_wconf 89' lang='lat' dir='ltr'><strong>dicit,</strong></span> <span class='ocrx_word' id='word_1_586' title='bbox 3017 3343 3159 3411; x_wconf 87' lang='lat' dir='ltr'><strong>quod</strong></span> <span class='ocrx_word' id='word_1_587' title='bbox 3190 3342 3535 3398; x_wconf 84' lang='lat' dir='ltr'><strong>credentibus</strong></span> <span class='ocrx_word' id='word_1_588' title='bbox 3578 3343 3709 3412; x_wconf 86' lang='lat' dir='ltr'><strong>lapis</strong></span> 
     </span>
    </p>
   </div>
   <div class='ocr_carea' id='block_1_78' title="bbox 2118 3434 3617 3507">
    <p class='ocr_par' dir='ltr' id='par_1_78' title="bbox 2118 3434 3617 3507">
     <span class='ocr_line' id='line_1_78' title="bbox 2118 3434 3617 3507; baseline 0.001 -18"><span class='ocrx_word' id='word_1_589' title='bbox 2118 3434 2327 3490; x_wconf 87' lang='lat' dir='ltr'><strong>electus</strong></span> <span class='ocrx_word' id='word_1_590' title='bbox 2357 3436 2428 3489; x_wconf 87' lang='lat' dir='ltr'><strong>sit</strong></span> <span class='ocrx_word' id='word_1_591' title='bbox 2449 3436 2727 3507; x_wconf 82' lang='lat' dir='ltr'><strong>angularis</strong></span> <span class='ocrx_word' id='word_1_592' title='bbox 2758 3453 2773 3490; x_wconf 91' lang='lat'><strong>:</strong></span> <span class='ocrx_word' id='word_1_593' title='bbox 2806 3436 3105 3491; x_wconf 85' lang='lat' dir='ltr'><strong>incredulis</strong></span> <span class='ocrx_word' id='word_1_594' title='bbox 3135 3450 3263 3491; x_wconf 82' lang='lat' dir='ltr'><strong>vero</strong></span> <span class='ocrx_word' id='word_1_595' title='bbox 3283 3434 3617 3492; x_wconf 84' lang='lat' dir='ltr'><strong>oll‘ensionis.</strong></span> 
     </span>
    </p>
   </div>
   <div class='ocr_carea' id='block_1_79' title="bbox 2192 3524 3705 3598">
    <p class='ocr_par' dir='ltr' id='par_1_79' title="bbox 2192 3524 3705 3598">
     <span class='ocr_line' id='line_1_79' title="bbox 2192 3524 3705 3598; baseline 0.001 -20"><span class='ocrx_word' id='word_1_596' title='bbox 2192 3524 2263 3578; x_wconf 84' lang='lat' dir='ltr'><strong>Et</strong></span> <span class='ocrx_word' id='word_1_597' title='bbox 2304 3527 2468 3581; x_wconf 87' lang='lat' dir='ltr'><strong>omnis</strong></span> <span class='ocrx_word' id='word_1_598' title='bbox 2495 3528 2581 3596; x_wconf 85' lang='lat' dir='ltr'><strong>qui</strong></span> <span class='ocrx_word' id='word_1_599' title='bbox 2606 3527 2766 3581; x_wconf 80' lang='lat' dir='ltr'><strong>credit</strong></span> <span class='ocrx_word' id='word_1_600' title='bbox 2789 3527 2845 3580; x_wconf 84' lang='lat' dir='ltr'><strong>in</strong></span> <span class='ocrx_word' id='word_1_601' title='bbox 2874 3544 3011 3593; x_wconf 83' lang='lat' dir='ltr'><strong>eum,</strong></span> <span class='ocrx_word' id='word_1_602' title='bbox 3055 3544 3156 3581; x_wconf 87' lang='lat' dir='ltr'><strong>non</strong></span> <span class='ocrx_word' id='word_1_603' title='bbox 3198 3528 3556 3598; x_wconf 79' lang='lat' dir='ltr'><strong>confundetur.</strong></span> <span class='ocrx_word' id='word_1_604' title='bbox 3588 3525 3705 3581; x_wconf 81' lang='lat' dir='ltr'><strong>Non</strong></span> 
     </span>
    </p>
   </div>
   <div class='ocr_carea' id='block_1_80' title="bbox 2117 3617 3703 3685">
    <p class='ocr_par' dir='ltr' id='par_1_80' title="bbox 2117 3617 3703 3685">
     <span class='ocr_line' id='line_1_80' title="bbox 2117 3617 3703 3685; baseline -0.001 -11"><span class='ocrx_word' id='word_1_605' title='bbox 2117 3617 2336 3675; x_wconf 65' lang='lat' dir='ltr'><strong>Juda&#39;us</strong></span> <span class='ocrx_word' id='word_1_606' title='bbox 2362 3619 2532 3684; x_wconf 88' lang='lat' dir='ltr'><strong>solus,</strong></span> <span class='ocrx_word' id='word_1_607' title='bbox 2556 3619 2653 3673; x_wconf 85' lang='lat' dir='ltr'><strong>sed</strong></span> <span class='ocrx_word' id='word_1_608' title='bbox 2681 3634 2874 3675; x_wconf 88' lang='lat' dir='ltr'><strong>omnes</strong></span> <span class='ocrx_word' id='word_1_609' title='bbox 2906 3618 3195 3676; x_wconf 88' lang='lat' dir='ltr'><strong>credentes</strong></span> <span class='ocrx_word' id='word_1_610' title='bbox 3224 3618 3278 3673; x_wconf 89' lang='lat' dir='ltr'><strong>in</strong></span> <span class='ocrx_word' id='word_1_611' title='bbox 3309 3633 3395 3685; x_wconf 88' lang='lat' dir='ltr'><strong>eo,</strong></span> <span class='ocrx_word' id='word_1_612' title='bbox 3425 3632 3530 3673; x_wconf 91' lang='lat' dir='ltr'><strong>non</strong></span> <span class='ocrx_word' id='word_1_613' title='bbox 3568 3633 3703 3673; x_wconf 84' lang='lat' dir='ltr'><strong>cun-</strong></span> 
     </span>
    </p>
   </div>
   <div class='ocr_carea' id='block_1_81' title="bbox 2118 3710 3041 3781">
    <p class='ocr_par' dir='ltr' id='par_1_81' title="bbox 2118 3710 3041 3781">
     <span class='ocr_line' id='line_1_81' title="bbox 2118 3710 3041 3781; baseline 0 -15"><span class='ocrx_word' id='word_1_614' title='bbox 2118 3710 2413 3766; x_wconf 86' lang='lat' dir='ltr'><strong>l&#39;undcntur</strong></span> <span class='ocrx_word' id='word_1_615' title='bbox 2439 3711 2506 3766; x_wconf 89' lang='lat' dir='ltr'><strong>de</strong></span> <span class='ocrx_word' id='word_1_616' title='bbox 2534 3711 2779 3781; x_wconf 87' lang='lat' dir='ltr'><strong>pristinis</strong></span> <span class='ocrx_word' id='word_1_617' title='bbox 2806 3713 3041 3767; x_wconf 86' lang='lat' dir='ltr'><strong>delictis.</strong></span> 
     </span>
    </p>
   </div>
   <div class='ocr_carea' id='block_1_82' title="bbox 2740 3801 3077 3859">
    <p class='ocr_par' dir='ltr' id='par_1_82' title="bbox 2740 3801 3077 3859">
     <span class='ocr_line' id='line_1_82' title="bbox 2740 3801 3077 3859; baseline -0.006 -1"><span class='ocrx_word' id='word_1_618' title='bbox 2740 3802 2973 3859; x_wconf 80' lang='lat' dir='ltr'><strong>CAPUT</strong></span> <span class='ocrx_word' id='word_1_619' title='bbox 3014 3801 3077 3857; x_wconf 83' lang='lat' dir='ltr'><strong>X.</strong></span> 
     </span>
    </p>
   </div>
   <div class='ocr_carea' id='block_1_83' title="bbox 2193 3893 3707 3965">
    <p class='ocr_par' dir='ltr' id='par_1_83' title="bbox 2193 3893 3707 3965">
     <span class='ocr_line' id='line_1_83' title="bbox 2193 3893 3707 3965; baseline -0.003 -16"><span class='ocrx_word' id='word_1_620' title='bbox 2193 3894 2406 3950; x_wconf 78' lang='lat' dir='ltr'><strong>Fratres</strong></span> <span class='ocrx_word' id='word_1_621' title='bbox 2433 3912 2453 3952; x_wconf 88' lang='lat'><strong><em>:</em></strong></span> <span class='ocrx_word' id='word_1_622' title='bbox 2488 3894 2750 3951; x_wconf 84' lang='lat' dir='ltr'><strong>Voluntas</strong></span> <span class='ocrx_word' id='word_1_623' title='bbox 2771 3897 2977 3965; x_wconf 67' lang='lat' dir='ltr'><strong>quidem</strong></span> <span class='ocrx_word' id='word_1_624' title='bbox 2998 3895 3170 3950; x_wconf 72' lang='lat' dir='ltr'><strong>cordis</strong></span> <span class='ocrx_word' id='word_1_625' title='bbox 3191 3895 3289 3949; x_wconf 53' lang='lat' dir='ltr'><strong>mei</strong></span> <span class='ocrx_word' id='word_1_626' title='bbox 3308 3938 3323 3961; x_wconf 95' lang='lat'><strong>,</strong></span> <span class='ocrx_word' id='word_1_627' title='bbox 3357 3904 3404 3949; x_wconf 88' lang='lat' dir='ltr'><strong>et</strong></span> <span class='ocrx_word' id='word_1_628' title='bbox 3431 3893 3707 3949; x_wconf 75' lang='lat' dir='ltr'><strong>obsecratio</strong></span> 
     </span>
    </p>
   </div>
   <div class='ocr_carea' id='block_1_84' title="bbox 2117 3986 3704 4061">
    <p class='ocr_par' dir='ltr' id='par_1_84' title="bbox 2117 3986 3704 4061">
     <span class='ocr_line' id='line_1_84' title="bbox 2117 3986 3704 4061; baseline -0.003 -18"><span class='ocrx_word' id='word_1_629' title='bbox 2117 3990 2187 4043; x_wconf 87' lang='lat' dir='ltr'><strong>ad</strong></span> <span class='ocrx_word' id='word_1_630' title='bbox 2218 3989 2383 4045; x_wconf 86' lang='lat' dir='ltr'><strong>Deum</strong></span> <span class='ocrx_word' id='word_1_631' title='bbox 2414 3990 2473 4060; x_wconf 81' lang='lat' dir='ltr'><strong>ﬁt</strong></span> <span class='ocrx_word' id='word_1_632' title='bbox 2501 4006 2593 4061; x_wconf 87' lang='lat' dir='ltr'><strong>pro</strong></span> <span class='ocrx_word' id='word_1_633' title='bbox 2619 3988 2724 4044; x_wconf 87' lang='lat' dir='ltr'><strong>illis</strong></span> <span class='ocrx_word' id='word_1_634' title='bbox 2745 3990 2797 4043; x_wconf 90' lang='lat' dir='ltr'><strong>in</strong></span> <span class='ocrx_word' id='word_1_635' title='bbox 2828 3987 3064 4043; x_wconf 84' lang='lat' dir='ltr'><strong>salutem.</strong></span> <span class='ocrx_word' id='word_1_636' title='bbox 3099 3987 3198 4042; x_wconf 85' lang='lat' dir='ltr'><strong>Hic</strong></span> <span class='ocrx_word' id='word_1_637' title='bbox 3226 4002 3285 4042; x_wconf 88' lang='lat' dir='ltr'><strong>se</strong></span> <span class='ocrx_word' id='word_1_638' title='bbox 3308 3986 3570 4052; x_wconf 87' lang='lat' dir='ltr'><strong>ostendit,</strong></span> <span class='ocrx_word' id='word_1_639' title='bbox 3602 4002 3704 4040; x_wconf 90' lang='lat' dir='ltr'><strong>non</strong></span> 
     </span>
    </p>
   </div>
   <div class='ocr_carea' id='block_1_85' title="bbox 2116 4081 3458 4152">
    <p class='ocr_par' dir='ltr' id='par_1_85' title="bbox 2116 4081 3458 4152">
     <span class='ocr_line' id='line_1_85' title="bbox 2116 4081 3458 4152; baseline -0.004 -13"><span class='ocrx_word' id='word_1_640' title='bbox 2116 4083 2250 4139; x_wconf 86' lang='lat' dir='ltr'><strong>salis</strong></span> <span class='ocrx_word' id='word_1_641' title='bbox 2279 4083 2457 4149; x_wconf 88' lang='lat' dir='ltr'><strong>labiis,</strong></span> <span class='ocrx_word' id='word_1_642' title='bbox 2488 4082 2583 4137; x_wconf 87' lang='lat' dir='ltr'><strong>sed</strong></span> <span class='ocrx_word' id='word_1_643' title='bbox 2608 4093 2661 4138; x_wconf 89' lang='lat' dir='ltr'><strong>et</strong></span> <span class='ocrx_word' id='word_1_644' title='bbox 2688 4083 2854 4137; x_wconf 86' lang='lat' dir='ltr'><strong>corde</strong></span> <span class='ocrx_word' id='word_1_645' title='bbox 2881 4096 2979 4152; x_wconf 88' lang='lat' dir='ltr'><strong>pro</strong></span> <span class='ocrx_word' id='word_1_646' title='bbox 3011 4081 3243 4136; x_wconf 88' lang='lat' dir='ltr'><strong>inimicis</strong></span> <span class='ocrx_word' id='word_1_647' title='bbox 3276 4096 3458 4136; x_wconf 89' lang='lat' dir='ltr'><strong>orare.</strong></span> 
     </span>
    </p>
   </div>
   <div class='ocr_carea' id='block_1_86' title="bbox 2188 4175 3703 4247">
    <p class='ocr_par' dir='ltr' id='par_1_86' title="bbox 2188 4175 3703 4247">
     <span class='ocr_line' id='line_1_86' title="bbox 2188 4175 3703 4247; baseline -0.005 -15"><span class='ocrx_word' id='word_1_648' title='bbox 2188 4177 2561 4233; x_wconf 85' lang='lat' dir='ltr'><strong>Testimonium</strong></span> <span class='ocrx_word' id='word_1_649' title='bbox 2589 4178 2727 4231; x_wconf 85' lang='lat' dir='ltr'><strong>enim</strong></span> <span class='ocrx_word' id='word_1_650' title='bbox 2758 4177 2997 4247; x_wconf 78' lang='lat' dir='ltr'><strong>perhich</strong></span> <span class='ocrx_word' id='word_1_651' title='bbox 3023 4175 3149 4236; x_wconf 79' lang='lat' dir='ltr'><strong>illis,</strong></span> <span class='ocrx_word' id='word_1_652' title='bbox 3173 4175 3311 4246; x_wconf 84' lang='lat' dir='ltr'><strong>quod</strong></span> <span class='ocrx_word' id='word_1_653' title='bbox 3332 4175 3703 4229; x_wconf 76' lang='lat' dir='ltr'><strong>temuletiairem</strong></span> 
     </span>
    </p>
   </div>
   <div class='ocr_carea' id='block_1_87' title="bbox 2115 4265 3700 4342">
    <p class='ocr_par' dir='ltr' id='par_1_87' title="bbox 2115 4265 3700 4342">
     <span class='ocr_line' id='line_1_87' title="bbox 2115 4265 3700 4342; baseline -0.003 -18"><span class='ocrx_word' id='word_1_654' title='bbox 2115 4271 2321 4342; x_wconf 83' lang='lat' dir='ltr'><strong>quidem</strong></span> <span class='ocrx_word' id='word_1_655' title='bbox 2348 4266 2446 4324; x_wconf 87' lang='lat' dir='ltr'><strong>Dei</strong></span> <span class='ocrx_word' id='word_1_656' title='bbox 2473 4269 2682 4335; x_wconf 83' lang='lat' dir='ltr'><strong>habent,</strong></span> <span class='ocrx_word' id='word_1_657' title='bbox 2714 4269 2804 4323; x_wconf 87' lang='lat' dir='ltr'><strong>sed</strong></span> <span class='ocrx_word' id='word_1_658' title='bbox 2834 4286 2937 4323; x_wconf 86' lang='lat' dir='ltr'><strong>non</strong></span> <span class='ocrx_word' id='word_1_659' title='bbox 2962 4268 3244 4322; x_wconf 84' lang='lat' dir='ltr'><strong>secundum</strong></span> <span class='ocrx_word' id='word_1_660' title='bbox 3272 4268 3557 4322; x_wconf 82' lang='lat' dir='ltr'><strong>scientiam.</strong></span> <span class='ocrx_word' id='word_1_661' title='bbox 3595 4265 3700 4321; x_wconf 82' lang='lat' dir='ltr'><strong>Ha-</strong></span> 
     </span>
    </p>
   </div>
   <div class='ocr_carea' id='block_1_88' title="bbox 2116 4361 3698 4433">
    <p class='ocr_par' dir='ltr' id='par_1_88' title="bbox 2116 4361 3698 4433">
     <span class='ocr_line' id='line_1_88' title="bbox 2116 4361 3698 4433; baseline -0.005 -13"><span class='ocrx_word' id='word_1_662' title='bbox 2116 4366 2247 4421; x_wconf 89' lang='lat' dir='ltr'><strong>bent</strong></span> <span class='ocrx_word' id='word_1_663' title='bbox 2276 4366 2557 4420; x_wconf 87' lang='lat' dir='ltr'><strong>scicntiam</strong></span> <span class='ocrx_word' id='word_1_664' title='bbox 2585 4364 2864 4419; x_wconf 74' lang='lat' dir='ltr'><strong>sectanda:</strong></span> <span class='ocrx_word' id='word_1_665' title='bbox 2898 4364 3055 4433; x_wconf 89' lang='lat' dir='ltr'><strong>legis,</strong></span> <span class='ocrx_word' id='word_1_666' title='bbox 3085 4362 3181 4419; x_wconf 87' lang='lat' dir='ltr'><strong>sed</strong></span> <span class='ocrx_word' id='word_1_667' title='bbox 3230 4379 3338 4419; x_wconf 88' lang='lat' dir='ltr'><strong>non</strong></span> <span class='ocrx_word' id='word_1_668' title='bbox 3378 4361 3698 4430; x_wconf 85' lang='lat' dir='ltr'><strong>intelligunt,</strong></span> 
     </span>
    </p>
   </div>
   <div class='ocr_carea' id='block_1_89' title="bbox 416 4446 3705 4529">
    <p class='ocr_par' dir='ltr' id='par_1_89' title="bbox 416 4446 3705 4529">
     <span class='ocr_line' id='line_1_89' title="bbox 416 4446 3705 4529; baseline 0.002 -25"><span class='ocrx_word' id='word_1_669' title='bbox 416 4451 701 4507; x_wconf 88' lang='lat' dir='ltr'><strong>velocitate</strong></span> <span class='ocrx_word' id='word_1_670' title='bbox 729 4451 993 4520; x_wconf 89' lang='lat' dir='ltr'><strong>perticiet.</strong></span> <span class='ocrx_word' id='word_1_671' title='bbox 1026 4452 1083 4507; x_wconf 89' lang='lat' dir='ltr'><strong>In</strong></span> <span class='ocrx_word' id='word_1_672' title='bbox 1114 4453 1397 4523; x_wconf 87' lang='lat' dir='ltr'><strong>prapbetia</strong></span> <span class='ocrx_word' id='word_1_673' title='bbox 1426 4462 1605 4509; x_wconf 90' lang='lat' dir='ltr'><strong>autem</strong></span> <span class='ocrx_word' id='word_1_674' title='bbox 1638 4456 1862 4513; x_wconf 85' lang='lat' dir='ltr'><strong>verbum</strong></span> <span class='ocrx_word' id='word_1_675' title='bbox 1888 4459 2011 4515; x_wconf 88' lang='lat' dir='ltr'><strong>bre-</strong></span> <span class='ocrx_word' id='word_1_676' title='bbox 2042 4446 2092 4508; x_wconf 88' lang='lat' dir='ltr'><strong>D</strong></span> <span class='ocrx_word' id='word_1_677' title='bbox 2116 4460 2241 4529; x_wconf 90' lang='lat' dir='ltr'><strong>quia</strong></span> <span class='ocrx_word' id='word_1_678' title='bbox 2271 4457 2522 4513; x_wconf 51' lang='lat' dir='ltr'><strong>Christus</strong></span> <span class='ocrx_word' id='word_1_679' title='bbox 2568 4457 2868 4512; x_wconf 90' lang='lat' dir='ltr'><strong>secundum</strong></span> <span class='ocrx_word' id='word_1_680' title='bbox 2901 4458 3077 4529; x_wconf 83' lang='lat' dir='ltr'><strong>legem</strong></span> <span class='ocrx_word' id='word_1_681' title='bbox 3106 4456 3278 4512; x_wconf 87' lang='lat' dir='ltr'><strong>venit.</strong></span> <span class='ocrx_word' id='word_1_682' title='bbox 3336 4457 3401 4511; x_wconf 65' lang='lat' dir='ltr'><strong>lit</strong></span> <span class='ocrx_word' id='word_1_683' title='bbox 3437 4456 3558 4527; x_wconf 85' lang='lat' dir='ltr'><strong>quia</strong></span> <span class='ocrx_word' id='word_1_684' title='bbox 3610 4470 3705 4525; x_wconf 83' lang='lat' dir='ltr'><strong>per</strong></span> 
     </span>
    </p>
   </div>
   <div class='ocr_carea' id='block_1_90' title="bbox 416 4538 2010 4616">
    <p class='ocr_par' dir='ltr' id='par_1_90' title="bbox 416 4538 2010 4616">
     <span class='ocr_line' id='line_1_90' title="bbox 416 4538 2010 4616; baseline 0.008 -20"><span class='ocrx_word' id='word_1_685' title='bbox 416 4542 644 4609; x_wconf 85' lang='lat' dir='ltr'><strong>viatum,</strong></span> <span class='ocrx_word' id='word_1_686' title='bbox 684 4557 883 4598; x_wconf 88' lang='lat' dir='ltr'><strong>novum</strong></span> <span class='ocrx_word' id='word_1_687' title='bbox 924 4538 1337 4599; x_wconf 82' lang='lat' dir='ltr'><strong>Testamentum</strong></span> <span class='ocrx_word' id='word_1_688' title='bbox 1366 4545 1670 4615; x_wconf 89' lang='lat' dir='ltr'><strong>accipitur:</strong></span> <span class='ocrx_word' id='word_1_689' title='bbox 1704 4549 1827 4616; x_wconf 90' lang='lat' dir='ltr'><strong>quia</strong></span> <span class='ocrx_word' id='word_1_690' title='bbox 1857 4547 1913 4605; x_wconf 91' lang='lat' dir='ltr'><strong>in</strong></span> <span class='ocrx_word' id='word_1_691' title='bbox 1942 4566 2010 4607; x_wconf 89' lang='lat' dir='ltr'><strong>eo</strong></span> 
     </span>
    </p>
   </div>
   <div class='ocr_carea' id='block_1_91' title="bbox 414 4632 1753 4712">
    <p class='ocr_par' dir='ltr' id='par_1_91' title="bbox 414 4632 1753 4712">
     <span class='ocr_line' id='line_1_91' title="bbox 414 4632 1753 4712; baseline 0.004 -25"><span class='ocrx_word' id='word_1_692' title='bbox 414 4632 655 4712; x_wconf 53' lang='lat' dir='ltr'><strong>brevi‘er</strong></span> <span class='ocrx_word' id='word_1_693' title='bbox 684 4632 1078 4703; x_wconf 87' lang='lat' dir='ltr'><strong>comprehensa</strong></span> <span class='ocrx_word' id='word_1_694' title='bbox 1107 4642 1233 4689; x_wconf 87' lang='lat' dir='ltr'><strong>sunt</strong></span> <span class='ocrx_word' id='word_1_695' title='bbox 1259 4633 1439 4689; x_wconf 90' lang='lat' dir='ltr'><strong>omnia</strong></span> <span class='ocrx_word' id='word_1_696' title='bbox 1471 4645 1523 4691; x_wconf 92' lang='lat' dir='ltr'><strong>et</strong></span> <span class='ocrx_word' id='word_1_697' title='bbox 1547 4636 1753 4691; x_wconf 88' lang='lat' dir='ltr'><strong>clausa.</strong></span> 
     </span>
    </p>
   </div>
   <div class='ocr_carea' id='block_1_92' title="bbox 485 4720 2007 4800">
    <p class='ocr_par' dir='ltr' id='par_1_92' title="bbox 485 4720 2007 4800">
     <span class='ocr_line' id='line_1_92' title="bbox 485 4720 2007 4800; baseline 0.004 -21"><span class='ocrx_word' id='word_1_698' title='bbox 485 4725 555 4780; x_wconf 84' lang='lat' dir='ltr'><strong>Et</strong></span> <span class='ocrx_word' id='word_1_699' title='bbox 582 4727 713 4780; x_wconf 75' lang='lat' dir='ltr'><strong>sicut</strong></span> <span class='ocrx_word' id='word_1_700' title='bbox 743 4726 988 4795; x_wconf 73' lang='lat' dir='ltr'><strong>prtedixit</strong></span> <span class='ocrx_word' id='word_1_701' title='bbox 1017 4720 1208 4781; x_wconf 81' lang='lat' dir='ltr'><strong>Isaias.</strong></span> <span class='ocrx_word' id='word_1_702' title='bbox 1255 4725 1400 4782; x_wconf 88' lang='lat' dir='ltr'><strong>Bene</strong></span> <span class='ocrx_word' id='word_1_703' title='bbox 1422 4726 1717 4800; x_wconf 69' lang='lat' dir='ltr'><strong>prmdixit:</strong></span> <span class='ocrx_word' id='word_1_704' title='bbox 1748 4729 1877 4800; x_wconf 88' lang='lat' dir='ltr'><strong>quia</strong></span> <span class='ocrx_word' id='word_1_705' title='bbox 1915 4744 2007 4786; x_wconf 89' lang='lat' dir='ltr'><strong>su-</strong></span> 
     </span>
    </p>
   </div>
   <div class='ocr_carea' id='block_1_93' title="bbox 412 4820 1018 4889">
    <p class='ocr_par' dir='ltr' id='par_1_93' title="bbox 412 4820 1018 4889">
     <span class='ocr_line' id='line_1_93' title="bbox 412 4820 1018 4889; baseline -0.002 -16"><span class='ocrx_word' id='word_1_706' title='bbox 412 4820 594 4888; x_wconf 87' lang='lat' dir='ltr'><strong>perius</strong></span> <span class='ocrx_word' id='word_1_707' title='bbox 623 4820 884 4889; x_wconf 89' lang='lat' dir='ltr'><strong>scriptum</strong></span> <span class='ocrx_word' id='word_1_708' title='bbox 916 4827 1018 4875; x_wconf 90' lang='lat' dir='ltr'><strong>est.</strong></span> 
     </span>
    </p>
   </div>
   <div class='ocr_carea' id='block_1_94' title="bbox 487 4907 2005 4983">
    <p class='ocr_par' dir='ltr' id='par_1_94' title="bbox 487 4907 2005 4983">
     <span class='ocr_line' id='line_1_94' title="bbox 487 4907 2005 4983; baseline 0.004 -19"><span class='ocrx_word' id='word_1_709' title='bbox 487 4908 607 4964; x_wconf 85' lang='lat' dir='ltr'><strong>Nisi</strong></span> <span class='ocrx_word' id='word_1_710' title='bbox 626 4907 879 4964; x_wconf 88' lang='lat' dir='ltr'><strong>Dominus</strong></span> <span class='ocrx_word' id='word_1_711' title='bbox 913 4910 1142 4965; x_wconf 77' lang='lat' dir='ltr'><strong>Sabaoth</strong></span> <span class='ocrx_word' id='word_1_712' title='bbox 1170 4910 1459 4983; x_wconf 82' lang='lat' dir='ltr'><strong>reliquisset</strong></span> <span class='ocrx_word' id='word_1_713' title='bbox 1483 4912 1627 4966; x_wconf 83' lang='lat' dir='ltr'><strong>nobis</strong></span> <span class='ocrx_word' id='word_1_714' title='bbox 1655 4928 1849 4981; x_wconf 87' lang='lat' dir='ltr'><strong>semen,</strong></span> <span class='ocrx_word' id='word_1_715' title='bbox 1874 4915 2005 4971; x_wconf 82' lang='lat' dir='ltr'><strong>sicut</strong></span> 
     </span>
    </p>
   </div>
   <div class='ocr_carea' id='block_1_95' title="bbox 417 5000 2004 5076">
    <p class='ocr_par' dir='ltr' id='par_1_95' title="bbox 417 5000 2004 5076">
     <span class='ocr_line' id='line_1_95' title="bbox 417 5000 2004 5076; baseline 0.003 -19"><span class='ocrx_word' id='word_1_716' title='bbox 417 5000 645 5057; x_wconf 85' lang='lat' dir='ltr'><strong>Sodoma</strong></span> <span class='ocrx_word' id='word_1_717' title='bbox 675 5004 795 5071; x_wconf 86' lang='lat' dir='ltr'><strong>[acti</strong></span> <span class='ocrx_word' id='word_1_718' title='bbox 827 5019 1070 5069; x_wconf 86' lang='lat' dir='ltr'><strong>essemus,</strong></span> <span class='ocrx_word' id='word_1_719' title='bbox 1099 5011 1149 5057; x_wconf 86' lang='lat' dir='ltr'><strong>et</strong></span> <span class='ocrx_word' id='word_1_720' title='bbox 1168 5004 1306 5057; x_wconf 90' lang='lat' dir='ltr'><strong>sicut</strong></span> <span class='ocrx_word' id='word_1_721' title='bbox 1335 5001 1628 5059; x_wconf 85' lang='lat' dir='ltr'><strong>Gomorrlta</strong></span> <span class='ocrx_word' id='word_1_722' title='bbox 1648 5004 1844 5061; x_wconf 86' lang='lat' dir='ltr'><strong>similes</strong></span> <span class='ocrx_word' id='word_1_723' title='bbox 1870 5008 2004 5076; x_wconf 82' lang='lat' dir='ltr'><strong>luis-</strong></span> 
     </span>
    </p>
   </div>
   <div class='ocr_carea' id='block_1_96' title="bbox 410 5091 2001 5167">
    <p class='ocr_par' dir='ltr' id='par_1_96' title="bbox 410 5091 2001 5167">
     <span class='ocr_line' id='line_1_96' title="bbox 410 5091 2001 5167; baseline 0.003 -18"><span class='ocrx_word' id='word_1_724' title='bbox 410 5110 600 5149; x_wconf 81' lang='lat' dir='ltr'><strong>semus.</strong></span> <span class='ocrx_word' id='word_1_725' title='bbox 626 5091 759 5160; x_wconf 88' lang='lat' dir='ltr'><strong>Quia</strong></span> <span class='ocrx_word' id='word_1_726' title='bbox 789 5109 897 5150; x_wconf 93' lang='lat' dir='ltr'><strong>non</strong></span> <span class='ocrx_word' id='word_1_727' title='bbox 915 5103 1001 5150; x_wconf 90' lang='lat' dir='ltr'><strong>est</strong></span> <span class='ocrx_word' id='word_1_728' title='bbox 1030 5104 1225 5165; x_wconf 88' lang='lat' dir='ltr'><strong>passus</strong></span> <span class='ocrx_word' id='word_1_729' title='bbox 1250 5109 1452 5166; x_wconf 89' lang='lat' dir='ltr'><strong>paucos</strong></span> <span class='ocrx_word' id='word_1_730' title='bbox 1477 5095 1655 5166; x_wconf 88' lang='lat' dir='ltr'><strong>justas</strong></span> <span class='ocrx_word' id='word_1_731' title='bbox 1678 5100 1853 5167; x_wconf 88' lang='lat' dir='ltr'><strong>perire</strong></span> <span class='ocrx_word' id='word_1_732' title='bbox 1879 5112 2001 5154; x_wconf 86' lang='lat' dir='ltr'><strong>cum</strong></span> 
     </span>
    </p>
   </div>
   <div class='ocr_carea' id='block_1_97' title="bbox 410 5185 1998 5255">
    <p class='ocr_par' dir='ltr' id='par_1_97' title="bbox 410 5185 1998 5255">
     <span class='ocr_line' id='line_1_97' title="bbox 410 5185 1998 5255; baseline 0.003 -13"><span class='ocrx_word' id='word_1_733' title='bbox 410 5186 760 5242; x_wconf 86' lang='lat' dir='ltr'><strong>multitudine</strong></span> <span class='ocrx_word' id='word_1_734' title='bbox 798 5185 1086 5255; x_wconf 89' lang='lat' dir='ltr'><strong>impiorum</strong></span> <span class='ocrx_word' id='word_1_735' title='bbox 1119 5188 1171 5243; x_wconf 89' lang='lat' dir='ltr'><strong>in</strong></span> <span class='ocrx_word' id='word_1_736' title='bbox 1206 5188 1343 5255; x_wconf 88' lang='lat' dir='ltr'><strong>lide,</strong></span> <span class='ocrx_word' id='word_1_737' title='bbox 1375 5190 1474 5245; x_wconf 89' lang='lat' dir='ltr'><strong>nisi</strong></span> <span class='ocrx_word' id='word_1_738' title='bbox 1505 5204 1691 5245; x_wconf 90' lang='lat' dir='ltr'><strong>semen</strong></span> <span class='ocrx_word' id='word_1_739' title='bbox 1726 5190 1998 5247; x_wconf 85' lang='lat' dir='ltr'><strong>Abraham</strong></span> 
     </span>
    </p>
   </div>
   <div class='ocr_carea' id='block_1_98' title="bbox 410 5277 2001 5358">
    <p class='ocr_par' dir='ltr' id='par_1_98' title="bbox 410 5277 2001 5358">
     <span class='ocr_line' id='line_1_98' title="bbox 410 5277 2001 5358; baseline 0.004 -23"><span class='ocrx_word' id='word_1_740' title='bbox 410 5278 662 5337; x_wconf 84' lang='lat' dir='ltr'><strong>Chrisms</strong></span> <span class='ocrx_word' id='word_1_741' title='bbox 686 5277 872 5335; x_wconf 83' lang='lat' dir='ltr'><strong>luisset</strong></span> <span class='ocrx_word' id='word_1_742' title='bbox 902 5279 1101 5336; x_wconf 87' lang='lat' dir='ltr'><strong>missus</strong></span> <span class='ocrx_word' id='word_1_743' title='bbox 1125 5281 1191 5335; x_wconf 88' lang='lat' dir='ltr'><strong>ad</strong></span> <span class='ocrx_word' id='word_1_744' title='bbox 1224 5281 1481 5352; x_wconf 88' lang='lat' dir='ltr'><strong>populum</strong></span> <span class='ocrx_word' id='word_1_745' title='bbox 1513 5281 1879 5355; x_wconf 89' lang='lat' dir='ltr'><strong>liberandum,</strong></span> <span class='ocrx_word' id='word_1_746' title='bbox 1909 5288 2001 5358; x_wconf 92' lang='lat' dir='ltr'><strong>qui</strong></span> 
     </span>
    </p>
   </div>
   <div class='ocr_carea' id='block_1_99' title="bbox 405 5373 723 5429">
    <p class='ocr_par' dir='ltr' id='par_1_99' title="bbox 405 5373 723 5429">
     <span class='ocr_line' id='line_1_99' title="bbox 405 5373 723 5429; baseline 0.006 -2"><span class='ocrx_word' id='word_1_747' title='bbox 405 5373 723 5429; x_wconf 89' lang='lat' dir='ltr'><strong>corruisset.</strong></span> 
     </span>
    </p>
   </div>
   <div class='ocr_carea' id='block_1_100' title="bbox 480 5467 1999 5540">
    <p class='ocr_par' dir='ltr' id='par_1_100' title="bbox 480 5467 1999 5540">
     <span class='ocr_line' id='line_1_100' title="bbox 480 5467 1999 5540; baseline 0.008 -20"><span class='ocrx_word' id='word_1_748' title='bbox 480 5467 619 5532; x_wconf 81' lang='lat' dir='ltr'><strong>Quid</strong></span> <span class='ocrx_word' id='word_1_749' title='bbox 642 5484 763 5538; x_wconf 83' lang='lat' dir='ltr'><strong>ergo</strong></span> <span class='ocrx_word' id='word_1_750' title='bbox 792 5468 1042 5534; x_wconf 84' lang='lat' dir='ltr'><strong>dicemus,</strong></span> <span class='ocrx_word' id='word_1_751' title='bbox 1072 5469 1213 5540; x_wconf 87' lang='lat' dir='ltr'><strong>quod</strong></span> <span class='ocrx_word' id='word_1_752' title='bbox 1240 5481 1432 5540; x_wconf 86' lang='lat' dir='ltr'><strong>gentes,</strong></span> <span class='ocrx_word' id='word_1_753' title='bbox 1466 5488 1583 5540; x_wconf 81' lang='lat' dir='ltr'><strong>qua:</strong></span> <span class='ocrx_word' id='word_1_754' title='bbox 1608 5490 1710 5529; x_wconf 84' lang='lat' dir='ltr'><strong>non</strong></span> <span class='ocrx_word' id='word_1_755' title='bbox 1734 5475 1999 5531; x_wconf 73' lang='lat' dir='ltr'><strong>sectaban-</strong></span> 
     </span>
    </p>
   </div>
   <div class='ocr_carea' id='block_1_101' title="bbox 406 5561 1993 5637">
    <p class='ocr_par' dir='ltr' id='par_1_101' title="bbox 406 5561 1993 5637">
     <span class='ocr_line' id='line_1_101' title="bbox 406 5561 1993 5637; baseline 0.009 -27"><span class='ocrx_word' id='word_1_756' title='bbox 406 5568 488 5613; x_wconf 89' lang='lat' dir='ltr'><strong>tur</strong></span> <span class='ocrx_word' id='word_1_757' title='bbox 512 5561 788 5629; x_wconf 84' lang='lat' dir='ltr'><strong>justitiam,</strong></span> <span class='ocrx_word' id='word_1_758' title='bbox 817 5562 1267 5628; x_wconf 86' lang='lat' dir='ltr'><strong>apprehenderunt</strong></span> <span class='ocrx_word' id='word_1_759' title='bbox 1286 5566 1569 5636; x_wconf 82' lang='lat' dir='ltr'><strong>justitiam.</strong></span> <span class='ocrx_word' id='word_1_760' title='bbox 1616 5565 1671 5623; x_wconf 88' lang='lat' dir='ltr'><strong>Si</strong></span> <span class='ocrx_word' id='word_1_761' title='bbox 1706 5571 1993 5637; x_wconf 84' lang='lat' dir='ltr'><strong>superiora</strong></span> 
     </span>
    </p>
   </div>
   <div class='ocr_carea' id='block_1_102' title="bbox 401 5651 1994 5738">
    <p class='ocr_par' dir='ltr' id='par_1_102' title="bbox 401 5651 1994 5738">
     <span class='ocr_line' id='line_1_102' title="bbox 401 5651 1994 5738; baseline 0.01 -35"><span class='ocrx_word' id='word_1_762' title='bbox 401 5661 472 5703; x_wconf 78' lang='lat' dir='ltr'><strong>ex</strong></span> <span class='ocrx_word' id='word_1_763' title='bbox 521 5662 749 5719; x_wconf 84' lang='lat' dir='ltr'><strong>persona</strong></span> <span class='ocrx_word' id='word_1_764' title='bbox 791 5651 1044 5723; x_wconf 79' lang='lat' dir='ltr'><strong>Apostoli</strong></span> <span class='ocrx_word' id='word_1_765' title='bbox 1080 5652 1352 5724; x_wconf 90' lang='lat' dir='ltr'><strong>dicuntur,</strong></span> <span class='ocrx_word' id='word_1_766' title='bbox 1394 5654 1483 5713; x_wconf 84' lang='lat' dir='ltr'><strong>hic</strong></span> <span class='ocrx_word' id='word_1_767' title='bbox 1507 5657 1611 5715; x_wconf 90' lang='lat' dir='ltr'><strong>sibi</strong></span> <span class='ocrx_word' id='word_1_768' title='bbox 1641 5658 1839 5716; x_wconf 84' lang='lat' dir='ltr'><strong>iterum</strong></span> <span class='ocrx_word' id='word_1_769' title='bbox 1867 5676 1994 5738; x_wconf 88' lang='lat' dir='ltr'><strong>pro-</strong></span> 
     </span>
    </p>
   </div>
   <div class='ocr_carea' id='block_1_103' title="bbox 2114 4550 3701 4622">
    <p class='ocr_par' dir='ltr' id='par_1_103' title="bbox 2114 4550 3701 4622">
     <span class='ocr_line' id='line_1_103' title="bbox 2114 4550 3701 4622; baseline -0.002 -16"><span class='ocrx_word' id='word_1_770' title='bbox 2114 4552 2287 4621; x_wconf 83' lang='lat' dir='ltr'><strong>legem</strong></span> <span class='ocrx_word' id='word_1_771' title='bbox 2313 4550 2601 4619; x_wconf 88' lang='lat' dir='ltr'><strong>justillcari</strong></span> <span class='ocrx_word' id='word_1_772' title='bbox 2631 4566 2735 4605; x_wconf 90' lang='lat' dir='ltr'><strong>non</strong></span> <span class='ocrx_word' id='word_1_773' title='bbox 2784 4560 3011 4622; x_wconf 90' lang='lat' dir='ltr'><strong>possunt</strong></span> <span class='ocrx_word' id='word_1_774' title='bbox 3040 4570 3053 4605; x_wconf 87' lang='lat'><strong>:</strong></span> <span class='ocrx_word' id='word_1_775' title='bbox 3087 4552 3461 4620; x_wconf 89' lang='lat' dir='ltr'><strong>periclitantur</strong></span> <span class='ocrx_word' id='word_1_776' title='bbox 3492 4565 3701 4615; x_wconf 84' lang='lat' dir='ltr'><strong>revera,</strong></span> 
     </span>
    </p>
   </div>
   <div class='ocr_carea' id='block_1_104' title="bbox 2112 4641 3701 4716">
    <p class='ocr_par' dir='ltr' id='par_1_104' title="bbox 2112 4641 3701 4716">
     <span class='ocr_line' id='line_1_104' title="bbox 2112 4641 3701 4716; baseline 0.001 -20"><span class='ocrx_word' id='word_1_777' title='bbox 2112 4642 2159 4696; x_wconf 90' lang='lat' dir='ltr'><strong>si</strong></span> <span class='ocrx_word' id='word_1_778' title='bbox 2180 4643 2299 4698; x_wconf 89' lang='lat' dir='ltr'><strong>sine</strong></span> <span class='ocrx_word' id='word_1_779' title='bbox 2324 4641 2550 4697; x_wconf 82' lang='lat' dir='ltr'><strong>scientia</strong></span> <span class='ocrx_word' id='word_1_780' title='bbox 2586 4642 2697 4712; x_wconf 88' lang='lat' dir='ltr'><strong>llat,</strong></span> <span class='ocrx_word' id='word_1_781' title='bbox 2727 4643 2852 4713; x_wconf 89' lang='lat' dir='ltr'><strong>quia</strong></span> <span class='ocrx_word' id='word_1_782' title='bbox 2884 4657 3029 4713; x_wconf 60' lang='lat' dir='ltr'><strong>saepe</strong></span> <span class='ocrx_word' id='word_1_783' title='bbox 3054 4642 3296 4699; x_wconf 87' lang='lat' dir='ltr'><strong>vertitur</strong></span> <span class='ocrx_word' id='word_1_784' title='bbox 3329 4643 3381 4698; x_wconf 93' lang='lat' dir='ltr'><strong>in</strong></span> <span class='ocrx_word' id='word_1_785' title='bbox 3410 4644 3701 4716; x_wconf 75' lang='lat' dir='ltr'><strong>contraria.</strong></span> 
     </span>
    </p>
   </div>
   <div class='ocr_carea' id='block_1_105' title="bbox 2184 4733 3706 4808">
    <p class='ocr_par' dir='ltr' id='par_1_105' title="bbox 2184 4733 3706 4808">
     <span class='ocr_line' id='line_1_105' title="bbox 2184 4733 3706 4808; baseline 0 -20"><span class='ocrx_word' id='word_1_786' title='bbox 2184 4733 2504 4807; x_wconf 85' lang='lat' dir='ltr'><strong>Ignorantes</strong></span> <span class='ocrx_word' id='word_1_787' title='bbox 2538 4736 2671 4789; x_wconf 89' lang='lat' dir='ltr'><strong>enim</strong></span> <span class='ocrx_word' id='word_1_788' title='bbox 2699 4735 2966 4808; x_wconf 84' lang='lat' dir='ltr'><strong>justitiam</strong></span> <span class='ocrx_word' id='word_1_789' title='bbox 3001 4735 3131 4801; x_wconf 89' lang='lat' dir='ltr'><strong>Dei,</strong></span> <span class='ocrx_word' id='word_1_790' title='bbox 3161 4744 3211 4789; x_wconf 88' lang='lat' dir='ltr'><strong>et</strong></span> <span class='ocrx_word' id='word_1_791' title='bbox 3239 4748 3387 4789; x_wconf 81' lang='lat' dir='ltr'><strong>suam</strong></span> <span class='ocrx_word' id='word_1_792' title='bbox 3424 4745 3706 4805; x_wconf 71' lang='lat' dir='ltr'><strong>quierentes</strong></span> 
     </span>
    </p>
   </div>
   <div class='ocr_carea' id='block_1_106' title="bbox 2109 4827 3705 4902">
    <p class='ocr_par' dir='ltr' id='par_1_106' title="bbox 2109 4827 3705 4902">
     <span class='ocr_line' id='line_1_106' title="bbox 2109 4827 3705 4902; baseline 0 -19"><span class='ocrx_word' id='word_1_793' title='bbox 2109 4837 2333 4884; x_wconf 64' lang='lat' dir='ltr'><strong>statuere</strong></span> <span class='ocrx_word' id='word_1_794' title='bbox 2372 4844 2391 4883; x_wconf 92' lang='lat'><strong><em>:</em></strong></span> <span class='ocrx_word' id='word_1_795' title='bbox 2415 4829 2643 4902; x_wconf 72' lang='lat' dir='ltr'><strong>justitia:</strong></span> <span class='ocrx_word' id='word_1_796' title='bbox 2679 4829 2771 4885; x_wconf 88' lang='lat' dir='ltr'><strong>Dei</strong></span> <span class='ocrx_word' id='word_1_797' title='bbox 2808 4845 2913 4883; x_wconf 87' lang='lat' dir='ltr'><strong>non</strong></span> <span class='ocrx_word' id='word_1_798' title='bbox 2955 4837 3075 4883; x_wconf 82' lang='lat' dir='ltr'><strong>sunt</strong></span> <span class='ocrx_word' id='word_1_799' title='bbox 3118 4829 3355 4901; x_wconf 85' lang='lat' dir='ltr'><strong>subjecti.</strong></span> <span class='ocrx_word' id='word_1_800' title='bbox 3390 4827 3705 4896; x_wconf 83' lang='lat' dir='ltr'><strong>Ignorantes</strong></span> 
     </span>
    </p>
   </div>
   <div class='ocr_carea' id='block_1_107' title="bbox 2114 4921 3702 4994">
    <p class='ocr_par' dir='ltr' id='par_1_107' title="bbox 2114 4921 3702 4994">
     <span class='ocr_line' id='line_1_107' title="bbox 2114 4921 3702 4994; baseline -0.001 -17"><span class='ocrx_word' id='word_1_801' title='bbox 2114 4923 2260 4993; x_wconf 83' lang='lat' dir='ltr'><strong>quod</strong></span> <span class='ocrx_word' id='word_1_802' title='bbox 2290 4923 2431 4979; x_wconf 91' lang='lat' dir='ltr'><strong>Deus</strong></span> <span class='ocrx_word' id='word_1_803' title='bbox 2462 4938 2527 4978; x_wconf 80' lang='lat' dir='ltr'><strong>ex</strong></span> <span class='ocrx_word' id='word_1_804' title='bbox 2555 4923 2672 4978; x_wconf 80' lang='lat' dir='ltr'><strong>sola</strong></span> <span class='ocrx_word' id='word_1_805' title='bbox 2701 4923 2804 4977; x_wconf 88' lang='lat' dir='ltr'><strong>lldc</strong></span> <span class='ocrx_word' id='word_1_806' title='bbox 2828 4922 3094 4991; x_wconf 88' lang='lat' dir='ltr'><strong>justillcat</strong></span> <span class='ocrx_word' id='word_1_807' title='bbox 3120 4939 3135 4978; x_wconf 75' lang='grc' dir='ltr'><em>ε</em></span> <span class='ocrx_word' id='word_1_808' title='bbox 3167 4933 3217 4978; x_wconf 91' lang='lat' dir='ltr'><strong>et</strong></span> <span class='ocrx_word' id='word_1_809' title='bbox 3240 4922 3412 4994; x_wconf 88' lang='lat' dir='ltr'><strong>justas</strong></span> <span class='ocrx_word' id='word_1_810' title='bbox 3437 4937 3497 4976; x_wconf 89' lang='lat' dir='ltr'><strong>se</strong></span> <span class='ocrx_word' id='word_1_811' title='bbox 3526 4936 3591 4976; x_wconf 78' lang='lat' dir='ltr'><strong>ex</strong></span> <span class='ocrx_word' id='word_1_812' title='bbox 3621 4921 3702 4975; x_wconf 89' lang='lat' dir='ltr'><strong>le-</strong></span> 
     </span>
    </p>
   </div>
   <div class='ocr_carea' id='block_1_108' title="bbox 2110 5012 3698 5084">
    <p class='ocr_par' dir='ltr' id='par_1_108' title="bbox 2110 5012 3698 5084">
     <span class='ocr_line' id='line_1_108' title="bbox 2110 5012 3698 5084; baseline -0.001 -17"><span class='ocrx_word' id='word_1_813' title='bbox 2110 5015 2193 5084; x_wconf 87' lang='lat' dir='ltr'><strong>gis</strong></span> <span class='ocrx_word' id='word_1_814' title='bbox 2217 5014 2494 5084; x_wconf 90' lang='lat' dir='ltr'><strong>operibus,</strong></span> <span class='ocrx_word' id='word_1_815' title='bbox 2518 5028 2676 5084; x_wconf 89' lang='lat' dir='ltr'><strong>quam</strong></span> <span class='ocrx_word' id='word_1_816' title='bbox 2701 5028 2806 5069; x_wconf 93' lang='lat' dir='ltr'><strong>non</strong></span> <span class='ocrx_word' id='word_1_817' title='bbox 2836 5012 3232 5078; x_wconf 86' lang='lat' dir='ltr'><strong>custodierunt,</strong></span> <span class='ocrx_word' id='word_1_818' title='bbox 3260 5026 3378 5067; x_wconf 85' lang='lat' dir='ltr'><strong>esse</strong></span> <span class='ocrx_word' id='word_1_819' title='bbox 3409 5022 3659 5081; x_wconf 85' lang='lat' dir='ltr'><strong>putantes</strong></span> <span class='ocrx_word' id='word_1_820' title='bbox 3685 5029 3698 5065; x_wconf 91' lang='lat'><strong>:</strong></span> 
     </span>
    </p>
   </div>
   <div class='ocr_carea' id='block_1_109' title="bbox 2112 5106 3703 5177">
    <p class='ocr_par' dir='ltr' id='par_1_109' title="bbox 2112 5106 3703 5177">
     <span class='ocr_line' id='line_1_109' title="bbox 2112 5106 3703 5177; baseline -0.001 -15"><span class='ocrx_word' id='word_1_821' title='bbox 2112 5107 2403 5162; x_wconf 75' lang='lat' dir='ltr'><strong>noluerunt</strong></span> <span class='ocrx_word' id='word_1_822' title='bbox 2442 5120 2503 5162; x_wconf 87' lang='lat' dir='ltr'><strong>se</strong></span> <span class='ocrx_word' id='word_1_823' title='bbox 2549 5106 2857 5162; x_wconf 88' lang='lat' dir='ltr'><strong>remissioni</strong></span> <span class='ocrx_word' id='word_1_824' title='bbox 2887 5106 3159 5176; x_wconf 87' lang='lat' dir='ltr'><strong>subjicere</strong></span> <span class='ocrx_word' id='word_1_825' title='bbox 3205 5112 3543 5177; x_wconf 87' lang='lat' dir='ltr'><strong>peccatorum</strong></span> <span class='ocrx_word' id='word_1_826' title='bbox 3571 5148 3585 5174; x_wconf 92' lang='lat'><strong>,</strong></span> <span class='ocrx_word' id='word_1_827' title='bbox 3633 5118 3703 5160; x_wconf 84' lang='lat' dir='ltr'><strong>ne</strong></span> 
     </span>
    </p>
   </div>
   <div class='ocr_carea' id='block_1_110' title="bbox 2113 5198 3699 5268">
    <p class='ocr_par' dir='ltr' id='par_1_110' title="bbox 2113 5198 3699 5268">
     <span class='ocr_line' id='line_1_110' title="bbox 2113 5198 3699 5268; baseline -0.003 -15"><span class='ocrx_word' id='word_1_828' title='bbox 2113 5208 2427 5267; x_wconf 85' lang='lat' dir='ltr'><strong>peccatores</strong></span> <span class='ocrx_word' id='word_1_829' title='bbox 2475 5198 2642 5254; x_wconf 79' lang='lat' dir='ltr'><strong>fuisse</strong></span> <span class='ocrx_word' id='word_1_830' title='bbox 2691 5198 3025 5264; x_wconf 87' lang='lat' dir='ltr'><strong>viderentur,</strong></span> <span class='ocrx_word' id='word_1_831' title='bbox 3078 5198 3218 5253; x_wconf 86' lang='lat' dir='ltr'><strong>sicut</strong></span> <span class='ocrx_word' id='word_1_832' title='bbox 3267 5198 3527 5268; x_wconf 89' lang='lat' dir='ltr'><strong>scriptum</strong></span> <span class='ocrx_word' id='word_1_833' title='bbox 3576 5206 3699 5251; x_wconf 89' lang='lat' dir='ltr'><strong>est:</strong></span> 
     </span>
    </p>
   </div>
   <div class='ocr_carea' id='block_1_111' title="bbox 2109 5288 3701 5361">
    <p class='ocr_par' dir='ltr' id='par_1_111' title="bbox 2109 5288 3701 5361">
     <span class='ocr_line' id='line_1_111' title="bbox 2109 5288 3701 5361; baseline -0.003 -15"><span class='ocrx_word' id='word_1_834' title='bbox 2109 5288 2372 5347; x_wconf 74' lang='lat' dir='ltr'><strong>Phariszei</strong></span> <span class='ocrx_word' id='word_1_835' title='bbox 2403 5301 2580 5347; x_wconf 90' lang='lat' dir='ltr'><strong>autem</strong></span> <span class='ocrx_word' id='word_1_836' title='bbox 2619 5298 2939 5361; x_wconf 73' lang='lat' dir='ltr'><strong>spernentes</strong></span> <span class='ocrx_word' id='word_1_837' title='bbox 2968 5291 3255 5345; x_wconf 87' lang='lat' dir='ltr'><strong>consilium</strong></span> <span class='ocrx_word' id='word_1_838' title='bbox 3290 5291 3381 5345; x_wconf 84' lang='lat' dir='ltr'><strong>Dei</strong></span> <span class='ocrx_word' id='word_1_839' title='bbox 3414 5291 3467 5345; x_wconf 91' lang='lat' dir='ltr'><strong>in</strong></span> <span class='ocrx_word' id='word_1_840' title='bbox 3500 5302 3701 5347; x_wconf 75' lang='lat' dir='ltr'><strong>semer-</strong></span> 
     </span>
    </p>
   </div>
   <div class='ocr_carea' id='block_1_112' title="bbox 2102 5378 3699 5453">
    <p class='ocr_par' dir='ltr' id='par_1_112' title="bbox 2102 5378 3699 5453">
     <span class='ocr_line' id='line_1_112' title="bbox 2102 5378 3699 5453; baseline 0 -15"><span class='ocrx_word' id='word_1_841' title='bbox 2102 5378 2254 5453; x_wconf 89' lang='lat' dir='ltr'><strong>ipsis,</strong></span> <span class='ocrx_word' id='word_1_842' title='bbox 2303 5383 2591 5438; x_wconf 89' lang='lat' dir='ltr'><strong>noluerunt</strong></span> <span class='ocrx_word' id='word_1_843' title='bbox 2638 5382 2903 5453; x_wconf 86' lang='lat' dir='ltr'><strong>baptizari</strong></span> <span class='ocrx_word' id='word_1_844' title='bbox 2954 5383 3224 5453; x_wconf 88' lang='lat' dir='ltr'><strong>baptismo</strong></span> <span class='ocrx_word' id='word_1_845' title='bbox 3263 5382 3515 5438; x_wconf 81' lang='lat' dir='ltr'><strong>Joannis.</strong></span> <span class='ocrx_word' id='word_1_846' title='bbox 3571 5384 3699 5438; x_wconf 87' lang='lat' dir='ltr'><strong>item</strong></span> 
     </span>
    </p>
   </div>
   <div class='ocr_carea' id='block_1_113' title="bbox 2101 5472 3703 5545">
    <p class='ocr_par' dir='ltr' id='par_1_113' title="bbox 2101 5472 3703 5545">
     <span class='ocr_line' id='line_1_113' title="bbox 2101 5472 3703 5545; baseline 0.001 -19"><span class='ocrx_word' id='word_1_847' title='bbox 2101 5475 2228 5545; x_wconf 87' lang='lat' dir='ltr'><strong>quia</strong></span> <span class='ocrx_word' id='word_1_848' title='bbox 2276 5472 2537 5527; x_wconf 75' lang='lat' dir='ltr'><strong>sacriﬁcia</strong></span> <span class='ocrx_word' id='word_1_849' title='bbox 2572 5474 2729 5543; x_wconf 86' lang='lat' dir='ltr'><strong>legis,</strong></span> <span class='ocrx_word' id='word_1_850' title='bbox 2775 5483 2830 5529; x_wconf 90' lang='lat' dir='ltr'><strong>et</strong></span> <span class='ocrx_word' id='word_1_851' title='bbox 2877 5486 3098 5538; x_wconf 81' lang='lat' dir='ltr'><strong>caetera,</strong></span> <span class='ocrx_word' id='word_1_852' title='bbox 3139 5489 3259 5542; x_wconf 66' lang='lat' dir='ltr'><strong>quin</strong></span> <span class='ocrx_word' id='word_1_853' title='bbox 3308 5474 3500 5527; x_wconf 89' lang='lat' dir='ltr'><strong>umbra</strong></span> <span class='ocrx_word' id='word_1_854' title='bbox 3548 5487 3703 5530; x_wconf 87' lang='lat' dir='ltr'><strong>erant</strong></span> 
     </span>
    </p>
   </div>
   <div class='ocr_carea' id='block_1_114' title="bbox 2100 5563 3702 5639">
    <p class='ocr_par' dir='ltr' id='par_1_114' title="bbox 2100 5563 3702 5639">
     <span class='ocr_line' id='line_1_114' title="bbox 2100 5563 3702 5639; baseline 0.001 -18"><span class='ocrx_word' id='word_1_855' title='bbox 2100 5567 2345 5621; x_wconf 88' lang='lat' dir='ltr'><strong>veritatis</strong></span> <span class='ocrx_word' id='word_1_856' title='bbox 2370 5606 2385 5629; x_wconf 88' lang='lat'><strong>,</strong></span> <span class='ocrx_word' id='word_1_857' title='bbox 2419 5580 2537 5631; x_wconf 69' lang='lat' dir='ltr'><strong>qua:</strong></span> <span class='ocrx_word' id='word_1_858' title='bbox 2566 5580 2664 5633; x_wconf 87' lang='lat' dir='ltr'><strong>per</strong></span> <span class='ocrx_word' id='word_1_859' title='bbox 2693 5565 2964 5622; x_wconf 89' lang='lat' dir='ltr'><strong>Christum</strong></span> <span class='ocrx_word' id='word_1_860' title='bbox 2996 5564 3180 5638; x_wconf 83' lang='lat' dir='ltr'><strong>perlici</strong></span> <span class='ocrx_word' id='word_1_861' title='bbox 3222 5563 3531 5631; x_wconf 85' lang='lat' dir='ltr'><strong>habebant,</strong></span> <span class='ocrx_word' id='word_1_862' title='bbox 3564 5584 3702 5639; x_wconf 70' lang='lat' dir='ltr'><strong>prm-</strong></span> 
     </span>
    </p>
   </div>
   <div class='ocr_carea' id='block_1_115' title="bbox 2101 5655 3696 5719">
    <p class='ocr_par' dir='ltr' id='par_1_115' title="bbox 2101 5655 3696 5719">
     <span class='ocr_line' id='line_1_115' title="bbox 2101 5655 3696 5719; baseline 0.002 -3"><span class='ocrx_word' id='word_1_863' title='bbox 2101 5659 2279 5717; x_wconf 87' lang='lat' dir='ltr'><strong>seutia</strong></span> <span class='ocrx_word' id='word_1_864' title='bbox 2304 5656 2503 5717; x_wconf 86' lang='lat' dir='ltr'><strong>Christi</strong></span> <span class='ocrx_word' id='word_1_865' title='bbox 2535 5670 2893 5719; x_wconf 85' lang='lat' dir='ltr'><strong>cessaverunt</strong></span> <span class='ocrx_word' id='word_1_866' title='bbox 2935 5678 2948 5717; x_wconf 90' lang='lat'><strong>:</strong></span> <span class='ocrx_word' id='word_1_867' title='bbox 2982 5659 3069 5717; x_wconf 92' lang='lat' dir='ltr'><strong>cui</strong></span> <span class='ocrx_word' id='word_1_868' title='bbox 3096 5655 3323 5715; x_wconf 82' lang='lat' dir='ltr'><strong>credere</strong></span> <span class='ocrx_word' id='word_1_869' title='bbox 3353 5658 3653 5719; x_wconf 88' lang='lat' dir='ltr'><strong>noluerunt</strong></span> <span class='ocrx_word' id='word_1_870' title='bbox 3680 5679 3696 5719; x_wconf 83' lang='lat'><strong>:</strong></span> 
     </span>
    </p>
   </div>
   <div class='ocr_carea' id='block_1_116' title="bbox 3613 190 3728 249">
    <p class='ocr_par' dir='ltr' id='par_1_116' title="bbox 3613 190 3728 249">
     <span class='ocr_line' id='line_1_116' title="bbox 3613 190 3728 249; baseline 0.017 -2"><span class='ocrx_word' id='word_1_871' title='bbox 3613 190 3728 249; x_wconf 72' lang='lat'><strong>692</strong></span> 
     </span>
    </p>
   </div>
  </div>
