4030 6202
274 235 384 292 603

976 230 1517 292 COMMENTARIUS
1556 234 1620 291 IN
1662 234 2053 298 EPISTOLAM
2090 234 2186 292 AD
2224 233 2574 293 ROMANOS.
2614 234 2768 292 CAP.
2809 236 2878 292 Χ.

3464 241 3571 299 694

275 352 421 407 Bene
450 351 580 407 dicit
608 350 932 423 Apostolus,
958 349 1225 421 justitiam
1252 364 1433 416 suam,
1463 350 1588 422 quia
1619 350 1735 421 jam
1764 365 1870 406 non
1897 350 1951 415 A
1975 346 2233 401 Dominus
2266 350 2535 402 omnium:
2561 349 2702 404 dives
2724 351 2776 404 in
2802 365 2995 415 omnes,
3020 353 3106 423 qui
3130 353 3368 409 invocant
3396 355 3570 413 illum.

276 444 374 500 Dei
402 455 509 513 est,
534 444 632 502 sed
663 447 928 516 ipsorum.

354 536 504 591 Finis
551 540 687 591 enim
725 538 855 608 legis
895 536 1152 603 Christus,
1184 536 1253 590 ad
1273 538 1539 609 justitiam
1577 538 1718 592 omni
1765 554 1873 592 cre-

278 628 441 683 denti.
475 629 618 685 Talis
646 640 731 685 est
758 631 867 695 ille,
911 631 1000 701 qui
1032 628 1311 684 Christum
1349 629 1602 696 credidit,
1644 629 1734 685 die
1769 645 1871 699 qua

280 721 536 788 credidit,
570 721 746 797 qualis
794 722 907 788 ille,
943 723 1033 790 qui
1065 722 1372 778 universam
1402 723 1575 793 legem
1608 723 1872 792 implevit.

352 812 559 885 Moyses
588 814 722 870 enim
761 816 1006 886 scripsit:
1048 816 1295 880 quoniam
1329 816 1591 886 justitiam
1615 860 1630 883 ,
1670 831 1786 886 (μίας
1814 831 1877 869 ea:

280 906 393 976 lege
422 915 517 959 est.
547 904 764 976 Moyses
791 906 1043 961 diStinsit
1070 908 1123 959 in
1151 906 1394 962 Levitico
1426 908 1565 961 inter
1594 918 1877 975 utramque

277 994 570 1067 justitiam,
602 995 726 1051 ﬁdei
756 997 986 1063 sciltcet,
1020 1006 1181 1068 atque
1204 999 1489 1063 factorum,
1522 998 1665 1067 quod
1704 999 1876 1053 altera

284 1088 570 1159 operibus,
604 1089 772 1144 altera
800 1090 913 1145 sola
942 1089 1067 1144 ﬁdei
1088 1089 1408 1145 credulitate
1434 1088 1729 1142 accedente
1760 1087 1870 1147 ﬁat.

281 1182 415 1236 Item
464 1180 758 1253 ApoStolus
788 1181 1076 1237 ostendere
1110 1182 1297 1236 volens
1326 1180 1687 1234 differentiam
1713 1180 1877 1248 justi-

282 1273 371 1328 titn
400 1274 556 1345 legis,
589 1290 653 1329 ac
694 1273 836 1340 ﬁdei,
892 1282 1083 1329 testem
1134 1280 1293 1326 vocat
1336 1271 1581 1343 Moysen.
1614 1270 1751 1326 Item
1779 1272 1876 1331 da-

280 1376 498 1422 centcm
525 1368 593 1422 de
611 1368 817 1436 justitia
852 1366 985 1438 legis
1017 1385 1029 1420 :
1061 1365 1165 1435 Qui
1200 1365 1387 1420 fecerit
1428 1368 1616 1431 homo,
1645 1365 1795 1429 vivet
1822 1366 1872 1419 in

280 1472 368 1513 ea.
416 1457 493 1512 De
536 1457 740 1527 justitia
798 1467 983 1513 autem
1027 1456 1153 1511 ﬁdei
1200 1473 1212 1510 :
1261 1455 1339 1511 Ne
1387 1454 1560 1522 dicas,
1596 1456 1784 1525 inquit,
1820 1456 1874 1511 in

281 1550 446 1608 corde
473 1559 563 1607 tuo
589 1566 605 1608 :
629 1550 760 1621 Quis
790 1550 1051 1607 ascendet
1072 1550 1127 1607 in
1158 1550 1355 1607 ctelum
1384 1566 1397 1603 :
1425 1550 1527 1606 hoc
1554 1559 1660 1615 est,
1693 1564 1759 1605 ne
1778 1548 1875 1604 du-

280 1642 416 1699 bites
444 1642 673 1699 credere
698 1642 974 1704 mandato.
1006 1641 1147 1713 quod
1182 1640 1422 1698 futurum
1445 1649 1531 1697 est
1554 1641 1874 1696 annuntiare

1977 440 2131 497 Unus
2160 442 2422 499 Dominus
2448 442 2712 506 omnium,
2737 453 2792 497 et
2812 442 3094 498 abundans
3117 447 3488 503 misericordia
3517 458 3573 504 et

1975 535 2149 591 salute
2180 534 2337 590 habet
2370 536 2514 591 unde
2545 536 2787 607 largitur.

2053 626 2233 684 Omnis
2257 630 2393 683 enim
2422 631 2733 702 quicumque
2761 631 3076 686 invocaverit
3114 648 3299 687 nomen
3341 635 3574 702 Domini,

1978 720 2152 775 salvus
2196 723 2315 776 erit.
2364 722 2633 787 Quomodo
2664 739 2785 795 ergo
2812 723 3149 793 invocabant,
3192 726 3245 777 in
3283 743 3432 793 quem
3473 745 3575 782 non

1979 814 2345 868 crediderunt?
2397 815 2454 868 In
2485 816 2658 871 Joele.
2690 817 2765 873 De
2793 817 3045 886 gentibus
3089 817 3327 887 objectio
3365 819 3577 874 Iuda-o-

1979 920 2124 969 rum,
2154 906 2297 974 quod
2331 906 2498 961 Deum
2534 908 2796 964 invocare
2825 923 2932 963 non
2964 918 3213 979 possunt.

2050 997 2153 1051 Aut
2185 1000 2442 1068 quomodo
2468 1000 2676 1055 credent
2701 1002 2769 1068 ei,
2793 1018 2944 1071 quem
2970 1018 3068 1055 non
3091 1002 3412 1057 audierunt?
3440 1001 3579 1069 Quo-

1978 1090 2131 1142 modo
2158 1100 2330 1145 autem
2369 1092 2585 1148 audient
2614 1094 2726 1148 sine
2756 1094 3114 1165 praedicante?
3147 1094 3419 1161 Quomodo
3460 1111 3577 1148 vero

1980 1182 2353 1249 prcedicabunt,
2385 1185 2487 1237 nisi
2523 1187 2819 1241 mittantur.
2865 1188 3003 1257 Quia
3034 1204 3328 1261 numquam
3358 1188 3427 1243 ad
3455 1188 3577 1244 illos

1977 1272 2255 1342 prOpbetre
2280 1282 2407 1330 sunt
2439 1276 2613 1332 missi.

2051 1365 2201 1422 Sicut
2228 1368 2483 1440 scriptum
2503 1378 2577 1424 est
2612 1384 2631 1423 :
2663 1369 2835 1437 Quam
2873 1373 3095 1444 speciosi
3122 1375 3278 1445 pedes
3318 1374 3576 1445 evangeli-

1976 1461 2210 1515 zantium
2242 1477 2438 1531 pacem,
2468 1462 2934 1533 euangelizantium
2964 1468 3133 1523 bona!
3159 1468 3390 1525 Istorum
3415 1468 3579 1537 pcdt-s

1976 1552 2194 1624 pulchri
2230 1561 2376 1618 sunt,
2410 1555 2501 1627 qui
2532 1570 2721 1626 pacem
2751 1558 3074 1614 annuntiant
3109 1560 3364 1615 :illorum
3393 1568 3573 1614 autem

1977 1644 2068 1715 qui
2100 1646 2429 1701 annuntiant
2477 1646 2665 1704 saeculi
2715 1662 2956 1717 cursum,
2993 1660 3179 1721 turpes
3232 1657 3360 1707 sunt
3411 1659 3575 1721 atque

276 1730 576 1801 Christum,
602 1732 694 1804 qui
718 1741 982 1788 venturus
1004 1742 1087 1787 est
1111 1730 1243 1787 dare
1266 1731 1358 1786 tibi
1369 1729 1633 1800 justitiam
1656 1746 1720 1786 ex
1749 1729 1875 1787 ﬁde.
1908 1732 2279 1795 Bdet‘ormes.

355 1827 454 1895 Qui
485 1825 661 1900 fecerit
691 1824 847 1880 homo
886 1825 1014 1879 vivet
1042 1824 1095 1877 in
1124 1838 1206 1879 ea.
1248 1821 1420 1879 Nemo
1463 1821 1607 1877 enim
1653 1822 1870 1879 illorttm

272 1908 435 1983 vivit,
464 1917 589 1987 quia
621 1917 673 1971 in
703 1917 805 1972 hoc
832 1923 1075 1984 tempore
1107 1928 1268 1970 nemo
1310 1913 1533 1984 perfecit
1556 1912 1727 1983 legem
1757 1912 1873 1967 sine

276 2008 497 2063 Christo
528 2023 542 2063 :
574 2008 695 2079 quia
727 2017 779 2062 et
810 2006 912 2061 hoc
938 2006 1069 2076 legis
1091 2015 1203 2075 εει,
1235 2011 1294 2060 nt
1322 2004 1420 2076 ipsi
1444 2003 1715 2059 credatur.
1746 2002 1874 2071 Qui-

279 2098 405 2153 dam
433 2112 495 2152 ex
529 2095 631 2153 hoc
674 2097 794 2152 loco
821 2105 1009 2169 ptttant
1035 2095 1276 2161 Juda'os,
1307 2104 1631 2165 praesentem
1665 2102 1869 2149 tantum

278 2189 444 2243 vitam
487 2204 551 2244 ex
600 2189 731 2259 legis
770 2189 1025 2260 operibus
1056 2189 1343 2255 meruisse,
1378 2188 1519 2259 quod
1551 2204 1737 2242 verum
1767 2203 1872 2244 non

277 2280 420 2351 esse)
446 2280 653 2334 Domini
704 2280 869 2335 verba
913 2280 1189 2337 declarant
1222 2299 1235 2335 :
1267 2281 1388 2351 qui,
1439 2279 1508 2335 de
1556 2279 1665 2335 vita
1711 2279 1877 2334 inter-

278 2383 495 2445 rogatus
538 2385 763 2445 :eterna,
811 2375 1065 2431 mandata
1114 2376 1247 2446 legis
1286 2374 1512 2446 opponit
1554 2373 1739 2430 dicens
1771 2391 1782 2428 :
1816 2374 1873 2428 Si

277 2468 360 2522 vis
390 2469 443 2522 in
474 2467 635 2522 vitam
682 2469 891 2537 venire,
932 2483 1087 2523 sorva
1117 2468 1389 2523 mandata.
1420 2465 1574 2522 Unde
1622 2466 1876 2539 intelligi-

280 2574 419 2622 mus,
464 2560 603 2629 quod
636 2561 724 2632 qui
755 2577 854 2618 suo
904 2571 1146 2633 tempore
1192 2562 1362 2631 legem
1413 2560 1674 2628 servavit,
1709 2560 1870 2615 vitam

284 2651 474 2707 habuit
502 2659 781 2706 mternam.

322 2796 325 2797 ν
357 2741 487 2808 Quce
512 2751 685 2797 autem
714 2758 778 2796 ea:
804 2742 907 2810 [ide
933 2752 1005 2795 es:
1020 2743 1251 2812 iustitia,
1282 2743 1354 2798 sic
1380 2744 1545 2800 dicit:
1570 2745 1874 2807 Nedixeris

277 2834 334 2886 in
379 2833 536 2887 corde
582 2843 691 2887 tuo.
743 2833 834 2889 Ille
882 2835 1099 2903 quidem
1133 2835 1428 2891 secundum
1478 2837 1758 2893 historiam
1803 2839 1872 2895 de

281 2927 401 2997 lege
447 2927 551 2981 hoc
602 2926 766 2991 dixit;
819 2929 914 2983 sed
962 2930 1255 2998 Apostolus
1305 2931 1436 2986 illud
1484 2931 1555 2987 ad
1597 2932 1874 2989 Christum

280 3025 434 3087 aptat
464 3034 478 3072 :
507 3018 632 3088 quia
672 3019 759 3073 lex
803 3035 902 3074 nec
947 3020 1000 3073 in
1050 3022 1190 3076 caelo
1233 3021 1355 3088 luit,
1410 3037 1510 3079 nec
1558 3024 1611 3078 in
1652 3024 1872 3097 abysso.

280 3110 406 3163 Sive
456 3108 577 3164 ideo
625 3109 757 3165 illud
807 3126 1024 3180 semper
1068 3112 1224 3183 jubet
1269 3114 1355 3168 lex
1402 3114 1675 3187 meditari,
1704 3126 1772 3173 ut
1801 3116 1875 3172 ibi
1902 3105 1947 3167 C

281 3199 558 3256 Christum
592 3201 805 3255 valeant
834 3203 1100 3257 invenire.

358 3293 488 3360 Quis
511 3294 752 3345 ascendet
781 3296 832 3345 in
858 3293 1064 3361 etclam,
1097 3293 1152 3347 id
1173 3303 1268 3359 est,
1295 3292 1557 3351 Christum
1582 3296 1834 3353 deducere
1856 3314 1876 3355 :

281 3392 373 3439 aut
396 3384 512 3455 quis
544 3384 817 3437 descendet
846 3384 897 3437 in
932 3383 1174 3456 abyssum
1216 3400 1233 3438 .'
1281 3385 1379 3439 hoc
1415 3396 1491 3442 est
1536 3386 1801 3443 Christum
1842 3408 1876 3445 a

280 3475 506 3528 mortuis
534 3477 813 3529 revocare?
836 3476 970 3544 Quia
999 3476 1250 3532 Christus
1292 3478 1434 3533 Deus
1483 3490 1537 3535 et
1580 3480 1740 3535 homo
1767 3490 1871 3550 est,

281 3566 337 3619 in
370 3579 437 3619 eo
468 3564 612 3634 quod
668 3564 807 3619 Deus
851 3566 1108 3633 Verbum,
1157 3567 1244 3637 qui
1287 3584 1409 3623 cum
1458 3570 1511 3624 in
1558 3570 1731 3626 forma
1781 3573 1873 3627 Dei

282 3665 421 3723 erat,
448 3657 800 3728 semetipsum
819 3660 1138 3729 exinanivit,
1166 3661 1392 3718 formam
1410 3664 1552 3719 servi
1576 3665 1872 3734 accipiens,

285 3751 458 3806 factus
487 3762 570 3807 est
598 3753 782 3810 homo.
818 3757 1116 3827 Propterea
1147 3757 1281 3812 dicit
1308 3776 1320 3812 :
1354 3758 1487 3825 Quis
1515 3758 1775 3814 ascendet
1825 3760 1877 3814 in

285 3847 509 3914 coelum,
541 3850 645 3905 hoc
677 3861 761 3906 est
802 3851 1077 3908 Christum
1109 3852 1403 3910 deducere.
1435 3855 1718 3911 Deducere
1746 3856 1881 3911 dici-

286 3953 376 4000 tur
400 3946 696 4001 secundum
726 3945 956 4001 formam
991 3948 1084 4002 Dei
1112 3965 1124 4001 :
1159 3948 1424 4004 reducere
1443 3958 1622 4004 autem
1647 3965 1711 4005 ex
1739 3965 1885 4005 tuor-

288 4037 418 4101 tuis,
449 4039 745 4094 secundum
775 4038 1003 4093 formam
1033 4040 1196 4093 servi.

366 4132 474 4185 Sed
499 4132 622 4201 quid
655 4132 779 4183 dicit
810 4132 1125 4202 Scriptura?
1153 4130 1329 4200 Prope
1369 4140 1443 4186 est
1480 4132 1686 4185 verbum
1718 4134 1772 4187 in
1799 4150 1884 4188 ore

288 4231 400 4288 tuo,
426 4231 472 4275 et
502 4223 553 4275 in
583 4221 739 4275 corde
762 4232 848 4276 tuo
877 4239 894 4275 :
932 4223 1025 4275 hoc
1056 4232 1128 4275 est
1161 4222 1365 4277 verbum
1398 4222 1543 4290 ﬁdei,
1572 4226 1713 4293 quod
1746 4240 1882 4293 prae-

291 4315 547 4368 dicamus.
595 4312 650 4367 In
683 4314 1128 4368 Deuteronomio.
1179 4313 1389 4370 Novum
1435 4313 1645 4372 scilicet
1690 4314 1884 4372 Testa-

291 4416 557 4463 mentum.

2048 1829 2157 1885 Sed
2184 1846 2286 1886 non
2307 1847 2481 1887 ontnes
2510 1831 2755 1889 oludiunt
2777 1832 3087 1907 Evangelia.
3118 1836 3258 1908 Ergo
3291 1836 3339 1893 si
3366 1850 3467 1894 nec
3494 1836 3571 1893 illi

1976 1940 2171 1981 omnes
2199 1926 2584 1995 obaudierunt,
2617 1928 2683 1983 ad
2708 1944 2846 1999 quos
2876 1930 2964 1985 isti
2990 1939 3116 1986 sunt
3137 1932 3288 1987 missi
3315 1948 3330 1987 :
3371 1938 3577 2003 quanto

1978 2019 2158 2075 minus
2179 2020 2289 2087 isti,
2326 2019 2391 2074 ad
2420 2034 2556 2090 quos
2587 2035 2745 2075 nemo
2775 2030 2855 2077 est
2885 2021 3223 2077 deStinatus?

2048 2111 2221 2168 Isaias
2248 2113 2383 2167 enim
2406 2114 2531 2167 dicit
2554 2130 2573 2168 :
2599 2113 2838 2178 Domino,
2861 2114 2976 2185 quis
2999 2114 3223 2170 credidit
3250 2114 3455 2169 auditui
3484 2131 3578 2168 no-

1976 2208 2131 2259 stro?
2164 2206 2296 2271 Quis
2340 2204 2536 2273 credit,
2569 2206 2710 2275 quod
2748 2206 2988 2260 auditum
3019 2220 3050 2261 α
3082 2207 3265 2271 nobis,
3300 2206 3385 2262 vel
3434 2206 3579 2277 quod

1977 2310 2074 2351 nos
2098 2311 2125 2349 a
2155 2302 2230 2361 te,
2261 2303 2313 2349 ut
2344 2295 2465 2349 aliis
2494 2296 2957 2363 annuntiaremns,
2991 2297 3341 2352 audivimus?

2048 2383 2191 2458 Ergo
2231 2384 2361 2451 ﬁdes
2393 2402 2457 2440 ea;
2485 2386 2668 2440 auditu
2708 2403 2727 2439 :
2775 2388 2987 2442 auditus
3029 2397 3201 2443 autem
3241 2404 3330 2459 per
3374 2388 3576 2442 verbum

1976 2477 2186 2533 Christi.
2212 2478 2309 2532 Hic
2341 2480 2624 2548 responsio
2649 2481 2916 2550 Apostoli.

2048 2568 2154 2624 Sed
2177 2567 2295 2624 dico
2323 2584 2342 2622 :
2386 2568 2659 2640 Numquid
2702 2588 2803 2627 non
2860 2572 3184 2627 audierunt?
3227 2572 3296 2626 Et
3340 2571 3574 2643 quidem.

1976 2658 2155 2715 Etiam
2186 2670 2313 2714 ante
2338 2660 2463 2715 illos
2492 2661 2713 2716 audisse
2741 2663 3052 2718 conﬁrmat.

2050 2754 2117 2811 In
2161 2772 2362 2810 onmem
2388 2763 2583 2810 terram
2626 2757 2783 2811 exivit
2812 2774 2967 2812 sonus
3012 2773 3213 2824 eorum,
3262 2767 3309 2811 et
3356 2758 3409 2812 in
3452 2758 3580 2826 ﬁnes

1978 2848 2115 2903 orbis
2140 2857 2290 2902 terra:
2327 2850 2479 2903 verba
2506 2864 2707 2903 eorum.
2747 2848 2871 2904 Vult
2920 2849 3022 2903 hoe
3070 2851 3440 2907 testimonium
3485 2866 3580 2920 per

1974 2940 2314 3011 allegoriam,
2341 2942 2567 2996 vocibus
2594 2941 2822 3010 intelligi
2854 2941 3269 3011 Prophetarum.

2054 3032 2164 3089 Sed
2191 3033 2357 3087 dico:
2401 3031 2671 3102 Numquid
2716 3030 2887 3088 Israel
2926 3048 3030 3088 non
3074 3033 3349 3103 cognovit?
3377 3032 3581 3090 Gentes

1978 3137 2101 3180 esse
2134 3123 2402 3179 vocandas
2438 3123 2505 3179 ad
2538 3125 2721 3180 ﬁdem.

2050 3214 2260 3269 Primus
2302 3216 2505 3286 Moyses
2532 3217 2681 3272 dicit.
2731 3215 2859 3272 Ideo
2899 3216 3105 3285 primus
3154 3216 3405 3286 Moyses,
3452 3215 3581 3285 quia

1978 3322 2166 3364 omnes
2189 3323 2327 3379 pene
2347 3308 2636 3379 Propheta;
2662 3317 2848 3378 postea
2872 3309 2941 3363 de
2968 3306 3207 3376 gentium
3232 3306 3406 3361 salute
3428 3305 3580 3362 dixe-

1979 3414 2123 3459 ιὐιιι.

2054 3494 2170 3565 Ego
2201 3495 2268 3549 ad
2310 3492 2693 3549 temnlationem
2736 3506 2824 3545 vos
2869 3490 3129 3545 adducam
3164 3491 3216 3545 in
3248 3506 3351 3545 non
3380 3500 3579 3563 gentem

1980 3585 2327 3656 insipientem,
2352 3584 2404 3634 in
2428 3584 2562 3634 iram
2589 3596 2672 3633 vos
2706 3581 2928 3634 mittam.
2974 3581 3029 3635 In
3066 3580 3279 3635 cantico
3321 3580 3583 3635 Deutcro-

1982 3676 2170 3731 nomii.
2202 3677 2503 3742 Antequam
2532 3670 2885 3726 crediderunt
2918 3671 3106 3737 Deum,
3138 3688 3245 3726 non
3276 3680 3579 3741 erantgen-

1984 3777 2064 3821 tes
2092 3766 2213 3821 Dei.
2256 3765 2421 3831 Quasi
2452 3779 2585 3834 ergo
2629 3764 2796 3829 dicat,
2838 3779 2934 3818 eos
2980 3766 3070 3833 qui
3112 3779 3220 3817 non
3271 3772 3399 3821 sunt
3444 3778 3577 3834 gens

1950 3856 1951 3859 “
1987 3874 2128 3925 mea,
2162 3858 2365 3913 vocabo
2398 3873 2412 3914 ;
2441 3867 2497 3913 et
2523 3856 2751 3913 credent
2778 3855 2910 3911 mihi
2940 3855 3008 3911 ad
3039 3866 3277 3912 vestram
3317 3856 3581 3913 irritatio-

1987 3968 2133 4013 nem,
2174 3962 2230 4005 ut
2280 3950 2475 4019 quibus
2524 3949 2759 4017 majores
2804 3948 3069 4004 debuistis
3112 3963 3256 4015 esse,
3302 3948 3582 4018 gaudeatis

1987 4045 2186 4114 mquari
2215 4061 2226 4095 :
2255 4044 2393 4098 sicut
2418 4045 2462 4097 si
2485 4044 2605 4113 quis
2627 4041 2819 4097 habeat
2844 4042 3010 4096 lilium
3051 4040 3448 4097 inobedicntem
3471 4079 3486 4105 ,
3525 4050 3581 4096 et

1988 4138 2053 4192 ad
2103 4135 2476 4205 corrigendum
2534 4149 2654 4189 eum
2684 4132 2969 4187 dimidium
3008 4131 3316 4202 patrimonii
3360 4130 3443 4184 sui
3487 4130 3579 4186 dct

1990 4244 2150 4286 servo
2178 4245 2296 4293 suo,
2353 4238 2409 4282 ut
2440 4226 2653 4282 tandem
2686 4226 2779 4283 ille
2816 4240 3111 4282 conversus
3136 4223 3390 4296 gaudeat,
3418 4224 3501 4278 vel
3533 4223 3578 4278 si

1991 4330 2196 4374 tantum
2230 4317 2474 4386 accipere
2504 4326 2800 4373 mereatur.
2840 4317 2969 4372 Sive
3011 4332 3115 4371 non
3146 4328 3359 4371 eramus
3400 4328 3531 4384 gens
3561 4330 3575 4368 :

1991 4412 2115 4482 quia
2144 4409 2339 4464 mortui
2368 4424 2582 4465 eramus
2613 4408 2666 4463 in
2697 4409 2956 4478 peccatis.

367 4501 499 4567 Quia
529 4502 574 4554 si
600 4500 898 4567 conﬁtearis
941 4501 994 4553 in
1024 4517 1109 4553 ore
1149 4511 1235 4555 tuo
1267 4500 1546 4555 Dominum
1574 4499 1756 4555 Iesum
1789 4519 1807 4555 :
1836 4510 1884 4556 et
1911 4481 1965 4544 Ῐ)
2015 4481 2018 4482 ν
2064 4501 2229 4555 Isaias
2247 4510 2415 4555 autem
2436 4501 2606 4567 audit,
2630 4510 2678 4555 et
2699 4501 2825 4557 dicit
2846 4516 2863 4555 :
2885 4500 3131 4555 Inventus
3147 4514 3420 4552 sumanon
3440 4514 3579 4568 qua:-

294 4591 343 4645 in
370 4592 522 4647 corde
546 4603 634 4646 tuo
665 4591 974 4661 credideris,
1003 4593 1143 4662 quod
1185 4593 1322 4648 Deus
1349 4592 1503 4647 illuni
1546 4593 1812 4648 suscitavit
1851 4610 1884 4647 a

297 4688 534 4741 mortuis.
558 4685 948 4741 Testimonium
977 4686 1157 4743 cordis
1180 4696 1266 4744 est
1293 4689 1405 4743 oris
1439 4687 1734 4744 confessio.

368 4778 560 4835 Salvus
580 4782 701 4834 eris.
736 4782 780 4835 Α
812 4779 1023 4835 delictis
1047 4782 1334 4851 praeteritis
1363 4796 1484 4837 cum
1522 4782 1739 4837 futuris.

367 4869 534 4927 Corde
560 4873 697 4926 enim
731 4872 967 4927 creditur
993 4872 1062 4925 ad
1082 4873 1348 4944 justitiam
1388 4888 1404 4925 :
1437 4890 1524 4927 ore
1554 4882 1723 4928 autem
1762 4888 1886 4928 con-

296 4960 445 5031 fessio
474 4963 535 5029 ﬁt
574 4962 643 5015 ad
685 4963 926 5017 salutem.
976 4961 1122 5033 Ergo
1166 4963 1211 5018 si
1244 4962 1380 5018 ﬁdes
1409 4961 1607 5017 sufﬁcit
1634 4963 1699 5018 ad
1726 4963 1884 5032 justi-

1990 4594 2215 4648 rentibus
2245 4608 2344 4648 me.
2378 4594 2641 4649 Gentibus
2682 4590 2804 4665 quae
2833 4609 2940 4648 non
2976 4593 3145 4648 Deum
3180 4591 3233 4646 in
3277 4591 3441 4660 lege,
3481 4592 3576 4648 sed

1990 4686 2043 4741 in
2070 4687 2213 4740 idolo
2239 4686 2507 4756 ignoranti
2535 4688 2910 4757 requirebant.
3428 4751 3447 4771 .

2062 4779 2250 4834 Palam
2290 4782 2509 4851 apparui
2538 4780 2618 4835 Itis
2643 4780 2731 4851 qui
2758 4796 2836 4833 me
2864 4795 2967 4834 non
3005 4780 3414 4851 interrogabant.
3462 4779 3579 4835 Non

1990 4873 2183 4939 Deum,
2229 4873 2325 4927 sed
2358 4873 2621 4927 dmmonia
2651 4872 3081 4943 interrogabant,
3114 4888 3210 4943 per
3241 4886 3498 4943 augures,
3531 4881 3586 4929 et

1992 4964 2271 5030 aruSyices
2302 4961 2591 5028 idolorum,
2616 4970 2781 5033 atque
2804 4963 3129 5032 astrologos.

301 5051 449 5119 tiam,
502 5061 558 5107 et
606 5052 877 5108 confessio
924 5052 992 5107 ad
1042 5054 1298 5121 salutem,
1350 5053 1495 5108 inter
1536 5052 1780 5110 Judazum
1830 5062 1888 5113 et

300 5144 555 5212 gentilem
586 5147 874 5201 credentes
901 5144 1048 5199 nulla
1078 5144 1335 5199 discretio
1358 5153 1461 5200 est.

373 5234 511 5288 Dicit
541 5237 677 5289 enim
709 5235 984 5308 Scriptura
1027 5252 1045 5290 :
1090 5235 1273 5291 Omnis
1309 5237 1395 5307 qui
1431 5236 1593 5292 credit
1622 5238 1675 5290 in
1715 5238 1886 5295 illum.

304 5324 357 5378 In
390 5323 545 5378 Isaia.
571 5324 684 5381 Non
717 5327 892 5382 solum
921 5327 1162 5383 Judtcus.

378 5416 501 5472 Non
530 5419 896 5490 confundetur.
924 5420 1104 5476 Nolite
1125 5436 1255 5492 ergo
1279 5436 1379 5476 vos
1406 5419 1529 5476 illos
1558 5420 1891 5478 confundere

305 5509 371 5565 de
402 5511 646 5580 pristinis
686 5513 919 5577 actibus,
963 5528 1100 5583 quos
1145 5512 1429 5585 Scriptura
1463 5514 1596 5571 dicit
1632 5513 1890 5571 confundi

305 5620 410 5661 non
444 5619 621 5675 posse.

376 5697 499 5754 Non
519 5702 655 5755 enim
693 5708 769 5756 est
796 5700 1056 5757 distinctio
1081 5699 1255 5758 Iudici
1277 5711 1327 5759 et
1357 5702 1545 5759 Grceci.
1582 5702 1724 5759 Nam
1760 5702 1896 5758 idem

2065 5054 2144 5109 Ad
2168 5051 2335 5108 Isarel
2365 5062 2535 5108 autem
2560 5052 2705 5108 dicit.
2732 5053 2853 5122 Ipse
2879 5053 3009 5123 quia
3040 5053 3165 5108 talia
3198 5053 3454 5125 gentibus
3488 5054 3587 5109 ira:

1996 5147 2263 5220 promisit,
2293 5145 2496 5202 Iudaeis
2521 5160 2649 5202 ecce
2667 5146 2848 5217 qualia
2880 5146 3271 5215 comminatur,
3300 5157 3362 5204 ut
3395 5146 3587 5204 sciatis

1994 5249 2285 5310 utrumque
2312 5237 2653 5310 prtedictum.

2072 5334 2205 5390 Tota
2229 5334 2313 5389 die
2341 5333 2586 5403 expendi.
2613 5331 2751 5388 Toto
2787 5340 3034 5401 tempore
3060 5332 3326 5387 mirabilia
3361 5329 3443 5385 vel
3476 5329 3590 5399 μια-

1996 5444 2092 5500 gas
2119 5427 2357 5484 ostendit
2387 5442 2402 5483 :
2434 5435 2488 5483 et
2516 5441 2617 5483 nec
2645 5426 2723 5481 sic
2744 5425 2971 5481 credere
2996 5427 3307 5481 voluerunt.

2072 5521 2265 5576 Manus
2295 5537 2436 5576 meas
2472 5519 2541 5575 ad
2568 5519 2818 5592 papulum
2854 5535 2960 5572 non
3004 5520 3308 5584 credentem,
3348 5514 3439 5571 sed
3466 5531 3594 5570 con-

2003 5614 2339 5668 tradicentem
2366 5612 2514 5669 mihi.
2542 5609 2803 5670 Extensio
2824 5624 3077 5667 manuum
3103 5608 3394 5681 allegorice
3414 5608 3592 5679 signat

2002 5717 2219 5759 crucem
2228 5740 2243 5760 ο
