4056 6378
1521 258 1577 315 S.
1624 254 2001 313 HIERONYMI
2039 253 2325 314 OPERUM
2365 253 2732 312 MANTISSA.
3712 258 3813 317 696
3928 274 3929 313 ι

2124 375 2180 434 Α
2272 368 2454 424 Cteteri
2506 385 2626 424 vero
2674 368 2917 423 cremati
2945 376 3090 423 sunt.
3129 367 3351 439 Cteterl,
3387 386 3487 444 per
3511 372 3807 429 inﬁdelitao

488 264 598 325 695
1521 264 1577 315 s.
1624 264 2001 313 HtEthMl
2039 264 2101 314 υ]

2207 264 2325 314 ιυΜ
2365 264 2732 312 MAN'I'ISSA.
3712 264 3813 317 635
3928 274 3929 313 l

2273 368 2454 391 0...“..-
2506 385 2623 391 μω-
2683 368 2917 391 -.η-ηιξ
2952 376 3067 391 μη..
3129 367 3323 391 τιμε--.
3387 386 3483 391 ..--
3511 373 3523 387 ο
3552 372 3773 391 κηεκιοη
3930 352 3931 391 l

1116 369 1344 427 CAPUT
1396 369 1485 425 XI.

576 472 707 527 Dico
732 485 853 540 ergo
886 484 904 521 :
934 464 1203 533 Numquid
1234 461 1375 518 Deus
1408 462 1598 533 repulit
1624 460 1873 533 populum
1900 463 2094 515 suum?

502 566 668 622 Absit.
700 561 836 629 Quia
864 559 995 614 satis
1025 556 1147 611 illos
1174 554 1554 610 bumiliaverat
1584 570 1599 613 :
1626 553 1791 609 modo
1818 553 1971 623 quasi
1994 553 2096 608 ιςο-

502 675 607 717 nus
636 658 828 713 doctor
857 649 1172 708 consolatur
1203 663 1320 715 eos,
1349 664 1420 703 ne
1450 647 1576 702 illos
1620 646 1844 701 nimium
1875 661 2097 701 exacer-

503 756 636 810 bare
663 749 955 806 videretur.
988 745 1107 801 Non
1130 759 1345 811 omnes,
1368 743 1469 809 ait,
1487 741 1711 813 repulit,
1738 756 1839 797 nec
1855 756 2093 812 semper,

501 844 605 900 nisi
637 840 895 913 quamdiu
924 853 1032 895 non
1059 837 1310 893 credunt.

579 937 721 992 Nam
746 944 792 990 et
820 950 910 1006 ego
934 932 1179 989 Israelita
1203 946 1339 986 sum.
1366 930 1424 987 Si
1449 943 1640 986 omnes
1667 928 1979 999 repulisset,
2012 942 2099 983 me

506 1046 615 1086 non
643 1027 997 1097 suscepisset.

574 1124 662 1179 Ea:
685 1122 875 1177 semine
897 1119 1182 1187 Abraham,
1209 1118 1271 1172 de
1292 1116 1429 1173 tribu
1452 1116 1751 1190 Benjamin.
1786 1116 1904 1171 Non
1929 1130 1996 1171 ex
2017 1129 2102 1172 se-

507 1217 654 1273 mine
675 1215 1095 1286 proselytorum.

579 1308 704 1365 Non
736 1307 923 1378 repulit
945 1305 1085 1359 Deus
1114 1303 1312 1375 plebem
1340 1318 1508 1369 suam,
1532 1317 1686 1372 quant
1723 1300 1997 1371 prtescivit.
2030 1300 2102 1355 Il-

511 1402 622 1458 lam
648 1400 867 1473 plebem
896 1414 1004 1456 non
1036 1397 1259 1468 repulit,
1293 1411 1453 1467 quam
1477 1393 1750 1466 prreseivit
1779 1409 1900 1450 esse
1926 1393 2106 1450 credi-

505 1503 894 1640 mxuma;
928 1584 983 1637 in
1010 1580 1157 1649 Elia,
1181 1579 1302 1651 quid
1326 1579 1451 1633 dicit
1475 1576 1785 1648 Scriptura?
1814 1576 1871 1631 In
1899 1575 2106 1647 Regum

510 1682 673 1749 libro,
709 1679 798 1735 ubi
828 1677 1094 1748 scriptum
1124 1685 1206 1730 est
1228 1674 1296 1730 de
1326 1674 1466 1728 Elia.

503 1787 540 1811 ηε
583 1771 1033 1841 Quemadmodum
1072 1764 1367 1837 interpellat
1412 1763 1576 1817 Deum
1611 1761 1884 1816 adversum
1908 1759 2104 1816 lsrael.

515 1866 785 1925 Gentibus
813 1861 1121 1933 superbiam
1150 1857 1308 1923 tollit,
1340 1871 1408 1911 ne
1434 1856 1731 1926 glorientur
1756 1854 1898 1923 quod
1920 1868 1989 1908 ex
2009 1852 2107 1907 Ju-

509 1962 649 2019 daeis
672 1955 986 2032 paucissimi
1012 1950 1380 2017 crediderunt,
1402 1960 1457 2003 et
1479 1946 1581 2017 ipsi
1603 1948 1705 2003 soli
1726 1953 2108 2003 remanserunt

512 2056 649 2111 Deo.

587 2142 827 2207 Domine,
852 2139 1144 2209 Prophetas
1173 2144 1289 2191 tuos
1312 2134 1609 2190 occiderunt
1634 2130 1860 2205 {altaria
1884 2141 1971 2185 tua
1990 2131 2107 2199 suf-

511 2236 781 2310 foderunt,
807 2242 858 2288 et
896 2250 989 2302 ego
1030 2229 1243 2284 relictus
1266 2244 1379 2282 sum
1428 2226 1569 2281 solus
1602 2241 1618 2278 :
1650 2234 1699 2280 et
1728 2233 1961 2295 quierunt
1990 2224 2108 2277 ani-

512 2344 654 2384 mam
691 2340 878 2381 meam.
909 2322 1112 2379 Omnes
1136 2319 1424 2391 Propheta:
1450 2319 1541 2373 illa
1570 2317 1942 2373 tantummodo
1971 2318 2110 2371 scie-

511 2421 666 2489 bant,
694 2432 815 2489 qua:
840 2414 949 2470 illis
979 2414 1212 2469 fuissent
1250 2427 1280 2467 a
1312 2409 1541 2467 Domino
1578 2410 1836 2467 revelata.
1873 2406 2026 2464 Unde
2055 2415 2110 2462 et

510 2527 612 2568 rex
647 2509 938 2566 Ieremiam
978 2505 1143 2561 dubie
1189 2506 1522 2574 interrogat:
1568 2503 1613 2557 si
1642 2503 1693 2557 in
1726 2518 1787 2558 ea
1820 2504 1973 2567 hora,
2004 2516 2109 2571 qua

510 2622 639 2663 cum
663 2604 757 2660 illo
784 2601 1126 2673 loquebatur,
1156 2598 1301 2669 apud
1342 2613 1468 2653 eum
1497 2612 1679 2652 sermo
1706 2595 1916 2649 Domini
1944 2593 2109 2650 habe-

512 2709 688 2757 retur.
722 2696 831 2753 Sed
861 2703 917 2751 et
943 2694 1172 2750 Elisaaus
1200 2692 1372 2747 dicit:
1405 2690 1679 2762 quomodo
1704 2690 1820 2745 haec
1854 2688 2109 2743 Dominus

516 2790 803 2849 abscondit
828 2804 860 2844 a
888 2788 1009 2844 me?
1035 2787 1111 2843 Ita
1136 2801 1267 2856 ergo
1289 2794 1343 2839 et
1374 2783 1523 2839 Elias
1560 2783 1663 2836 hoc
1684 2782 1805 2837 loco
1832 2790 2029 2852 praeter
2050 2794 2110 2837 se

516 2897 639 2940 esse
662 2882 818 2947 alios,
849 2880 941 2949 qui
971 2880 1137 2934 Deum
1169 2877 1437 2945 colerent,
1472 2876 1760 2946 ignoravit.

591 2972 701 3028 Sed
754 2969 879 3039 quid
932 2970 1058 3022 dicit
1110 2966 1191 3020 illi
1238 2968 1466 3021 divinum
1518 2968 1859 3038 responsum?
1903 2967 2112 3037 Reliqui

518 3063 647 3122 mihi
688 3070 882 3133 septem
924 3060 1093 3115 millia
1117 3060 1365 3114 virorum.
1399 3060 1457 3115 Si
1489 3060 1819 3129 Prophetam
1868 3060 2001 3114 tanti
2033 3059 2111 3112 la-

518 3164 765 3221 tuerunt,
819 3161 1024 3225 quanto
1076 3152 1246 3223 magis
1294 3165 1392 3207 vos
1442 3151 1703 3217 nescitis,
1737 3166 1899 3222 quam
1955 3151 2111 3207 multi

520 3247 852 3311 Iudaeorum,
877 3256 933 3300 et
968 3243 1159 3299 salvati
1181 3251 1331 3309 sunt,
1363 3251 1419 3298 et
1446 3242 1713 3297 salvandi.

590 3342 697 3407 Qui
727 3356 831 3393 non
868 3344 1210 3392 curvaverant
1242 3351 1409 3409 genua
1451 3344 1570 3389 ante
1598 3334 1753 3388 Baal.
1787 3334 1903 3390 Non
1933 3336 2109 3393 solum

526 3431 862 3490 immolando
893 3429 1052 3484 idolis
1080 3428 1338 3495 servitur,
1384 3427 1481 3483 sed
1513 3426 1675 3483 etiam
1719 3426 2107 3497 delinquendo.

523 3528 581 3586 Si
610 3528 753 3584 enim
781 3526 922 3581 Deus
950 3521 1109 3579 factis
1134 3530 1388 3593 negatur,
1416 3520 1601 3592 utique
1627 3528 1682 3577 et
1706 3519 1986 3577 daemones
2012 3520 2111 3577 ho-

516 3630 803 3677 norantur.

590 3712 682 3766 Sic
719 3728 839 3782 ergo
869 3720 916 3767 et
946 3713 999 3765 in
1031 3714 1125 3766 hoc
1171 3722 1419 3782 tempore.
1472 3708 1629 3766 Sicut
1672 3723 1803 3779 ergo
1829 3717 1956 3764 tunc
2004 3723 2111 3764 non

526 3817 719 3857 omnes
746 3803 1045 3872 perierunt,
1078 3804 1154 3857 ita
1184 3811 1235 3857 et
1258 3816 1403 3856 nunc
1432 3800 2023 3870 aliquanti-salvantur.

586 3891 842 3961 Reliquias
860 3892 1140 3945 secundum
1158 3891 1457 3945 electionem
1468 3892 1652 3961 gratia:
1665 3890 1758 3945 Dei
1779 3894 1937 3945 salva:
1958 3893 2111 3962 facta:

518 3993 658 4039 sunt.
703 3982 914 4038 Electio
938 3983 1147 4053 gratia),
1185 3981 1321 4038 ﬁdes
1352 3991 1466 4047 est;
1511 3984 1651 4039 sicut
1678 3999 1863 4053 opera,
1907 3984 2109 4040 electio

516 4078 675 4149 legis.
731 4074 1024 4143 Cancrum,
1078 4090 1199 4147 qua:
1228 4075 1445 4144 electio,
1498 4076 1589 4133 ubi
1615 4077 1765 4132 nulla
1820 4077 2107 4134 diversitas

512 4169 867 4228 meritorum?

588 4260 651 4317 Si
678 4271 851 4317 autem
873 4265 1065 4335 gratia,
1087 4268 1207 4335 jam
1233 4279 1338 4316 non
1362 4277 1426 4317 ea:
1447 4262 1706 4330 operibus.
1753 4261 1833 4318 Ne
1859 4262 2108 4319 dicerent

511 4352 621 4421 illi,
654 4353 726 4410 de
747 4354 943 4425 quibus
974 4355 1106 4410 Elia:
1135 4354 1364 4409 dicitur:
1399 4353 1541 4409 Justi
1590 4364 1748 4409 erant
1773 4395 1789 4419 ,
1837 4354 1925 4409 isti
1975 4371 2105 4413 vero

508 4454 849 4513 peccatores:
906 4444 1179 4516 quomodo
1208 4442 1371 4500 electi
1397 4444 1561 4499 sunt?
1604 4443 1863 4514 subjecit:
1895 4446 2021 4516 quia
2047 4458 2100 4504 et

504 4537 610 4609 ipsi
640 4538 809 4609 gratis
838 4538 1029 4594 salvati
1056 4545 1181 4593 sunt
1202 4535 1347 4591 sicut
1368 4545 1424 4593 et
1451 4544 1665 4606 gentes.

576 4630 824 4702 Alioquin
844 4632 1013 4700 gratia
1026 4632 1142 4702 jam
1173 4646 1275 4685 non
1297 4638 1379 4691 est,
1400 4630 1590 4701 gratia.
1632 4628 1768 4698 Quia
1798 4632 2095 4700 gratuitum

509 4738 705 4779 munus
733 4723 1058 4794 appellatur.

576 4816 717 4882 Quid
749 4819 908 4890 ergo?
936 4815 1088 4883 Quod
1112 4816 1369 4889 quaerebat
1395 4816 1588 4883 lsrael,
1611 4816 1707 4871 ltoc
1738 4833 1841 4871 non
1880 4828 1952 4872 est
1973 4836 2097 4873 con-

501 4917 727 4963 secutus.
762 4908 889 4964 ldco
919 4908 1085 4965 lsrael
1136 4916 1280 4964 totus
1328 4924 1435 4964 non
1465 4916 1552 4966 est
1578 4918 1909 4965 consecutus
1930 4910 2094 4981 justi-

497 4996 649 5065 tiam,
677 4998 801 5069 quia
834 5015 954 5055 eam
1007 5013 1118 5054 non
1144 5015 1215 5055 ex
1263 4999 1367 5056 ﬁde
1392 5001 1692 5071 quasrebat,
1724 5000 1819 5057 sed
1860 5017 1925 5058 ex
1959 5004 2091 5059 solis

497 5090 760 5159 operibus
793 5091 927 5162 legis
958 5107 1017 5147 se
1047 5091 1337 5163 justiﬁcari
1375 5093 1624 5163 putabat:
1680 5110 1803 5150 cum
1855 5097 2093 5153 maxime

492 5179 635 5251 legis
678 5182 928 5237 mandata
972 5194 1367 5241 contemneret.
1407 5185 1563 5242 Unde
1604 5201 1634 5240 a
1665 5184 1953 5244 Salvatore
2003 5203 2092 5245 ar-

491 5280 731 5345 guuntur
781 5273 1007 5330 culicem
1056 5276 1346 5347 liquantes,
1397 5277 1748 5333 etcamelum
1770 5279 2084 5350 glutientes.

491 5366 626 5422 Item
654 5373 940 5438 propterea
966 5368 1069 5423 hoc
1097 5369 1249 5439 dicit,
1279 5371 1406 5440 quia
1432 5369 1742 5426 Iudaeorum
1767 5382 1925 5428 erant
1953 5388 2085 5443 pro-

484 5459 796 5539 missiou‘es,
827 5474 925 5529 per
965 5476 1096 5531 quas
1120 5470 1381 5516 venturus
1431 5461 1828 5518 cratChristus
1869 5465 2083 5519 salvare

485 5563 583 5605 eos
608 5566 637 5603 a
663 5551 776 5606 suis
806 5552 1068 5621 peccatis,
1100 5551 1196 5607 sed
1227 5553 1349 5622 quia
1385 5553 1555 5621 venit,
1612 5564 1667 5608 et
1695 5568 1801 5609 non
1831 5554 2079 5609 credide-

489 5651 648 5694 runt:
681 5642 807 5697 ideo
830 5642 986 5710 dicit,
1014 5642 1183 5698 Israel
1216 5659 1321 5700 nou
1349 5657 1433 5700 est
1472 5657 1824 5702 consecutus.

484 5783 487 5787 .
544 5728 921 5790 Efectioautem
947 5745 1217 5791 consecuta
1231 5744 1325 5791 est.
1346 5737 1443 5806 Qui
1466 5753 1560 5807 per
1580 5736 1740 5794 ﬁdem
1755 5738 2071 5797 electisuut.

2199 472 2305 519 tem
2333 464 2591 519 excaecati
2618 471 2765 527 sunt,
2796 463 2937 518 sicut
2966 462 3229 535 scriptum
3260 474 3375 523 est:
3406 466 3521 524 Nisi
3554 466 3803 525 credide-

2195 555 2335 622 ritis,
2371 571 2478 611 non
2507 555 2840 627 intelligetis.

2270 646 2422 703 Sicut
2452 649 2695 721 scriptum
2724 658 2832 704 est:
2878 649 3037 704 Dedit
3087 651 3193 707 illis
3220 651 3363 709 Deus
3391 655 3637 727 spiritum
3668 672 3802 709 com-

2201 741 2496 807 punctionis
2516 757 2535 794 :
2574 741 2751 795 oculos
2772 785 2786 808 ,
2845 750 2903 794 ut
2928 758 3032 796 non
3064 743 3294 812 videant,
3326 755 3374 801 et
3405 765 3576 815 aures,
3606 759 3666 803 ut
3700 766 3801 804 non

2200 831 2439 887 audiant.
2464 832 2521 887 In
2552 832 2708 888 Isaia.
2753 834 2894 888 Ante
2925 833 3202 891 hominem
3230 838 3339 892 vita
3370 848 3428 894 et
3455 855 3625 908 mors,
3656 841 3800 911 quod

2201 924 2463 995 placuerit
2485 927 2559 992 ei,
2586 925 2803 981 dabitur
2828 926 2940 981 illi:
2970 942 3039 983 ne
3089 928 3313 985 libertas
3335 932 3545 987 scilicet
3571 932 3799 988 tollatur

2203 1019 2437 1074 arbitrii.
2467 1019 2563 1074 Dei
2593 1035 2725 1090 ergo
2750 1019 2899 1087 dare,
2934 1021 3257 1091 permittere
3282 1032 3386 1078 est.
3418 1024 3681 1094 Spiritum
3708 1040 3800 1079 au-

2205 1120 2315 1167 tem
2373 1114 2854 1183 compunctionis,
2906 1128 3068 1184 quem
3115 1115 3517 1172 desiderabant.
3572 1118 3801 1189 Semper

2207 1203 2353 1259 enim
2378 1205 2557 1261 verbis
2574 1206 2669 1260 Dei
2700 1203 2919 1260 fuerunt
2946 1205 3250 1264 increduli:
3276 1224 3398 1263 nam
3430 1210 3474 1264 si
3500 1210 3803 1266 voluissent

2206 1296 2409 1355 habere
2430 1299 2678 1379 spiritum
2708 1299 2856 1367 ﬁdei,
2882 1301 3243 1371 accepissent.
3270 1302 3377 1359 Sed
3404 1313 3457 1360 et
3482 1320 3626 1361 nunc
3646 1306 3804 1361 Chri-

2208 1391 2389 1459 stiani,
2421 1393 2514 1463 qui
2557 1392 2626 1448 de
2654 1394 3059 1449 resurrectione
3082 1394 3351 1462 dubitant,
3394 1404 3447 1451 et
3485 1398 3711 1466 prmmio
3738 1412 3804 1453 ac

2207 1483 2479 1553 gehenna,
2526 1485 2757 1539 similem
2816 1485 2916 1540 sibi
2972 1485 3219 1555 spiritum
3277 1488 3623 1556 quaesierunt.
3682 1489 3808 1544 Hoc

2209 1576 2353 1631 enim
2387 1576 2508 1631 loco
2538 1576 2810 1647 Propheta
2842 1577 2909 1631 de
2937 1574 3244 1632 inﬁdelibus
3291 1578 3541 1648 loquitur.
3597 1578 3807 1633 Divina

2212 1668 2491 1738 Scriptura
2541 1667 2643 1723 hoc
2691 1668 2874 1737 habet,
2915 1678 2975 1723 ut
3014 1684 3134 1723 cum
3184 1670 3551 1740 unusquisque
3593 1668 3813 1726 habeat

2133 1721 2184 1784 Β
2212 1762 2515 1818 libertatem
2549 1762 2779 1817 faciendi
2807 1762 3032 1829 bonum,
3080 1761 3164 1817 vel
3202 1721 3423 1829 maltim,
3452 1721 3625 1819 Deum
3656 1764 3809 1820 dicat

2213 1860 2449 1931 tradere,
2481 1870 2573 1917 aut
2602 1862 2770 1917 dare:
2796 1871 3085 1932 propterea
3114 1862 3237 1933 quia
3258 1862 3375 1932 ipse
3400 1870 3507 1928 est,
3536 1864 3627 1930 qui
3652 1863 3805 1918 dedit

2212 1954 2543 2011 libertatem.
2604 1954 2729 2009 Haec
2787 1955 2931 2009 enim
2989 1953 3119 2008 facit
3168 1954 3287 2023 ejus
3337 1954 3627 2024 patientia:
3676 1957 3804 2025 quia

2212 2062 2322 2102 non
2351 2046 2536 2102 statim
2566 2045 2919 2116 peccantibus
2958 2044 3121 2101 infert
3148 2044 3478 2116 vindictam,
3511 2061 3612 2102 nec
3648 2045 3804 2102 bonis

2211 2140 2455 2210 prmmia.

2289 2231 2461 2301 Usque
2506 2231 2559 2284 in
2610 2230 2914 2285 hodiernum
2966 2230 3118 2283 diem.
3156 2229 3447 2302 Usquequo
3483 2239 3804 2287 convertan-

2215 2331 2330 2377 tur:
2374 2324 2515 2378 sicut
2540 2322 2607 2378 de
2630 2323 2901 2377 velamine
2925 2322 3105 2377 cordis
3145 2322 3214 2377 ad
3244 2322 3559 2379 Corinthios
3579 2323 3732 2378 dicit.

2285 2413 2354 2468 Et
2398 2413 2569 2468 David
2594 2416 2765 2471 dixit:
2814 2415 2937 2469 Fiat
2988 2431 3162 2469 mensa
3193 2433 3373 2471 eorum
3396 2434 3565 2471 coram
3592 2417 3719 2488 ipsis
3751 2417 3803 2470 in

2214 2509 2475 2578 laqueum,
2510 2517 2556 2561 et
2579 2510 2633 2563 in
2658 2509 2965 2579 captionem,
2995 2518 3041 2562 et
3073 2510 3125 2563 in
3152 2509 3472 2575 scandalum,
3502 2517 3547 2562 et
3575 2508 3627 2562 in
3655 2509 3806 2561 retri-

2214 2601 2473 2655 butionem
2524 2601 2648 2655 illis.
2710 2601 3061 2655 Obscurentur
3092 2602 3232 2655 oculi
3260 2618 3436 2657 eorum
3466 2618 3530 2654 ne
3562 2601 3804 2656 videant:

2212 2704 2260 2749 et
2311 2694 2523 2749 dorsum
2576 2710 2750 2749 eorum
2800 2710 3000 2765 semper
3041 2695 3277 2751 incurva.
3333 2696 3506 2751 Aliter
3541 2712 3555 2748 :
3589 2710 3806 2763 semper

2211 2788 2431 2844 incurva
2464 2804 2633 2843 onera
2669 2797 3047 2857 peccatorum,
3104 2798 3159 2843 ut
3194 2806 3299 2843 non
3333 2789 3677 2845 dimittantur
3702 2790 3801 2843 nisi

2212 2880 2578 2937 crediderint:
2634 2882 2759 2951 quia
2811 2880 2866 2935 in
2911 2882 3163 2949 passione
3194 2879 3400 2936 Christi
3448 2882 3591 2936 beati
3650 2890 3801 2948 sunt,

2213 2974 2413 3045 pascha
2443 2972 2816 3029 comedentes.
2848 2972 2963 3029 lloc
2996 2974 3140 3028 enim
3189 2973 3258 3029 de
3296 2974 3398 3028 illis
3429 2973 3799 3044 pmpltetatur,

2214 3065 2310 3135 qui
2338 3064 2676 3121 Salvatorem
2707 3071 2859 3119 aceto
2912 3074 2967 3118 et
2997 3065 3121 3120 felle
3167 3074 3417 3135 potarunt
3469 3083 3482 3119 :
3537 3074 3591 3120 et
3621 3073 3800 3120 tamen

2215 3157 2349 3230 ipsis
2391 3158 2525 3214 dicit
2555 3158 2746 3214 Petrus
2776 3176 2789 3211 :
2824 3158 2890 3212 Et
2918 3173 3061 3213 nunc
3090 3159 3227 3225 seio,
3257 3160 3382 3230 quia
3413 3176 3509 3230 per
3546 3160 3801 3230 ignorau-

2215 3250 2344 3305 tiam
2390 3246 2595 3306 fecistis
2641 3250 2765 3306 hoc.
2807 3250 3153 3306 Pmuitemini
3186 3267 3348 3321 ergo:
3398 3261 3453 3307 et
3500 3252 3802 3322 baptizatur

2214 3341 2587 3411 unusquisque
2611 3349 2872 3396 vestrum.
2918 3341 2982 3394 Et
3010 3340 3126 3410 ipse
3154 3341 3357 3396 Paulus
3387 3351 3509 3411 post
3533 3342 3801 3397 modicum

2215 3432 2315 3487 ait:
2357 3431 2427 3487 Et
2457 3432 2555 3501 illi,
2604 3432 2651 3487 si
2697 3447 2802 3487 non
2836 3433 3238 3502 permanserint
3288 3434 3342 3488 in
3402 3434 3799 3513 incredulitate,

2212 3523 2555 3578 inserantur:
2603 3531 2663 3577 ut
2690 3524 2924 3578 sciamus
2953 3524 3079 3594 quia
3104 3523 3327 3595 spiritus
3371 3526 3800 3595 compunetionis

2213 3613 2529 3670 facultatem
2582 3615 2694 3670 illis
2725 3630 2830 3671 non
2873 3616 3096 3671 abstulit
3143 3618 3519 3673 convertendi.
3558 3618 3797 3687 Denique

2212 3706 2393 3762 statim
2441 3708 2556 3777 ipse
2594 3707 2760 3762 solvit
2790 3708 3217 3775 insequentibus
3241 3708 3438 3764 verbis.
3465 3708 3591 3763 Item
3616 3722 3799 3762 sacer-

2212 3800 2371 3857 dotes
2401 3814 2525 3855 cum
2555 3799 2891 3855 arbitrantur
2937 3800 3082 3870 quod
3111 3801 3157 3855 si
3187 3799 3462 3856 Christum
3514 3800 3800 3855 interfece-

2212 3891 2322 3947 riut
2345 3937 2359 3962 ,
2394 3892 2661 3948 haberent
2686 3906 2903 3963 semper
2930 3906 3176 3948 mensam
3208 3893 3597 3948 sacriliciorum
3629 3900 3682 3946 et
3703 3892 3799 3947 de-

2211 3985 2508 4040 cimarum:
2540 3984 2681 4040 facta
2734 3994 2818 4039 est
2871 3984 2977 4039 illis
3030 3983 3084 4038 in
3118 3984 3395 4054 laqueum.
3442 3982 3799 4039 Perdiderunt

2210 4077 2353 4133 enim
2380 4078 2662 4148 templum,
2718 4078 2770 4132 in
2814 4092 2921 4148 quo
2952 4092 3145 4131 vanam
3186 4093 3337 4147 spem
3384 4076 3711 4144 habuerunt,
3743 4085 3798 4132 et

2212 4186 2356 4226 nunc
2378 4180 2503 4225 sunt
2532 4171 2673 4226 inter
2700 4178 2888 4240 gentes
2913 4169 3207 4224 maledicti.

2280 4261 2411 4318 Dico
2435 4279 2595 4334 ergo:
2627 4260 2896 4333 Numquid
2926 4261 3000 4314 sic
3031 4260 3357 4330 offenderunt
3378 4264 3402 4318 ?
3422 4261 3577 4317 Modo
3597 4261 3794 4320 iterum

2210 4364 2417 4425 partem
2444 4355 2653 4410 revelat
2672 4353 3008 4409 Iudaeorum.

2285 4445 2352 4502 Ut
2374 4447 2654 4501 caderent?
2683 4445 2845 4500 Absit.
2882 4443 3001 4500 Non
3025 4444 3266 4516 penitus,
3294 4453 3349 4502 et
3385 4443 3794 4502 irremediabili-

2204 4545 2291 4595 ter
2314 4538 2649 4593 ceciderunt.

2275 4629 2385 4685 Sed
2418 4628 2629 4683 illorum
2672 4630 2941 4696 delictum,
2983 4629 3127 4684 salus
3169 4639 3243 4684 est
3272 4628 3524 4700 gentibus,
3577 4638 3633 4683 ut
3675 4629 3797 4685 illos

2202 4722 2523 4776 a’mulentut'.
2551 4720 2733 4791 Usque
2760 4720 2899 4777 adeo
2930 4721 3050 4777 illos
3079 4720 3292 4787 dilexit,
3324 4730 3381 4776 ut
3412 4728 3629 4790 propter
3649 4722 3801 4777 salu-

2202 4824 2309 4871 tem
2341 4814 2557 4869 illorum
2584 4823 2775 4884 gentes
2801 4822 3149 4881 vocarentur,
3182 4828 3291 4883 quo
3324 4827 3419 4868 eas
3452 4812 3699 4869 videntes
3728 4814 3799 4870 ad

2201 4921 2428 4977 regnum
2454 4905 2553 4960 Dei
2583 4905 2819 4974 admitti,
2850 4906 2937 4961 vel
2967 4906 3049 4961 sic
3076 4904 3290 4961 facilius
3315 4914 3789 4963 converterentur.

2202 4998 2335 5055 Item
2388 5000 2513 5069 quia
2570 4998 2909 5069 dispensatio
2940 4998 3036 5052 Dei
3076 4998 3153 5051 ita
3198 4996 3317 5065 fuit,
3355 5006 3415 5052 ut
3438 5012 3534 5068 per
3559 5007 3794 5053 mortem

2200 5093 2427 5159 Christi,
2452 5108 2614 5148 omne
2632 5106 2804 5163 genus
2833 5093 3126 5146 humanum
3144 5091 3471 5146 salvaretur:
3502 5090 3639 5144 sicut
3671 5090 3795 5159 ipse

2202 5185 2465 5241 Dominus
2495 5183 2661 5239 dicit:
2701 5182 2837 5237 Cum
2892 5183 3159 5239 exaltatus
3190 5182 3365 5247 fuero,
3392 5181 3572 5235 omnia
3602 5180 3669 5235 ad
3703 5196 3795 5237 me

2198 5277 2409 5333 traham
2441 5295 2453 5331 :
2483 5276 2604 5332 ideo
2630 5276 2764 5331 dicit
2794 5293 2808 5331 :
2833 5275 2940 5331 Sed
2963 5274 3176 5329 illorum
3200 5274 3459 5329 delictum
3483 5272 3632 5327 salus
3659 5288 3793 5343 gen-

2197 5369 2347 5425 tium.
2381 5368 2580 5424 Dicens
2611 5376 2824 5422 autem:
2867 5366 2939 5423 Ut
2986 5366 3111 5420 illos
3140 5364 3491 5427 aemulentur,
3523 5364 3787 5431 ostendit,

2190 5462 2315 5532 quia
2362 5461 2461 5515 nisi
2493 5472 2688 5530 gentes
2713 5458 2928 5514 Christo
2954 5456 3336 5521 credidissent,
3370 5454 3617 5525 reliquit!)
3662 5454 3787 5509 illo-

2183 5570 2305 5609 rum
2339 5567 2636 5621 numquam
2660 5551 2880 5606 salvala:
2901 5550 3150 5605 fuissent.
3380 5549 3390 5607 l

2256 5643 2409 5709 Quod
2438 5644 2485 5694 si
2509 5641 2753 5708 delictum
2785 5640 3018 5704 illorum,
3078 5638 3269 5692 divitia:
3322 5646 3444 5692 sunt
3476 5638 3679 5702 mundi,
3734 5650 3786 5692 et

2177 5737 2453 5795 diminutio
2477 5752 2673 5806 eorum,
2699 5735 2892 5791 divitia:
2914 5733 3171 5806 gentium:
3203 5741 3400 5801 quanto
3430 5734 3597 5803 magis
3617 5734 3788 5803 pleni-
