4056 6324
261 253 383 315 967

964 246 1507 309 COMMENTARIUS
1543 248 1609 305 IN
1648 248 2033 308 EPISTOLADI
2071 252 2163 307 AD
2204 252 2554 312 ROMANOS.
2593 254 2748 313 CAP.
2777 256 2867 312 XI.

3460 252 3566 311 698

259 376 404 431 tudo
423 374 641 431 eorum?
674 371 731 430 Si
753 370 1010 428 delictum
1056 383 1244 426 eorum
1274 376 1484 424 tantum
1534 366 1687 423 vobis
1741 368 1945 436 pro-A
2044 367 2123 422 Tu
2172 378 2345 423 autem
2397 370 2500 439 ﬁde
2548 378 2680 425 stas.
2721 369 2837 425 Non
2881 370 3023 426 enim
3071 373 3217 429 Deus
3273 383 3565 444 personam

260 467 401 535 fuit,
433 475 491 522 ut
520 466 637 522 sine
663 464 925 536 operibus
954 462 1113 533 legis,
1142 475 1243 517 vos
1265 460 1374 516 illis
1428 458 1638 516 laceret
1689 458 1870 515 colue-

263 576 437 617 rerc:
486 568 543 617 et
588 558 635 614 si
683 557 843 630 pauci
890 570 1078 613 eorum
1106 552 1426 620 credentes,
1460 566 1650 608 omnes
1674 566 1773 607 vos
1803 551 1872 607 ad

262 653 512 709 salutem
545 656 847 707 vocarunt:
887 657 1093 720 quanto
1120 647 1295 718 magis
1324 646 1372 701 si
1403 659 1592 701 omnes
1619 642 1873 701 credide-

262 753 424 811 runt,
455 742 715 815 prodesse
738 748 990 811 poterant
1017 739 1173 795 vobis
1204 754 1303 810 per
1323 737 1653 795 doctrinam.

360 837 514 892 Vobis
542 837 679 891 enim
722 836 837 889 dico
868 834 1123 907 gentibus.
1175 830 1306 887 Vult
1328 830 1620 888 ostendere
1643 870 1658 899 ,
1713 842 1775 886 se
1802 827 1870 885 ad

259 930 589 988 Judmorum
614 927 845 983 salutem
876 940 1207 998 magnopere
1238 923 1516 980 festinare.

349 1021 611 1089 Quamdiu
633 1019 845 1093 quidem
873 1036 965 1091 ego
992 1034 1105 1073 sum
1131 1018 1361 1092 gentium
1389 1014 1685 1087 Apostolus,
1719 1012 1872 1067 mini-

262 1114 492 1169 sterium
540 1129 709 1182 meum
738 1109 1113 1181 honoriﬁcabo.
1144 1106 1412 1175 Quamdiu
1461 1105 1616 1160 fuero
1660 1104 1714 1159 in
1748 1118 1871 1159 cor-

263 1223 414 1279 pore
466 1205 836 1271 constitutus,
905 1201 1279 1260 honoriﬁcaho
1342 1198 1703 1255 ministerium
1762 1212 1868 1252 no-

266 1312 484 1360 strum:
528 1303 654 1359 dum
706 1299 957 1371 exemplo
1008 1312 1169 1364 meo,
1232 1294 1416 1366 plures
1437 1308 1627 1349 eorum
1657 1291 1868 1348 salvare

266 1394 571 1452 contendo.

350 1488 411 1542 Si
457 1504 558 1557 quo
606 1484 756 1538 modo
800 1482 871 1538 ad
920 1479 1268 1537 aemulandum
1339 1492 1614 1550 provocem
1662 1492 1867 1531 carnem

265 1596 461 1635 meam.
493 1578 563 1636 Ut
605 1577 753 1633 omni
788 1574 952 1631 modo
979 1572 1140 1629 talem
1192 1586 1281 1627 me
1326 1570 1633 1635 exhibeam,
1669 1576 1729 1624 ut
1779 1582 1868 1624 me

265 1676 590 1733 desiderent
610 1671 834 1729 imitari.

1982 470 2126 516 tuam
2151 460 2440 529 acciperet,
2468 471 2523 515 et
2553 461 2675 515 illos
2701 461 2819 516 sine
2848 475 3006 517 causa
3028 464 3342 532 projiceret.

2050 552 2180 607 Noli
2220 550 2383 606 altum
2426 569 2625 623 sapere,
2657 554 2747 607 sed
2777 554 2913 608 time.
2955 554 3181 620 Quidam
3216 557 3360 612 hunc
3384 556 3563 612 locum

1976 660 2084 702 non
2114 645 2501 716 intelligentes,
2534 660 2637 701 nec
2664 646 3009 701 attendentes
3056 659 3293 714 causam,
3326 648 3412 703 vel
3439 663 3564 717 per-

1976 751 2160 804 sonas,
2210 736 2279 793 de
2308 752 2413 807 qua
2444 745 2499 793 et
2529 736 2597 791 de
2626 736 2824 808 quibus
2857 737 3095 806 loquitur
3120 739 3432 807 Apostolus,
3465 754 3564 808 pu-

1979 836 2095 886 tant
2140 829 2228 885 ltic
2272 828 2594 900 sapientiam
2646 842 2769 885 esse
2817 828 3168 900 prohibitam.
3209 828 3360 897 Quod
3414 829 3461 883 si
3491 830 3563 884 ita

1976 934 2081 991 est,
2115 923 2415 979 secundum
2467 923 2610 991 illos,
2644 922 2950 979 invenietur
2971 922 3074 978 sibi
3100 922 3218 992 ipse
3239 922 3563 989 contrarius,

1974 1016 2067 1088 qui
2094 1015 2185 1072 hic
2234 1023 2401 1085 vetat,
2436 1014 2579 1087 quod
2609 1015 2760 1083 alibi,
2789 1024 2848 1071 ut
2876 1014 3095 1085 Ephesii
3123 1024 3179 1069 et
3205 1017 3386 1071 cmteri
3414 1016 3563 1072 acci-

1975 1108 2149 1177 piant,
2182 1108 2395 1179 magnis
2424 1106 2911 1177 supplicationibus
2950 1107 3017 1161 ad
3048 1108 3338 1163 Dominum
3370 1106 3565 1177 depre-

1973 1212 2147 1257 catur.
2180 1201 2305 1257 Noli
2328 1216 2461 1272 ergo
2482 1201 2653 1256 altum
2685 1216 2899 1272 sapere,
2938 1201 3041 1257 hoc
3067 1208 3184 1268 est,
3216 1200 3328 1256 noli
3375 1210 3565 1257 contra

1972 1308 2067 1349 eos
2089 1307 2211 1349 esse
2234 1292 2523 1365 superbus.

2046 1388 2109 1445 Si
2154 1389 2291 1443 enim
2336 1386 2471 1442 Deus
2502 1387 2832 1441 naturalibus
2860 1387 3022 1441 ramis
3067 1404 3171 1441 non
3213 1386 3455 1457 pepercit,
3500 1402 3564 1440 ne

1972 1489 2106 1557 forte
2126 1500 2218 1538 nec
2246 1483 2336 1537 tibi
2366 1490 2564 1553 parcat.
2607 1480 2665 1536 Si
2699 1480 2807 1535 illis
2860 1494 2965 1534 non
3007 1480 3286 1551 pepercit,
3340 1488 3564 1549 propter

1972 1577 2444 1644 incredulitatem,
2489 1576 2579 1646 qui
2609 1590 2675 1630 ex
2717 1574 2900 1630 radice
2944 1582 3131 1630 sancta
3180 1581 3341 1628 sunt:
3389 1573 3563 1629 multo

1971 1672 2148 1726 minus
2179 1670 2299 1737 tibi,
2331 1669 2374 1725 si
2409 1668 2743 1739 peccaveris.

344 1766 414 1822 Et
467 1764 634 1821 salvos
692 1763 881 1834 faciam
917 1760 1125 1833 aliquos
1155 1775 1217 1814 ex
1244 1757 1367 1812 ἱιιὶδο
1409 1755 1509 1812 vel
1535 1754 1866 1827 aliquant“.
1895 1759 1946 1823 B
2056 1760 2184 1816 Vide
2213 1776 2333 1831 ergo
2360 1759 2657 1827 bonitatem,
2678 1768 2722 1812 et
2741 1759 3058 1814 severitatem
3079 1755 3412 1811 Dei.Contra
3440 1770 3558 1824 cos,

263 1860 399 1932 quia
430 1858 624 1914 nolunt
650 1871 859 1912 omnes.

348 1953 409 2009 Si
436 1952 568 2006 enim
596 1950 804 2005 amissio
834 1964 1028 2017 eorum,
1059 1942 1411 2001 reconciliatio
1435 1949 1511 1997 est
1530 1939 1735 1996 mundi.
1762 1938 1865 1996 Re-

266 2046 429 2118 petit,
478 2043 621 2115 quod
652 2043 864 2101 dixerat
888 2041 1156 2112 superius.

348 2140 479 2206 Qua:
508 2138 813 2210 assumptio,
846 2136 947 2191 nisi
985 2135 1088 2190 vita
1114 2151 1177 2188 ea:
1208 2132 1467 2187 mortuis?
1504 2129 1659 2187 Unde
1689 2126 1865 2200 genti-

267 2233 376 2289 bus
406 2228 730 2301 assumptio,
764 2228 865 2283 nisi
906 2244 970 2283 ex
1009 2228 1223 2282 illorum
1250 2225 1500 2280 viverent
1536 2221 1747 2278 morte?
1785 2220 1865 2275 Ex

267 2323 479 2381 Judaeis
510 2320 745 2378 mortuis
787 2319 1034 2376 Christus
1060 2361 1075 2385 ,
1122 2318 1207 2374 vel
1235 2315 1482 2387 Apostoli
1511 2316 1618 2370 vita
1648 2314 1866 2369 luerunt

267 2414 546 2486 gentibus.
588 2412 715 2468 Sive
745 2412 789 2466 si
819 2424 959 2481 quos
1004 2410 1131 2464 inde
1175 2408 1501 2472 liberavero,
1537 2405 1603 2462 ad
1625 2415 1864 2463 vestram

268 2506 560 2578 proﬁcient
610 2505 799 2559 vitam.
851 2502 983 2557 Item
1038 2500 1144 2555 hoc
1195 2499 1359 2555 dicit:
1420 2498 1675 2568 quoniam
1726 2496 1866 2552 sicut

268 2608 459 2669 gentes
512 2613 612 2669 per
661 2596 823 2652 tidem
853 2603 1146 2664 assumptce
1176 2602 1321 2658 sunt,
1370 2593 1443 2647 ita
1470 2589 1636 2647 etiam
1665 2588 1865 2658 Judaei,

270 2690 318 2746 si
341 2689 691 2752 crediderint,
725 2702 789 2742 ex
817 2684 1045 2741 mortuis
1067 2683 1133 2738 ad
1157 2683 1323 2738 vitam
1356 2681 1688 2738 transibunt.

348 2782 499 2849 Quod
534 2780 576 2834 si
603 2779 851 2835 delibatio
880 2785 1059 2832 sancta
1085 2784 1180 2845 est,
1213 2783 1258 2829 et
1304 2790 1493 2829 massa.
1536 2773 1595 2829 Si
1640 2772 1742 2839 illi,
1771 2774 1863 2844 qui

270 2874 433 2947 pauci
480 2889 545 2929 ex
597 2873 679 2929 eis
721 2871 1095 2936 crediderunt,
1128 2866 1301 2923 sancti
1346 2877 1493 2937 sunt,
1520 2874 1576 2922 et
1605 2882 1795 2922 omnes
1817 2867 1863 2923 si

269 2968 515 3024 credant.
549 2965 648 3021 llic
680 2962 971 3037 primitias,
1011 2960 1287 3016 Christum
1319 2958 1475 3025 dicit,
1506 2971 1740 3013 massam
1766 2973 1863 3012 au-

271 3074 402 3131 tem,
426 3062 685 3134 populum
713 3060 1090 3122 Hebraeorum,
1118 3071 1150 3111 a
1178 3052 1632 3126 quibusChristus
1660 3066 1857 3109 secun-

270 3156 399 3212 dum
427 3169 646 3209 carnem
674 3162 776 3208 est.

344 3248 414 3303 Et
465 3249 511 3303 si
550 3247 702 3301 radix
746 3253 945 3313 sancta,
993 3251 1041 3297 et
1070 3240 1222 3295 rami.
1272 3238 1445 3294 Radix
1475 3238 1859 3310 partriarchtc:

272 3341 408 3398 rami
439 3337 720 3411 Apostoli:
750 3336 855 3392 hoc
880 3344 987 3401 est,
1016 3342 1071 3389 et
1097 3332 1281 3403 primi,
1306 3342 1360 3387 et
1388 3331 1664 3385 novissimi
1687 3332 1862 3387 sancti

270 3452 338 3493 ex
369 3435 501 3506 ipsis
528 3441 674 3489 sunt.
708 3432 840 3486 Item
889 3429 992 3483 hoc
1029 3426 1149 3482 loco
1198 3425 1436 3480 radicem
1467 3423 1741 3478 Abraham
1786 3422 1861 3478 si-

267 3528 514 3601 gniticat:
568 3522 821 3594 quoniam
871 3527 1098 3591 propter
1153 3516 1312 3572 tidem
1336 3557 1350 3583 ,
1382 3522 1535 3586 pater
1565 3516 1857 3573 multarum

268 3620 509 3692 gentium
542 3627 789 3673 vocatur.
824 3613 1025 3669 Remos
1080 3626 1210 3668 vero
1241 3620 1488 3682 posteros
1517 3608 1660 3680 ejus,
1691 3608 1855 3666 ﬁdem

268 3713 516 3769 similiter
538 3709 859 3765 retinentes.

337 3804 485 3871 Quod
513 3802 557 3857 si
581 3800 744 3871 aliqui
773 3814 837 3853 ea:
869 3797 1026 3851 ramis
1057 3795 1211 3866 fracti
1233 3805 1372 3849 sunt.
1400 3793 1517 3851 Non
1558 3803 1779 3865 propter
1804 3801 1856 3847 te

265 3893 419 3950 fracti
450 3902 595 3960 sunt,
622 3889 719 3948 sed
749 3900 972 3961 propter
996 3887 1121 3944 illos
1146 3896 1203 3942 tu
1234 3888 1468 3943 insertus
1510 3901 1591 3953 es,
1619 3886 1743 3957 quia
1775 3886 1854 3941 illi

263 3988 418 4044 fracti
445 3997 595 4044 sunt.

331 4079 412 4133 Tu
439 4088 611 4133 autem
656 4092 771 4131 cum
823 4076 1045 4130 oleaster
1092 4088 1247 4139 esses,
1298 4072 1525 4124 insertus
1560 4085 1613 4123 es
1641 4070 1697 4123 iu
1720 4068 1847 4124 illis.

263 4171 389 4226 Olea
418 4168 659 4241 quidem,
688 4166 783 4221 sed
812 4165 1015 4221 inculta
1059 4173 1224 4233 atque
1252 4161 1539 4216 silvestris.
1575 4160 1709 4215 Item
1750 4161 1854 4217 hoc

262 4262 380 4317 loco
402 4267 593 4316 contra
622 4266 865 4312 naturam
896 4254 1159 4325 gentilem
1184 4252 1440 4323 populum
1468 4252 1689 4307 insitum
1721 4250 1854 4307 dicit

263 4350 463 4417 radice,
496 4350 599 4404 hoc
627 4355 733 4414 est,
786 4346 839 4400 in
868 4344 973 4400 lide
1022 4342 1485 4415 patriarcharum:
1526 4352 1711 4399 etnon
1764 4358 1852 4399 se-

263 4443 494 4500 cundum
524 4450 774 4497 naturam
799 4438 1221 4509 arhorumquasi
1252 4438 1305 4493 in
1332 4435 1616 4504 inscrtum,
1644 4436 1847 4508 proprii

1969 1855 2062 1927 qui
2108 1854 2274 1909 alium
2325 1853 2498 1908 Deum
2525 1853 2755 1921 justum,
2812 1852 2975 1907 alium
3024 1858 3279 1907 asserunt
3332 1851 3560 1905 bonum.

1972 1950 2043 2005 Et
2089 1955 2282 2004 contra
2334 1962 2452 2014 eos,
2483 1946 2579 2018 qui
2634 1934 2835 2016 negant
2885 1944 3058 2001 Deum
3104 1944 3161 2001 in
3208 1944 3561 2015 peccantibus

1966 2041 2270 2099 vindicare;

2041 2134 2109 2189 In
2137 2151 2221 2191 eos
2260 2134 2463 2206 quidem
2484 2134 2573 2205 qui
2598 2134 2910 2199 ceciderunt,
2932 2132 3286 2187 severitatem:
3313 2131 3368 2185 in
3396 2140 3445 2184 te
3467 2148 3564 2185 au-

1970 2237 2069 2285 tem
2099 2229 2383 2284 bonitatem
2413 2227 2527 2283 Dei.
2584 2227 2720 2296 Quia
2768 2234 2824 2282 et
2875 2226 2952 2282 illi
2976 2226 3125 2297 juste
3147 2224 3301 2281 fracti
3327 2232 3473 2293 sunt,
3506 2232 3563 2281 et

1968 2332 2024 2379 tu
2052 2324 2349 2380 clementer
2372 2323 2612 2378 insertus
2632 2338 2713 2377 es.

2042 2416 2103 2473 Si
2153 2416 2499 2485 permanseris
2545 2417 2597 2469 in
2638 2414 2885 2469 bonitate.
2912 2413 2974 2470 In
3028 2413 3155 2484 lide,
3183 2428 3304 2485 qua:
3336 2412 3433 2470 tibi
3465 2412 3559 2469 Dei

1970 2509 2217 2565 bonitate
2243 2508 2436 2565 collata
2468 2516 2571 2565 est.
3276 2551 3280 2555 .

2038 2602 2303 2673 Alioquin,
2344 2610 2393 2655 et
2441 2610 2497 2655 tu
2535 2601 2805 2655 excideris.
2849 2599 2956 2656 Sed
2979 2608 3024 2653 et
3050 2599 3161 2667 illi,
3214 2600 3389 2655 sinon
3441 2615 3559 2667 per-

1967 2693 2247 2747 manserint
2273 2692 2327 2747 in
2345 2691 2731 2758 incredulitate,
2764 2692 3078 2745 inserantur.
3106 2689 3199 2746 Sin
3226 2704 3383 2756 vero,
3416 2698 3471 2745 et
3502 2699 3557 2745 tu

1975 2787 2322 2844 severitatem
2350 2786 2574 2851 senties,
2606 2794 2662 2840 et
2691 2784 2766 2839 illi
2792 2784 3111 2839 bonitatem.

2037 2879 2230 2933 Potens
2256 2889 2329 2934 est
2354 2879 2488 2932 enim
2515 2877 2651 2932 Deus
2672 2879 2854 2931 iterum
2874 2878 3095 2932 inserere
3118 2876 3257 2931 illos.
3278 2874 3429 2946 Apud
3458 2874 3556 2930 lto-

1966 2970 2139 3027 mines
2163 2970 2377 3041 quidem
2409 2969 2742 3040 impossibile
2766 2978 2872 3035 est,
2901 2968 3085 3023 aridos
3111 2968 3359 3023 surculos
3384 2968 3556 3022 retor-

1964 3079 2115 3120 mare
2152 3080 2166 3119 :
2209 3063 2354 3134 apud
2385 3063 2556 3119 Deum
2586 3062 2767 3118 omnia
2802 3062 3083 3133 possibilia
3111 3070 3166 3117 et
3195 3061 3372 3117 facilia
3403 3071 3548 3119 sunt.

1887 3134 1972 3223 (ἶ,
2039 3154 2181 3209 Nam
2212 3165 2261 3209 et
2301 3156 2347 3209 si
2398 3162 2453 3208 tu
2480 3171 2544 3209 ea:
2591 3153 2820 3209 naturali
2873 3154 3076 3208 excisus
3131 3151 3377 3207 oleastro.
3418 3153 3553 3220 Quia

1957 3247 2071 3318 jam
2102 3247 2232 3303 olim
2260 3256 2443 3318 patres
2468 3262 2683 3312 eorum,
2714 3246 3017 3301 naturalem
3051 3246 3225 3315 legem
3254 3245 3430 3310 obliti,
3460 3244 3557 3300 de-

1960 3350 2355 3413 generaverant
2383 3356 2412 3395 a
2443 3349 2723 3407 natura,et
2746 3355 2846 3411 per
2865 3337 3241 3394 successiones
3272 3337 3551 3407 peccandi,

1961 3435 2357 3492 consuetudine
2415 3438 2794 3503 permanente,
2825 3429 2982 3499 quasi
3039 3429 3359 3484 naturaliter
3385 3429 3555 3484 amari

1959 3537 2015 3583 et
2030 3526 2356 3582 infructuosi
2391 3538 2513 3578 esse
2566 3530 2866 3591 creperum.
2901 3518 3034 3573 Item
3061 3517 3166 3574 hoc
3214 3518 3336 3573 loco
3361 3529 3555 3574 contra

1957 3628 2203 3675 naturam
2230 3615 2488 3687 gentilem
2514 3614 2767 3684 populum
2800 3611 3023 3667 insitum
3055 3610 3190 3666 dicit
3233 3611 3289 3666 in
3317 3611 3540 3668 radice:

1957 3711 2064 3765 hoc
2094 3718 2198 3778 est,
2248 3709 2301 3763 in
2332 3707 2437 3762 lide
2476 3703 2926 3776 patriarcharum,
2980 3713 3035 3759 et
3084 3718 3193 3759 non
3250 3704 3549 3761 secundum

1958 3812 2206 3857 naturam
2234 3801 2493 3856 arborum
2542 3798 2695 3870 quasi
2747 3799 3033 3863 insertum,
3081 3798 3283 3869 proprii
3334 3799 3553 3869 generis

1957 3896 2196 3952 fructum
2228 3896 2393 3964 ferre,
2424 3893 2521 3950 sed
2547 3894 2843 3950 bonitatem
2873 3890 3068 3948 radicis
3090 3894 3272 3963 sequi,
3304 3890 3359 3947 in
3387 3906 3549 3963 quam

1958 3988 2195 4043 insertus
2224 3996 2327 4044 est.

2028 4080 2099 4134 Et
2129 4089 2308 4134 contra
2354 4089 2597 4135 naturam
2624 4079 2847 4134 insertus
2890 4094 2943 4132 es
2996 4078 3052 4132 in
3103 4077 3290 4132 bonam
3323 4075 3545 4130 olivam:

1954 4181 2149 4242 quanto
2176 4172 2339 4242 magis
2370 4170 2425 4223 Ιιί
2446 4170 2533 4240 qui
2555 4171 2837 4224 secundum
2861 4178 3102 4222 naturam
3127 4168 3419 4222 inserantur
3438 4183 3548 4220 sua:

1956 4264 2103 4317 oliva:
2122 4266 2145 4319 ?
2169 4264 2365 4319 Contra
2392 4273 2639 4319 naturam
2664 4274 2766 4333 est,
2783 4263 2941 4317 oliva:
2962 4264 3205 4318 inserere
3226 4262 3543 4327 oleastrum,

1954 4359 2079 4427 quia
2118 4358 2290 4428 magis
2327 4373 2511 4413 ramus
2567 4357 2709 4412 solet
2754 4356 2863 4411 vim
2914 4355 3111 4411 radicis
3156 4351 3356 4408 imitari
3385 4366 3546 4423 quam

1955 4449 2110 4505 radix
2133 4465 2410 4505 ramorum
2439 4450 2493 4505 in
2516 4464 2671 4504 suam
2694 4457 2905 4504 vertere
2927 4447 3261 4517 qualitatem.-

263 4537 472 4607 gcneris
500 4534 735 4589 fructum
776 4532 941 4601 terre,
974 4529 1070 4587 sed
1102 4529 1399 4586 bonitatem
1449 4528 1649 4586 radicis
1670 4529 1847 4600 sequi,

2028 4543 2174 4599 Nolo
2203 4545 2337 4598 enim
2369 4560 2455 4598 vos
2499 4544 2762 4613 ignorare,
2805 4544 3015 4613 fratres.
3064 4538 3178 4595 Iioc
3209 4543 3380 4593 totum
3408 4550 3543 4592 con-

282 4648 312 4685 n
338 4646 498 4700 quam
530 4628 765 4684 insertus
788 4641 869 4683 es.

330 4720 396 4775 Et
448 4721 620 4776 socius
668 4719 858 4773 radicis
905 4725 950 4771 et
981 4716 1310 4788 pinguedinis
1364 4714 1511 4771 oliva:
1561 4717 1731 4788 {actus
1769 4733 1841 4771 es.

264 4812 490 4883 Radicis,
530 4824 772 4885 patrum:
830 4808 1195 4882 pinguedinis,
1225 4807 1448 4863 Christi.

329 4906 455 4962 Noli
483 4906 701 4979 gloriari
750 4904 997 4959 adversus
1042 4917 1234 4956 ramos.
1280 4900 1435 4967 Quod
1492 4901 1537 4955 si
1577 4902 1842 4972 gloriaris,

263 5016 357 5053 non
397 5008 451 5053 tu
480 4999 708 5053 radicem
738 5005 938 5067 portas,
968 4994 1057 5051 sed
1092 4994 1247 5048 radix
1276 5003 1340 5047 te.
1382 4993 1501 5047 Noli
1530 4992 1599 5048 de
1624 4994 1839 5049 illorum

265 5090 560 5159 perditione
610 5089 877 5162 gaudere:
911 5087 1153 5159 alioquin
1197 5084 1386 5140 audies
1411 5084 1556 5156 quod
1602 5100 1707 5139 non
1764 5084 1839 5139 illi

266 5200 352 5253 per
384 5194 437 5241 te
463 5194 632 5251 stant,
681 5184 776 5241 sed
821 5194 877 5241 tu
934 5199 1032 5256 per
1081 5183 1229 5240 illos.
1269 5181 1381 5239 Nec
1440 5190 1498 5237 tu
1536 5181 1641 5237 illis
1672 5182 1837 5238 vitam

266 5283 503 5344 praestas,
531 5277 626 5333 sed
651 5278 727 5332 illi
753 5278 869 5333 tibi.

238 5406 241 5407 ν
278 5394 279 5397 η
329 5365 473 5422 Dicis
502 5385 653 5441 ergo:
694 5368 873 5425 Fracti
897 5380 1015 5427 sunt
1042 5372 1197 5440 rami,
1228 5380 1284 5426 ut
1329 5388 1425 5443 ego
1444 5373 1666 5427 inserar.
1697 5369 1839 5424 Bene

261 5468 467 5531 propter
495 5462 902 5519 incredulitatem
927 5469 1080 5536 fracti
1109 5477 1251 5521 sunt.
1281 5468 1360 5523 Tu
1391 5466 1529 5523 dicis
1555 5466 1679 5523 ideo
1709 5467 1837 5524 illos

260 5552 500 5619 fractos,
549 5564 606 5608 ut
654 5564 708 5609 tu
738 5557 1025 5615 inseraris:
1073 5558 1366 5616 Videamus
1424 5561 1471 5615 si
1523 5570 1838 5631 propterea,

259 5654 309 5699 et
360 5658 469 5697 non
516 5643 688 5713 magis
737 5658 955 5717 propter
1007 5650 1443 5709 incredulitatem
1497 5667 1651 5708 suam
1700 5654 1841 5710 ccci-

261 5736 465 5793 dcrunt.
1490 5748 1510 5752 "

1954 4641 2037 4688 tra
2063 4633 2209 4699 illos,
2234 4649 2303 4689 ne
2329 4632 2647 4703 superbiant
2671 4640 2882 4704 gentes.

2024 4726 2329 4799 Mysterium
2376 4728 2492 4782 hoc.
2524 4726 2823 4794 Arcanum,
2856 4724 3002 4796 quod
3050 4724 3361 4779 hominibus
3384 4723 3543 4795 igno-

1953 4830 2063 4876 tum
2095 4828 2198 4888 est,
2230 4834 2398 4890 quare
2442 4820 2665 4873 salvatte
2715 4824 2843 4871 sunt
2870 4824 3088 4887 gentes:
3122 4816 3248 4883 quia
3300 4812 3544 4871 occasio-

1951 4929 2075 4969 nem
2102 4912 2183 4967 eis
2210 4910 2403 4967 salutis
2427 4910 2592 4964 etiam
2621 4909 2835 4964 caecitas
2863 4908 3182 4979 pnestiterit
3210 4906 3396 4962 Israel.

2027 5003 2095 5060 Ut
2135 5020 2239 5058 non
2266 5003 2375 5058 sitis
2407 5000 2779 5071 nobismetipsis
2808 5001 3083 5072 sapientes.
3142 4998 3221 5056 Ne
3250 4998 3547 5055 secundum

1950 5098 2245 5153 humanam
2294 5094 2617 5165 sapientiam
2647 5093 2883 5150 dicatis:
2939 5092 3052 5149 Nos
3084 5093 3230 5151 Deus
3283 5094 3467 5166 elegit,
3497 5102 3552 5149 et

1947 5190 2071 5247 illos
2093 5188 2312 5259 abiecit.

2025 5284 2161 5351 Quia
2212 5282 2411 5337 cwcitas
2457 5297 2520 5336 ea:
2558 5290 2701 5346 parte
2754 5281 2965 5353 contigit
2995 5279 3186 5335 Israel.
3234 5282 3291 5335 In
3324 5286 3534 5335 tantum

1946 5374 2114 5431 Israel
2145 5382 2200 5430 et
2228 5374 2443 5441 delicta,
2477 5382 2533 5429 et
2564 5372 2790 5444 perﬁdia
2819 5382 3197 5441 occuparunt,
3227 5380 3290 5427 ut
3336 5371 3548 5426 veniret

1944 5478 2180 5540 tempus,
2202 5484 2310 5539 quo
2324 5477 2513 5539 gentes
2533 5482 2723 5522 omnes
2749 5466 3163 5522 admitterentur
3193 5465 3260 5521 ad
3282 5464 3468 5531 vitam,
3488 5473 3545 5519 et

1942 5561 2016 5617 ita
2037 5562 2212 5616 omnis
2226 5560 2390 5616 Israel
2412 5576 2510 5630 per
2531 5560 2689 5615 [idem
2712 5559 2881 5615 solam
2901 5559 3240 5615 salvaretur:
3272 5554 3544 5628 quomodo

1942 5655 2183 5727 gentium
2237 5653 2515 5723 plenitudo
2566 5654 2673 5709 vita
2719 5653 2960 5723 mquales
3002 5660 3189 5709 essent
3220 5652 3272 5708 in
3303 5649 3543 5723 Christo,

1944 5750 2067 5819 quia
2098 5748 2397 5821 inthualcs
2424 5746 2640 5807 Inerant
2669 5748 2719 5804 in
2749 5746 2984 5805 delictis.
