4030 6202
511 211 618 269 699

1540 212 1598 267 S.
1639 210 2018 267 HIERONYMI
2056 210 2341 268 OPERUM
2379 210 2745 268 HANTISSA.

3705 214 3814 270 700

579 329 762 389 Donec
791 330 1056 403 plenitudo
1075 330 1302 401 gentium
1358 329 1592 394 intraret,
1620 336 1667 381 et
1697 328 1771 380 sic
1819 326 1988 381 omnis
2014 324 2096 379 Is-
2128 325 2182 391 Α
2208 325 2551 395 indigerent:
2577 332 2635 379 ut
2665 322 2917 381 omnibus
2946 321 3013 379 de
3058 322 3191 379 falsa
3236 322 3500 395 iactantia
3539 340 3810 397 operum,

508 424 621 477 rael
648 426 817 481 saluus
842 425 1011 493 ﬁeret.
1044 421 1273 476 Tamdiu
1320 420 1636 489 permansit,
1687 418 1861 474 donec
1910 428 2098 489 gentes

509 514 733 571 salvatat
750 515 1014 577 viderent,
1033 512 1177 580 quod
1191 526 1382 566 omnes
1405 511 1577 564 vocati
1604 518 1731 565 sunt
1747 509 1812 565 ad
1828 509 2059 565 salutem
2082 527 2095 564 :

510 607 626 662 sive
654 623 723 663 ex
749 606 904 670 Juda,
956 614 1010 659 et
1057 603 1252 669 Israel,
1285 612 1338 657 et
1371 602 1487 672 lege
1534 602 1768 657 scilicet.
1809 601 1939 657 Item
1998 604 2099 658 hoc

511 699 769 763 ostendit,
801 699 1055 766 quoniam
1088 696 1325 752 intrante
1356 696 1407 751 in
1444 696 1601 752 [idem
1626 696 1829 751 Christi
1854 697 2097 766 gentium

509 790 918 858 supplemento.
947 797 1074 845 tune
1096 789 1239 853 zelo.
1268 799 1319 844 et
1348 790 1695 848 inmutatione
1722 791 1950 861 permoui
1972 791 2099 847 reli-

512 882 600 950 qui
619 880 796 950 populi
811 880 1142 947 Juda-ornm,
1156 880 1441 936 credentes
1458 882 1509 937 in
1528 882 1767 949 Christo,
1788 883 1922 943 salvi
1946 884 2098 940 liant.

508 970 781 1042 Praeponit
797 980 975 1027 autem
991 971 1259 1028 interdum
1274 973 1313 1026 A
1326 975 1563 1043 postulas
1576 989 1676 1043 gen
1688 983 1765 1029 tes
1784 974 1984 1043 populo
2000 974 2077 1030 lle
2089 1005 2101 1013 ο

509 1062 779 1119 brteorum
795 1065 846 1118 in
862 1063 987 1129 lide,
1010 1079 1072 1119 ea
1090 1063 1325 1132 ratione,
1343 1065 1599 1135 quoniam
1634 1067 1846 1122 etiamsi
1864 1067 2103 1137 aliquan-

511 1156 550 1210 ti
580 1170 647 1210 ex
676 1154 785 1211 illis
814 1155 1033 1213 Christo
1068 1157 1414 1213 crediderant
1440 1173 1454 1211 :
1491 1167 1669 1214 tamen
1696 1159 1827 1227 legis
1853 1159 2103 1215 Mosaicae

508 1247 681 1304 adlmc
706 1258 968 1319 prteccpta
993 1250 1303 1304 servabant.
1328 1250 1485 1307 Unde
1509 1261 1561 1305 et
1583 1251 1685 1321 ipsi
1712 1262 1899 1321 postea
1922 1266 2104 1307 exem-

510 1339 601 1409 plo
645 1342 924 1410 gentium,
977 1339 1345 1397 Christianam
1386 1341 1546 1395 tidem
1592 1342 1803 1411 integre
1831 1343 2105 1398 custodire

507 1440 808 1498 cmpcrunt.
840 1430 955 1486 Non
985 1433 1129 1487 enim
1176 1447 1272 1501 pro
1322 1432 1686 1500 multitudine,
1713 1434 2102 1503 plenitudinem

507 1520 681 1578 dicit:
716 1522 811 1578 sed
833 1522 960 1592 quia
1002 1522 1197 1594 repleti
1240 1532 1366 1579 sunt
1392 1539 1421 1578 a
1456 1526 1685 1580 Domino
1716 1539 1936 1583 nostro:
1967 1529 2108 1582 sicut

510 1623 565 1667 et
597 1614 712 1682 ipse
759 1615 834 1669 ait
865 1615 1060 1671 Paulus
1106 1616 1173 1671 de
1220 1616 1589 1673 credentibus.
1636 1617 1704 1673 Et
1754 1617 1929 1689 ipsum
1959 1620 2102 1675 dedit

2198 418 2371 489 gloria
2418 418 2725 477 tolleretur.

2274 511 2441 576 Quam
2471 508 3002 583 incomprehensibilia
3024 519 3143 563 sunt
3156 509 3369 580 judicia
3391 512 3530 581 ejus,
3558 519 3613 567 et
3662 512 3808 566 inae-

2198 603 2465 675 stignbiles
2490 604 2585 658 uia:
2607 603 2739 667 eius.
2767 601 2976 658 iudicia
3005 600 3097 654 Dei
3125 605 3355 671 abyssus
3388 604 3577 656 multa.
3622 601 3809 675 Aliqui

2200 696 2341 749 enim
2373 692 2838 764 comprehendere
2868 708 2977 747 non
3008 703 3259 762 possunt.

2276 786 2403 854 Quis
2446 788 2579 843 enim
2626 786 2860 856 cognorit
2901 800 3106 838 sensum
3138 781 3396 838 Domini?
3451 785 3595 841 Ante
3640 798 3806 841 uento

2202 878 2455 945 Cognovit
2486 896 2499 931 :
2534 894 2657 934 nam
2683 879 2737 933 in
2761 878 3015 948 praesenti
3049 877 3167 947 ipse
3217 876 3422 933 Paulus
3453 877 3639 949 utique
3667 878 3807 933 scie-

2203 972 2318 1039 bat,
2337 971 2429 1040 qui
2448 970 2572 1029 aliis
2594 971 2941 1027 ostendebat.
2970 968 3078 1024 Nos
3103 979 3284 1025 autem
3337 984 3557 1025 sensum
3590 970 3802 1026 Domini

2206 1062 2488 1118 habemus.
2518 1064 2647 1119 Sive
2672 1061 2844 1131 legero
2873 1062 3044 1132 ipsius
3073 1074 3168 1129 per
3194 1077 3255 1115 se
3305 1075 3467 1117 nemo
3506 1061 3797 1134 cognovit:

2205 1165 2259 1208 et
2281 1168 2439 1208 nemo
2460 1152 2716 1223 peculiari
2746 1154 2856 1208 Deo
2877 1150 3324 1207 confabulatione
3353 1151 3677 1221 instructus,
3701 1153 3798 1209 do-

2193 1248 2379 1305 'ctrina
2411 1264 2515 1301 non
2548 1246 2751 1316 indiget
2793 1246 2945 1316 legis.

2279 1338 2379 1391 Aut
2409 1339 2524 1409 quis
2568 1336 2898 1392 consiliarius
2938 1339 3052 1409 ejus
3098 1338 3249 1407 fuit?
3303 1337 3373 1394 Ut
3422 1338 3541 1409 ejus
3588 1339 3801 1411 noverit
3837 1403 3847 1417 .

2206 1442 2571 1489 sacramenta.
2618 1418 2627 1427 ’

2279 1524 2382 1579 Aut
2404 1525 2519 1593 quis
2539 1525 2680 1597 prior
2703 1523 2843 1580 dedit
2865 1524 2963 1588 illi,
2987 1533 3031 1580 et
3054 1523 3355 1581 retribuetur
3376 1526 3459 1582 ei?
3481 1524 3611 1594 Quis
3641 1526 3799 1597 prior

2211 1617 2337 1671 fecit
2366 1617 2565 1687 aliquid
2596 1616 2744 1683 boni,
2779 1625 2834 1670 et
2864 1632 2968 1671 non
2999 1615 3093 1671 Dei
3132 1617 3556 1673 misericordiam
3589 1616 3797 1689 glorifi-

508 1718 672 1775 caput
724 1721 888 1777 super
939 1722 1156 1764 omnem
1208 1708 1506 1765 Ecclesium
1529 1751 1543 1776 ,
1595 1725 1714 1781 quae
1769 1720 1852 1767 est
1905 1726 2103 1781 corpus
2137 1707 2178 1769 Il
2207 1719 2314 1778 cet,
2340 1708 2434 1765 sed
2465 1723 2565 1764 suo
2594 1723 2653 1764 se
2683 1709 2874 1765 merito
2901 1707 3176 1779 recepisse
3218 1708 3504 1780 glorietur?

509 1796 680 1868 ipsius
701 1815 715 1855 :
733 1799 1009 1868 plenitudo
1024 1802 1142 1871 ejus
1163 1802 1255 1872 qui
1272 1802 1453 1857 omnia
1480 1803 1532 1857 in
1554 1802 1802 1859 omnibus
1820 1803 2098 1874 adimplet.

583 1890 730 1946 Sicut
749 1892 993 1964 scriptum
1020 1901 1094 1947 est
1119 1909 1138 1948 :
1189 1892 1361 1948 Veniet
1406 1910 1470 1948 ea:
1510 1894 1664 1960 Sion,
1693 1896 1783 1966 qui
1815 1895 2020 1967 eripiat,
2055 1906 2101 1950 et

508 1989 705 2035 avertat
736 1982 1043 2051 impietatem
1059 1982 1122 2036 ab
1147 1981 1331 2055 Iacob.
1359 1984 1585 2050 Quidam
1618 1983 1734 2039 haec
1757 1988 1935 2041 omnia
1960 1986 2101 2042 lutu-

504 2087 567 2128 ra
597 2071 931 2133 existimant.
961 2074 1169 2143 Quibus
1218 2077 1657 2146 respondendum
1702 2085 1830 2134 est:
1867 2080 2007 2148 Ergo
2046 2089 2101 2135 et
2150 2092 2153 2095 ‘

506 2161 612 2219 hoc
640 2165 1007 2221 testimonium
1044 2183 1056 2221 :
1089 2166 1282 2223 Veniet
1310 2184 1375 2223 ex
1406 2168 1533 2223 Sion
1565 2169 1657 2237 qui
1688 2170 1885 2239 eripiat
1910 2169 2096 2237 Israel,

506 2254 681 2311 adhuc
708 2256 946 2313 futurum
973 2268 1077 2326 est,
1104 2268 1163 2314 ut
1189 2277 1402 2315 rursum
1425 2262 1672 2318 Christus
1694 2262 1946 2319 adveniat
1966 2264 2099 2321 lihe-

504 2362 650 2415 rare,
702 2360 757 2406 ct
786 2365 814 2405 a
847 2352 955 2407 Deo
985 2368 1081 2425 pro
1129 2363 1374 2425 tempore
1425 2356 1680 2412 cxcazcati
1724 2369 1871 2427 Stlﬂ',
1905 2369 1957 2413 et
1992 2374 2097 2414 non

504 2442 815 2513 semetipsis
859 2444 987 2516 quid
1029 2446 1096 2503 de
1118 2446 1246 2515 illis,
1279 2449 1553 2519 quomodo
1581 2457 1815 2521 pereunt
1842 2465 1947 2505 non
1979 2465 2098 2506 cre-

504 2534 720 2595 dentes.

581 2627 643 2682 Et
667 2630 765 2705 hoc
794 2630 900 2685 illis
930 2649 963 2686 a
990 2649 1066 2688 me
1104 2631 1508 2700 Testamentum,
1550 2652 1664 2689 cum
1694 2635 1952 2691 abstulero
1983 2653 2100 2707 pec-

503 2730 620 2774 cata
642 2738 839 2775 eorum.
874 2723 1281 2781 Testamentum
1337 2743 1558 2794 novum,
1612 2731 1754 2799 quod
1801 2731 2095 2799 promisit:

502 2812 646 2884 quod
676 2815 888 2868 nonnisi
918 2817 1067 2883 novi,
1094 2819 1308 2873 abolitis
1338 2820 1602 2891 peccatis,
1635 2821 1921 2893 accipient.

579 2903 879 2959 Secundum
911 2906 1241 2978 Evangelium
1261 2911 1469 2981 quidem
1493 2912 1707 2979 inimici,
1739 2924 1951 2984 prOpter
1986 2929 2094 2970 vos.

504 2993 715 3048 Inimici
747 2994 877 3050 mibi
902 3008 1048 3069 sunt,
1071 3008 1289 3071 propter
1314 3018 1435 3072 qua:
1466 3003 1616 3059 vobis
1649 3004 1905 3074 praedico,
1935 3003 2091 3061 Chrio

507 3094 647 3143 stum
673 3089 1041 3158 prohibentes,
1063 3109 1166 3149 non
1186 3096 1433 3163 gentibus
1452 3097 1617 3167 loqui,
1634 3099 1865 3152 utsalva:
1885 3098 2028 3155 ﬁant.

578 3177 876 3234 Secundum
904 3181 1204 3239 electionem
1231 3194 1402 3240 autem
1421 3188 1733 3255 charissinti,
1764 3202 1973 3261 propter
2000 3208 2099 3261 pa-

504 3279 626 3326 (res.
661 3272 717 3329 Si
745 3285 925 3331 autem
976 3278 1223 3347 credant,
1266 3278 1572 3335 cbarissimi
1622 3292 1749 3337 sunt
1780 3283 2101 3353 :duplicitcr

504 3368 890 3423 commendati.

577 3458 706 3513 Sine
735 3463 1033 3530 poenitentia
1056 3463 1190 3518 enim
1235 3475 1353 3519 sunt
1385 3464 1545 3531 dona,
1568 3476 1617 3521 et
1664 3469 1861 3521 vocatio
1896 3466 2009 3524 Dei.
2042 3470 2099 3531 Si

505 3551 855 3622 crediderint,
886 3571 991 3612 non
1024 3556 1128 3610 illis
1152 3568 1401 3626 poterunt
1427 3560 1680 3629 impu'ari
1711 3573 1955 3632 peccata,
1975 3566 2101 3635 quia

508 3643 797 3699 Dominum
847 3662 955 3703 non
1008 3651 1234 3718 paenitet
1280 3651 1509 3707 Abrahae
1555 3668 1736 3709 semen
1762 3656 2097 3725 promisisse.

510 3734 638 3790 Sive
663 3735 739 3789 illi
785 3738 903 3792 sine
944 3739 1236 3797 afﬂictione
1278 3743 1632 3814 pmoirentim,
1672 3747 1717 3802 si
1750 3747 2099 3813 crediderint.

509 3824 889 3884 salvabuntur.

582 3918 732 3974 Sicut
770 3920 903 3974 enim
956 3924 1238 3992 aliquando
1266 3936 1314 3980 et
1361 3944 1449 3982 vos
1479 3945 1582 3984 non
1624 3934 1919 3988 credidistis
1971 3934 2098 3991 Deo.

508 4011 734 4079 Quando
763 4014 940 4070 adlmc
972 4017 1050 4072 illi
1076 4019 1393 4087 credebant.

584 4103 739 4158 Nunc
759 4116 931 4160 autent
963 4109 1367 4166 misericordiam
1400 4119 1661 4171 consecuti
1704 4119 1843 4185 estis,
1891 4130 2101 4191 propter

507 4193 921 4251 incredulitatem
947 4200 1179 4254 illorum.
1217 4202 1330 4258 Non
1364 4216 1544 4263 vestro
1592 4210 1806 4263 merito.

579 4284 664 4340 Ita
696 4298 743 4342 et
770 4288 857 4344 isti
876 4307 1012 4345 nunc
1052 4309 1153 4347 non
1183 4296 1518 4351 crediderunt
1563 4301 1616 4351 in
1647 4309 1864 4354 vestrum
1903 4302 2102 4357 miseri-

506 4379 766 4435 cordiam.
795 4381 1154 4440 Misericordia
1186 4388 1452 4457 gentium,
1477 4388 1727 4447 Christus
1750 4401 1851 4445 est.

582 4473 649 4529 Ut
669 4484 717 4528 et
747 4477 847 4543 ipsi
890 4479 1301 4534 misericordiam
1351 4494 1753 4552 consequantur.
1800 4484 1855 4540 In
1889 4495 2097 4542 tantum

506 4584 613 4623 non
643 4569 1011 4641 crediderunt,
1044 4584 1097 4625 ut
1129 4583 1183 4627 et
1207 4573 1305 4643 ipsi
1337 4576 1596 4641 operibus
1624 4577 1736 4630 suis
1769 4594 1873 4633 non
1902 4580 2101 4648 justiti-

506 4672 718 4730 centur,
753 4664 847 4719 sed
872 4665 1271 4733 misericordia,
1314 4668 1455 4723 sicut
1486 4678 1537 4723 et
1580 4685 1699 4724 vos.

575 4756 839 4811 Conclusit
869 4759 1006 4812 enim
1034 4760 1172 4813 Deus
1202 4761 1374 4814 omnia
1402 4762 1455 4814 in
1482 4761 1863 4818 incredulitate.
1896 4763 2014 4819 Non
2045 4765 2097 4819 vi

506 4849 797 4914 Conclusit,
824 4851 919 4905 sed
953 4851 1163 4906 ratione
1207 4852 1493 4919 enuclusit,
1528 4869 1664 4921 quos
1687 4855 1889 4910 invenit
1930 4856 1981 4911 in
2018 4859 2103 4912 in-

504 4940 867 4998 credulitate:
903 4945 1007 4999 hoc
1054 4954 1155 5011 est,
1203 4945 1422 5002 Judzeos
1472 4964 1666 5004 omnes
1706 4961 1764 5006 et
1796 4962 1985 5021 gentes
2015 4954 2099 5008 hic

503 5035 795 5099 conclusit,
824 5038 949 5107 quia
996 5047 1120 5093 ante
1143 5038 1315 5095 Judazi
1339 5050 1652 5111 peccatores
1683 5052 1886 5099 tantum
1916 5056 2096 5113 erant,

504 5140 613 5179 non
645 5126 808 5180 etiam
837 5128 1023 5196 perfidi
1063 5149 1073 5184 :
1109 5143 1390 5201 postquam
1440 5146 1620 5189 autem
1668 5135 1937 5191 Christum
1994 5153 2100 5193 non

503 5216 875 5286 crediderunt,
903 5223 1155 5289 gentibus
1182 5234 1310 5281 sunt
1354 5228 1610 5298 mquales,
1642 5237 1699 5284 et
1733 5244 1924 5287 omnes
1951 5232 2103 5287 simi-

504 5308 630 5365 liter
655 5312 1083 5368 misericordiam
1103 5330 1529 5389 consequuntur.

580 5403 649 5459 Ut
672 5406 908 5458 omnium
938 5408 1260 5466 misereatur.
1299 5412 1408 5466 llac
1433 5413 1499 5467 de
1525 5427 1707 5469 causa.

578 5494 623 5547 0
667 5496 890 5551 altitudo
931 5498 1229 5556 divitiarum
1274 5504 1548 5573 sapientia:
1592 5518 1636 5561 et
1686 5507 1914 5561 scientia:
1964 5507 2103 5563 Dei!

504 5583 708 5637 Lftttl'ti
737 5587 1060 5657 sapientiam
1123 5593 1240 5659 Dei,
1293 5596 1383 5665 qui
1419 5596 1621 5651 tamdiu
1650 5600 1987 5667 exspectavit
2018 5616 2102 5654 se-

504 5676 735 5727 cundum
760 5677 1182 5752 prmscicntiam,
1214 5683 1391 5742 donec
1439 5702 1629 5744 omnes
1666 5689 2099 5747 misericordiam

2278 1800 2533 1866 Quoniam
2556 1816 2619 1854 ea:
2637 1800 2769 1870 ipso,
2796 1810 2840 1855 et
2862 1815 2953 1873 per
2972 1801 3163 1871 ipsum,
3188 1802 3309 1855 etin
3331 1802 3441 1871 ipso
3464 1808 3583 1856 sunt
3604 1800 3795 1858 omnia.

2204 1892 2286 1946 Ab
2308 1891 2425 1961 ipso
2450 1892 2631 1953 omnis
2653 1901 2899 1946 creatura
2924 1891 3133 1961 accepit
3164 1890 3394 1956 initium,
3424 1897 3476 1945 et
3505 1904 3601 1962 per
3624 1888 3795 1960 ipsum

2202 1982 2429 2052 regitur,
2464 1983 2600 2037 etin
2636 1984 2755 2051 ipso
2803 1984 2986 2037 omnia
3042 1982 3479 2050 concluduntur,
3535 1998 3637 2038 nec
3688 1984 3797 2055 ipse

2204 2075 2518 2131 continetur
2547 2076 2617 2129 ab
2647 2076 2777 2132 ullo.

2272 2166 2385 2239 Ipsi
2415 2169 2582 2221 honor
2624 2176 2671 2222 et
2695 2169 2865 2239 gloria
2895 2168 2947 2221 in
2979 2168 3171 2223 scerula
3222 2167 3559 2223 sa'culorum.
3616 2168 3794 2223 Amen.

2201 2262 2319 2333 ipse
2364 2264 2512 2317 solus
2540 2262 2927 2332 gloriﬁcandus
2970 2272 3056 2319 est
3084 2279 3098 2319 :
3124 2263 3283 2333 cujus
3313 2274 3397 2320 est
3450 2264 3613 2319 etiam
3656 2264 3795 2335 quod

2200 2368 2408 2419 sumus,
2433 2362 2487 2407 ct
2512 2355 2762 2419 vivimus,
2794 2370 2857 2410 ac
2886 2370 3193 2410 movemur.
3224 2354 3402 2410 Simul
3424 2359 3587 2410 etiam
3613 2364 3795 2411 contra

2200 2446 2434 2501 Aci-inus
2486 2444 2612 2501 facit
2643 2446 2730 2501 hic
2761 2448 2933 2512 locus,
2964 2462 3088 2502 cmn
3118 2446 3318 2503 dicitur
3347 2464 3362 2503 :
3405 2448 3548 2503 Deus
3599 2448 3648 2504 itl
3678 2465 3796 2506 esse

2202 2551 2266 2591 ex
2291 2551 2397 2607 quo
2425 2538 2630 2605 omnia,
2679 2546 2734 2592 et
2765 2554 2862 2608 per
2908 2554 3068 2608 quem
3114 2540 3292 2593 omnia
3326 2538 3465 2597 facta
3494 2556 3616 2596 esse
3645 2558 3797 2596 mon-

2201 2639 2440 2685 strantur
2471 2647 2485 2683 :
2512 2631 2555 2687 si
2588 2630 2805 2702 quidem
2829 2635 3010 2686 omnia
3053 2648 3149 2703 per
3183 2634 3417 2689 Verbum
3448 2634 3500 2689 in
3538 2636 3796 2708 princip’o

2202 2717 2339 2775 laeta
2361 2762 2375 2787 ,
2423 2722 2759 2789 Evangelista
2790 2724 3041 2795 signavit.
3074 2725 3135 2779 Et
3164 2725 3309 2796 quod
3345 2725 3414 2782 de
3451 2726 3589 2781 Filio
3625 2728 3796 2781 Evan-

2200 2813 2387 2882 gelista
2430 2821 2676 2878 tes1atur.
2712 2814 2817 2870 hoc
2846 2816 3163 2885 Apostolus,
3202 2833 3296 2886 per
3340 2819 3567 2873 unitatis
3598 2829 3795 2890 myste-

2202 2906 2365 2973 rium,
2405 2905 2472 2961 de
2501 2905 2665 2963 Patre
2691 2905 3105 2979 intelligendum
3141 2910 3334 2966 edocet
3364 2910 3720 2967 credendum.

2797 3068 3027 3125 CAPUT
3082 3069 3195 3125 XII.

2272 3204 2497 3261 Obsecro
2546 3207 2722 3278 itaque
2748 3224 2856 3271 vos,
2886 3211 3093 3278 fratres.
3125 3208 3265 3275 Quia
3294 3208 3362 3265 de
3384 3224 3549 3265 sensu
3582 3210 3797 3268 Domini

2200 3294 2414 3353 dixerat
2442 3314 2453 3349 :
2484 3298 2820 3365 mododicit,
2845 3299 3033 3370 quales
3062 3313 3122 3355 se
3152 3300 3416 3357 exhibere
3443 3302 3696 3371 debeant,
3744 3312 3800 3358 ut

2202 3403 2422 3445 sensum
2460 3390 2673 3447 Domini
2724 3391 2925 3447 habere
2971 3404 3307 3450 mereantur.
3358 3394 3474 3449 Huc
3515 3411 3684 3468 usque
3732 3396 3799 3452 de

2202 3478 2544 3548 dogmatibus
2570 3481 2703 3537 dicit
2732 3500 2743 3537 :
2772 3482 2899 3539 hinc
2932 3486 3042 3552 jam
3078 3487 3303 3542 moralia
3335 3486 3514 3541 docet.

2276 3573 2381 3628 Per
2410 3575 2816 3631 misericordiam
2868 3576 2980 3633 Dei.
3023 3578 3139 3646 Qua
3187 3579 3356 3650 magis
3385 3579 3519 3634 nihil
3549 3588 3655 3645 est,
3701 3594 3799 3651 per

2203 3681 2360 3735 quam
2392 3666 2601 3721 liberati
2649 3683 2857 3723 smnus.

2279 3757 2344 3811 Ut
2365 3758 2645 3813 exhibeatis
2668 3777 2885 3827 corpora
2908 3771 3093 3816 vestra.
3115 3762 3327 3828 Quanto
3344 3764 3515 3833 magis
3540 3764 3795 3831 animam,

2204 3863 2310 3907 non
2340 3848 2677 3915 animalium,
2727 3852 2865 3907 sient
2896 3853 2947 3907 in
2999 3854 3154 3923 lege:
3191 3870 3311 3923 quas
3360 3864 3537 3911 tamen
3582 3856 3709 3910 licet
3743 3856 3796 3913 in

2205 3942 2369 4011 ﬁgura
2401 3942 2618 4007 fuerint,
2668 3944 3011 4000 immaculata
3045 3949 3432 4012 eliciebantur,
3458 3954 3513 4001 et
3541 3948 3681 4003 viva.

2277 4035 2521 4091 Hostiam
2570 4040 2847 4100 virentem,
2903 4049 3158 4094 sanctam.
3192 4040 3298 4095 lloc
3326 4048 3426 4107 est,
3459 4051 3688 4111 eaStatn,
3743 4053 3800 4098 et

2205 4128 2434 4185 alienam
2462 4130 2530 4184 ah
2557 4133 2705 4185 omni
2757 4142 2931 4185 morte
2966 4133 3197 4202 peccati.

2278 4222 2386 4276 Deo
2419 4226 2726 4293 placentem.
2783 4225 3036 4292 Domino,
3074 4242 3179 4280 non
3232 4226 3541 4283 hominibus
3591 4237 3795 4283 tantum

2205 4313 2435 4384 placato,
2458 4317 2575 4369 sive
2606 4317 2732 4370 talis
2754 4317 2801 4370 ci
2820 4317 2998 4385 placet
3025 4316 3226 4373 hostia.

2280 4406 2607 4461 Rationabile
2636 4408 2928 4479 obsequium
2957 4418 3201 4465 vestrum.
3234 4410 3408 4467 Omne
3436 4425 3573 4482 opus
3600 4412 3799 4467 bonum

2206 4505 2331 4552 tunc
2364 4499 2532 4563 placet
2556 4499 2689 4565 Deo,
2719 4503 2761 4554 si
2791 4501 3190 4556 rationabiliter
3239 4502 3353 4557 ﬁat.
3387 4503 3521 4558 Nam
3547 4506 3798 4561 mercede

2206 4590 2467 4657 privatur,
2524 4598 2579 4643 nt
2613 4599 2738 4658 puta
2782 4592 2825 4645 si
2871 4592 2991 4661 quis
3048 4592 3326 4648 horttinum
3357 4610 3519 4651 causa
3568 4597 3800 4666 jejunat,

2206 4677 2406 4733 bonum
2430 4679 2747 4747 obsequium
2767 4682 3082 4750 insipienter
3098 4683 3220 4740 facit
3238 4700 3251 4740 :
3270 4686 3341 4740 ita
3364 4696 3413 4742 et
3457 4687 3525 4742 de
3551 4689 3803 4743 omnibus

2204 4770 2586 4839 adjacentihus
2615 4774 2957 4830 sentiendum
2987 4786 3093 4833 est.

2282 4861 2348 4916 Et
2371 4864 2528 4919 nolite
2554 4869 2872 4936 conformari
2903 4868 3024 4922 huic
3050 4868 3264 4935 sceculo,
3317 4871 3408 4924 sed
3446 4872 3804 4940 reformamini

2209 4956 2261 5009 in
2284 4957 2509 5013 novitate
2536 4975 2712 5013 sensus
2733 4962 2905 5015 vestri.
2924 4959 3100 5018 Nolite
3119 4962 3321 5017 similes
3345 4977 3466 5017 esse
3488 4961 3539 5015 (il
3549 4964 3611 5015 iis
3636 4978 3794 5017 mun-

2208 5046 2282 5112 di,
2308 5050 2398 5118 qui
2425 5048 2549 5103 l'acti
2577 5050 2711 5111 estis
2744 5051 2835 5106 lilii
2867 5052 2988 5118 Dei,
3037 5053 3135 5110 sed
3169 5060 3422 5107 renovate
3452 5066 3671 5106 sensum
3703 5067 3801 5107 ve-

2210 5150 2407 5209 strum,
2431 5157 2525 5213 per
2552 5158 2711 5213 quem
2744 5145 2947 5215 regitur
2974 5160 3194 5216 corpus,
3237 5154 3290 5199 ct
3318 5144 3500 5201 omnia
3557 5146 3802 5201 membra

2210 5230 2540 5300 diriguntur,
2567 5234 2805 5289 utetiam
2848 5240 3095 5307 corporis
3144 5247 3299 5291 actus
3328 5238 3451 5293 novi
3485 5236 3615 5290 ﬁant
3650 5256 3660 5290 :
3697 5254 3805 5308 quo

2214 5323 2433 5392 possitis
2463 5324 2791 5383 voluntatem
2824 5327 2945 5391 Dei,
2990 5337 3046 5384 et
3090 5342 3305 5383 sensum
3328 5327 3448 5397 ejus
3477 5343 3800 5399 agnoscere.

2211 5417 2336 5472 ΙΙωο
2356 5418 2498 5473 enim
2535 5421 2749 5473 nonnisi
2782 5436 2923 5475 novo
2944 5423 3127 5477 sensui
3160 5421 3493 5477 revelantur.

2286 5510 2353 5564 Ut
2400 5509 2621 5581 probetis
2660 5526 2774 5579 qua:
2814 5513 2879 5565 sit
2897 5514 3136 5569 voluntas
3184 5514 3279 5570 Dei
3318 5514 3806 5587 bona,etbencpla-

2208 5616 2347 5666 cens,
2375 5604 2421 5652 et
2453 5598 2695 5669 perfecta.
2725 5601 2837 5656 Hoc
2860 5612 2962 5669 e5t,
2994 5606 3137 5675 quod
3167 5606 3366 5662 bonum
3395 5609 3486 5675 sit,
3506 5615 3563 5663 et
3592 5609 3809 5677 melius,

2208 5701 2263 5747 Ct
2290 5691 2577 5766 optimum.
