4030 6202
147 168 282 227 τοι
839 165 1387 231 COMMENTARIUS
1422 169 1488 229 IN
1528 164 1914 227 EPISTULA)!
1958 165 2050 221 AD
2088 165 2437 226 ROMANOS.
2482 168 2635 225 CAP.
2682 168 2796 225 Xll.
3381 173 3486 228 ’702Ι

252 285 389 341 Dico
411 284 547 339 enin
579 300 670 355 per
688 285 939 353 gratiam,
966 300 1084 354 qua:
1110 285 1234 340 data
1253 298 1329 341 est
1350 286 1499 343 mihi.
1527 282 1786 339 Prohibet
1815 282 1863 347 Α
1892 279 2101 335 tristem
2128 279 2245 335 Sine
2274 280 2439 336 dubio
2468 283 2582 337 odit
2611 300 2623 335 :
2654 283 2776 354 quia
2802 284 3000 340 melius
3032 291 3115 342 cst
3141 285 3367 347 verbum
3392 286 3491 341 bo-

142 392 340 432 usum
372 377 619 431 humanae
646 377 929 448 sapientim
953 418 967 439 ,
1022 393 1145 447 ηυδε
1196 389 1393 449 przeter
1447 380 1620 448 legem
1654 386 1739 433 cst
1770 394 1783 429 :
1890 388 2047 439 num.
2081 388 2243 443 super
2273 373 2460 430 datum
2484 377 2770 443 optimum.

142 487 291 527 non
344 487 508 527 sensu
541 476 760 540 proprio
804 470 951 542 loqui
987 484 1047 525 se
1096 470 1262 537 dicit,
1314 471 1409 529 sed
1458 472 1786 529 auctoritate
1998 464 2215 527 Dilectio
2245 467 2356 520 sine
2384 466 3000 529 simulatione.0dientes
3051 467 3267 535 malum,
3313 468 3492 523 adlue-

149 566 383 633 gratim
418 563 533 618 Dei.
1888 564 2055 612 rentes
2097 558 2251 612 bono.
2286 558 2424 614 Tota
2460 561 2667 630 puritas
2703 560 2864 615 debet
2906 575 3025 617 esse
3069 559 3123 615 in
3145 559 3490 630 Christianis,

256 653 516 708 Omnibus
538 653 629 722 qui
647 662 766 707 sunt
788 654 915 708 inter
936 670 1041 711 vos.
1058 654 1158 722 Qui
1181 654 1654 722 suntsacerdotes,
1676 653 1789 709 sive
1890 650 2033 703 sicut
2057 649 2199 706 Deus
2224 667 2354 722 pura
2388 650 2474 708 lex
2497 663 2599 708 est.
2630 653 2860 724 Fingere
2885 655 3052 719 enim,
3072 670 3353 711 servorum
3381 664 3483 711 est.

149 744 439 800 doctores
474 763 487 798 :
514 760 742 813 quorum
770 746 958 800 caeteri
1000 746 1309 814 exemplum
1338 756 1658 817 sequuntur.
1890 740 1956 795 Et
1982 741 2269 811 diligamus
2296 759 2403 799 non
2430 745 2608 815 lingua
2641 754 2876 814 tantum,
2906 745 3004 800 sed
3034 760 3201 816 opere
3233 756 3287 800 et
3338 747 3484 802 veri-

248 838 384 892 Non
406 836 525 908 plus
552 854 732 908 sapere
754 855 912 909 quam
952 847 1153 910 oportet
1182 855 1383 910 sapere,
1406 840 1497 893 sed
1517 852 1692 909 sapere
1720 837 1788 890 ad
1891 842 2020 890 tate.
2071 836 2145 890 Ita
2186 846 2244 891 ut
2276 837 2442 893 etiam
2464 877 2479 904 ,
2532 838 2578 892 si
2633 852 2859 897 necesse
2904 837 3066 893 fuerit
3087 879 3102 904 ,
3129 852 3229 907 pro
3262 837 3492 893 invicem

145 931 534 985 sobrietatem.
573 930 700 986 Plus
724 931 843 985 vult
866 945 1081 998 sapere,
1115 930 1206 1001 qui
1227 932 1317 986 illa
1348 941 1641 997 scrutatur,
1665 944 1787 1000 quae
1891 926 2217 980 moriamur.

149 1023 266 1080 lex
317 1038 426 1081 non
458 1024 612 1080 dicit.
665 1024 819 1080 Unde
850 1031 906 1080 et
934 1024 1192 1081 Salomon
1230 1023 1343 1079 ait:
1373 1024 1576 1079 Altiora
1616 1032 1668 1081 te
1716 1035 1787 1078 ne
1962 1016 2282 1073 Charitatem
2324 1020 2669 1092 fraternitatis
2698 1022 2916 1077 inuicem
2946 1022 3237 1094 diligentes.
3295 1020 3374 1077 lta
3397 1036 3494 1077 vos

149 1116 498 1184 quaesieris,
532 1125 585 1172 et
606 1116 807 1186 majora
841 1126 893 1174 te
922 1132 988 1171 ne
1015 1117 1280 1173 scruteris
1311 1135 1322 1170 :
1354 1115 1452 1173 sed
1482 1131 1601 1186 qua:
1650 1130 1783 1185 [πως
1888 1106 2120 1176 diligite,
2151 1110 2303 1180 quasi
2337 1126 2405 1165 ex
2434 1128 2541 1166 una
2592 1122 2763 1167 matre
2793 1114 3057 1184 generati.

146 1210 336 1277 cepit
367 1209 462 1264 tibi
494 1210 654 1275 Deus,
692 1210 777 1264 illa
810 1209 988 1278 cogita
1042 1224 1277 1281 semper.
1962 1198 2182 1256 Honore
2220 1202 2435 1256 inricem
2468 1206 2859 1270 prceveuientes.
2909 1205 3022 1263 Hoc
3049 1206 3093 1261 si
3126 1220 3347 1277 semper
3372 1220 3491 1260 ser-

244 1298 329 1353 Et
353 1302 632 1372 unicuique
674 1300 803 1354 sicut
858 1299 997 1353 Deus
1026 1300 1217 1353 divisit.
1262 1296 1593 1362 Notandum,
1641 1294 1783 1366 quod
1888 1308 2165 1358 vacemus,
2197 1300 2253 1348 et
2280 1292 2631 1359 cbaritatem,
2684 1306 2739 1350 et
2784 1296 3098 1364 patientiam
3147 1306 3493 1364 teneremus,

150 1390 356 1445 Deum
384 1390 527 1445 dicat
571 1389 829 1459 Spiritum
865 1400 1139 1452 sanctum,
1170 1386 1448 1459 quomodo
1489 1385 1557 1440 ad
1589 1383 1784 1440 Corin-
1889 1387 2030 1441 sicut
2054 1387 2185 1445 alibi
2204 1388 2277 1442 ait
2304 1404 2319 1441 :
2347 1388 2504 1444 Alter
2543 1389 2866 1445 alterutrum
2902 1389 3163 1461 majorem
3220 1392 3498 1445 aestimau-

152 1482 331 1536 tlsins
360 1482 454 1547 ait,
485 1481 622 1536 dona
650 1480 893 1535 dividere
915 1480 1142 1549 singulis
1166 1488 1328 1549 prout
1349 1477 1490 1533 vult.
1889 1486 1990 1533 tes.
2021 1478 2075 1535 Si
2100 1477 2243 1534 enim
2278 1495 2377 1537 nos
2403 1481 2657 1536 omnibus
2685 1481 2923 1537 minores
2966 1481 3359 1552 iudicaremus,
3395 1496 3495 1537 nec

242 1572 557 1628 Mensuram
586 1572 723 1644 ﬁdei.
754 1571 1001 1627 Mensura
1033 1570 1182 1638 ﬁdei,
1206 1570 1423 1625 virtutis
1477 1567 1785 1641 intelligen-
1892 1569 2037 1625 ultro
2068 1570 2228 1625 alicui
2260 1570 2517 1641 iniuriam
2561 1572 2886 1638 faceremus,
2947 1585 3045 1626 nec
3097 1571 3295 1626 illatam
3337 1570 3495 1626 nobis

160 1666 240 1721 da
272 1676 363 1722 est
383 1667 580 1739 gratia,
604 1682 760 1735 quam
792 1664 1007 1720 nonnisi
1031 1664 1221 1719 lideles
1252 1664 1545 1733 accipiunt.
1807 1653 1855 1715 B
1882 1663 2118 1734 graviter
2140 1665 2550 1735 deputaremus.

244 1760 408 1816 Sicut
440 1761 573 1813 enim
597 1758 649 1811 in
674 1773 778 1812 una
811 1773 1023 1831 corpore
1052 1757 1215 1809 multa
1238 1754 1466 1809 membra
1496 1754 1736 1809 habemus
1766 1768 1785 1807 :
1963 1754 2335 1813 Sollicitudine
2359 1774 2458 1812 non
2504 1758 2661 1831 pigri.
2695 1758 2771 1814 Ne
2803 1773 2900 1829 per
2932 1757 3358 1813 sollicitudinem
3387 1770 3495 1811 sae-

152 1849 361 1903 onmia
384 1859 555 1903 autem
596 1848 823 1903 membra
845 1863 946 1901 non
973 1845 1208 1901 eumdem
1237 1853 1410 1903 actum
1460 1842 1684 1898 habent:
1714 1836 1788 1897 ita
1888 1847 2021 1911 culi,
2054 1848 2192 1918 pigri
2224 1849 2277 1903 in
2300 1847 2398 1903 Dei
2426 1864 2592 1917 opere
2622 1849 2933 1904 ciliciamini
2962 1857 3017 1905 et
3047 1849 3275 1905 inertes.

157 1942 342 1994 nulli
372 1957 531 1993 unum
555 1955 741 2011 corpus
760 1956 935 1993 sumus
958 1940 1011 1993 in
1042 1937 1265 1994 Christo.
1295 1938 1400 1993 Per
1423 1935 1787 2007 comparatio-
1961 1935 2167 2009 Spiritu
2200 1937 2466 2007 ferientes.
2497 1939 2630 2006 Quia
2660 1938 2878 2008 frigidos
2902 1938 3161 1993 Dominus
3189 1953 3294 1993 non
3325 1946 3488 2005 amat,

156 2046 307 2084 Item
343 2031 593 2099 corporis
621 2045 717 2085 eos
744 2029 811 2084 ad
855 2028 1205 2085 concordiam
1241 2028 1581 2096 cohortatur,
1610 2042 1677 2082 ne
1702 2026 1786 2081 vel
1888 2039 1945 2085 et
1974 2030 2025 2084 iu
2061 2029 2254 2100 tepidis
2277 2039 2523 2087 nauseat.
2552 2030 2702 2086 Tunc
2728 2032 2886 2103 p'ane
2914 2031 3106 2101 spiritu
3131 2030 3421 2095 fervemus,
3446 2031 3492 2085 si

160 2124 313 2177 hinc
344 2132 692 2187 moveantur,
738 2123 863 2192 quia
916 2121 1054 2176 dona
1087 2136 1353 2193 accepere
1397 2121 1610 2176 diversa
1640 2138 1651 2173 :
1679 2134 1784 2173 non
1887 2122 2090 2178 seculo
2111 2122 2292 2195 frigidi
2326 2138 2533 2178 sumus.

158 2211 329 2268 enini
358 2220 613 2284 poterant
634 2214 816 2267 omnia
848 2212 1047 2267 habere
1075 2212 1297 2283 singuli,
1329 2226 1398 2266 ne
1438 2209 1788 2279 superbirent
1961 2213 2185 2269 Domino
2214 2215 2507 2271 servientes.
2540 2213 2655 2270 Non
2705 2215 2906 2272 saeculo
2927 2256 2943 2281 ,
2974 2230 3153 2285 neque
3184 2214 3347 2282 vitio,
3392 2214 3489 2270 sed

161 2304 390 2360 nullius
417 2316 643 2375 egentes
666 2320 792 2359 :nec
821 2318 1013 2359 omnes
1040 2304 1252 2371 eadem,
1278 2314 1333 2358 ut
1360 2303 1610 2373 corporis
1631 2302 1787 2357 Chri-
1888 2305 2023 2362 Deo.

160 2397 241 2453 sti
273 2397 585 2451 similitudo
624 2398 675 2451 in
706 2397 864 2451 nobis
897 2382 1252 2450 monstretur:
1303 2396 1433 2451 ltem
1463 2394 1609 2466 quod
1655 2393 1789 2448 dicit
1961 2398 2065 2470 Spe
2094 2399 2402 2469 gaudentes.
2435 2402 2542 2470 Spe
2570 2415 2676 2456 non
2714 2400 2994 2471 prtesenti.
3028 2399 3165 2471 Spes
3192 2402 3336 2456 enim
3368 2416 3489 2471 qum

162 2491 220 2543 in
252 2503 371 2543 uno
396 2504 622 2558 corpore
665 2489 835 2544 multa
883 2489 1127 2543 membra
1161 2499 1383 2557 propter
1414 2486 1782 2542 diversitatem

160 2582 492 2635 officiorum
515 2580 671 2635 dicit.
697 2580 815 2635 Non
841 2581 984 2635 enim
1010 2589 1192 2652 potest
1223 2579 1413 2635 oculus
1441 2578 1651 2645 audire,
1686 2592 1785 2633 nec

162 2671 340 2725 auris
364 2671 573 2737 videre,
608 2681 659 2726 et
688 2673 767 2726 sic
792 2680 987 2726 ca'tera
1015 2670 1381 2741 intelligenda.

246 2763 470 2835 Singuli
500 2774 670 2818 autem
699 2766 828 2818 alter
848 2765 1069 2817 alterius
1105 2764 1351 2818 membra.
1382 2762 1451 2818 Ut
1475 2760 1785 2833 praestando

162 2858 532 2927 alterutrum,
561 2857 702 2925 quod
738 2858 1023 2925 habemus,
1053 2856 1222 2928 magis
1249 2872 1313 2911 ac
1345 2856 1516 2925 magis
1545 2854 1784 2909 charitas

166 2952 225 3007 in
260 2951 428 3007 nobis
454 2952 832 3005 contirmctur.

1887 2491 2121 2558 videtur,
2155 2507 2259 2548 non
2291 2504 2374 2550 est
2402 2508 2550 2565 spes.

1958 2582 2025 2636 In
2048 2584 2388 2641 tribulatione
2412 2588 2684 2658 patientes.
2717 2586 2947 2658 Propter
2973 2586 3227 2658 gaudium
3262 2588 3374 2655 spei
3408 2587 3488 2641 fu-

1887 2684 2055 2743 turae,
2089 2680 2269 2734 omnia
2309 2681 2576 2737 sustinete
2610 2698 2623 2736 :
2657 2681 2797 2735 sicut
2845 2680 2921 2735 ait
2958 2697 2972 2731 τ
3022 2679 3193 2734 Omne
3233 2679 3485 2750 gaudium

1888 2771 2218 2825 existimate.

1963 2862 2202 2916 Orationi
2222 2862 2494 2917 instantes.
2517 2860 2778 2917 lnstantia
2796 2861 3069 2915 orationis
3087 2860 3243 2916 nobis
3267 2869 3487 2931 praestat

1888 2952 2147 3006 auxilium
2178 2953 2229 3006 in
2255 2952 2517 3008 adversis.

246 3044 511 3098 Habentes
533 3055 703 3098 autem
727 3044 1032 3097 donationes
1062 3042 1351 3097 secundum
1390 3040 1635 3113 gratiam.
1668 3054 1783 3109 quo:
1808 3022 1853 3084 ο
1966 3045 2367 3102 Necessitatibus
2396 3057 2687 3100 sanctorum
2710 3046 3165 3101 communicantes.
3184 3044 3486 3100 Ministrate

165 3136 303 3189 (lata
342 3145 417 3188 est
464 3134 607 3189 nobis
658 3134 953 3202 differentes
986 3150 1003 3185 :
1052 3132 1263 3186 Donum
1313 3147 1417 3185 non
1448 3145 1512 3185 ex
1571 3138 1782 3196 nostro,

163 3227 267 3282 sed
301 3242 374 3280 ex
408 3226 661 3279 donantis
694 3225 922 3279 arbitrio
949 3223 1164 3293 pendet.
1196 3222 1263 3275 Et
1289 3221 1543 3276 omnibus
1564 3220 1780 3291 quidem

164 3317 536 3373 credentibus
558 3316 727 3386 gloria
760 3317 1091 3384 promittitur
1117 3315 1166 3367 in
1191 3312 1375 3368 futuro
1397 3313 1520 3370 :sed
1551 3315 1639 3382 qui
1673 3322 1777 3367 tam

162 3407 441 3463 mundum
486 3423 585 3461 Cur
635 3407 915 3470 habuerit,
947 3416 1005 3459 ut
1063 3404 1165 3459 hoc
1199 3414 1507 3472 mereatur,
1550 3403 1778 3473 gratiim

164 3501 439 3553 virtutum
474 3499 672 3569 accipit
698 3500 859 3554 etiam
887 3500 937 3552 in
961 3497 1231 3568 prtesenti.

243 3592 373 3647 Sive
401 3592 744 3663 prophetiam,
796 3592 1076 3645 secundum
1122 3591 1375 3644 rationem
1423 3588 1565 3659 fidei.
1600 3588 1775 3651 Fidei,

169 3700 279 3739 non
314 3684 453 3757 legis
481 3686 631 3741 :sive
658 3687 783 3756 quia
819 3686 951 3740 ﬁdes
978 3686 1066 3740 illa
1110 3697 1368 3741 meretur.
1399 3684 1777 3756 Unusquisque

168 3778 316 3831 enim
351 3784 560 3831 tantum
596 3780 815 3848 accipit,
867 3790 1138 3848 quantum
1170 3779 1367 3834 credit.
1399 3778 1531 3833 Item
1576 3792 1775 3832 secun-

169 3867 297 3921 dum
353 3866 541 3937 fidem,
590 3884 709 3938 qua:
763 3869 1053 3939 unicuique
1084 3886 1113 3923 a
1145 3869 1258 3924 Deo
1312 3869 1437 3921 data
1484 3875 1569 3923 est
1616 3878 1778 3936 atque

168 3974 463 4014 conceSSa.

242 4048 368 4105 Sive
398 4049 756 4114 ministerium,
783 4050 837 4103 in
865 4049 1232 4103 mittis'rando.
1276 4047 1659 4114 Ministerium,
1688 4061 1777 4101 sa-

170 4140 486 4207 cerdotalis,
522 4140 604 4194 vel
634 4140 955 4196 diaconatus
978 4141 1164 4196 ol‘licii.

246 4233 372 4287 Sive
391 4232 482 4301 qui
506 4232 670 4297 docet,
698 4233 749 4285 in
766 4234 1023 4286 doctrina.
1048 4232 1150 4298 Qui
1171 4233 1491 4298 exhortatur,
1513 4231 1568 4284 in
1591 4230 1778 4284 exhor-

174 4324 354 4380 tando.
412 4325 513 4392 Qui
562 4324 758 4390 docet,
809 4325 983 4413 major
1027 4336 1109 4380 est
1152 4340 1218 4380 eo
1276 4324 1369 4394 qui
1422 4322 1769 4380 exhortatur.
1802 4363 1853 4423 D
1880 4328 2031 4383 bere.
2073 4330 2160 4384 Ait
2207 4330 2351 4384 enim
2385 4340 2441 4385 ct
2490 4332 2679 4386 beatus
2724 4332 2920 4387 Petrus

179 4417 463 4473 Exhortati
503 4418 646 4472 enim
692 4432 791 4487 pro
825 4418 1031 4472 viribus
1060 4419 1172 4472 suis
1226 4426 1451 4488 possunt
1479 4418 1640 4471 etiam
1674 4416 1772 4471 mi-

179 4527 274 4569 nus
297 4514 477 4585 periti.
508 4513 813 4569 Notandum
866 4528 996 4569 sane
1047 4516 1187 4581 quod
1236 4514 1393 4569 tertio
1432 4522 1637 4567 tantum
1680 4526 1772 4582 po-

182 4616 362 4682 suerit,
392 4606 533 4673 ‘sive
563 4634 575 4668 :
609 4615 752 4685 quod
807 4629 977 4685 quare
1024 4613 1242 4681 iecerit,
1291 4613 1588 4684 spiritualis
1611 4612 1774 4669 debet

181 4711 339 4770 lector
360 4731 680 4788 agnoscere.

256 4815 354 4882 Qui
371 4817 549 4871 tribuit
574 4818 625 4872 in
652 4816 1003 4888 simplicitate.
1033 4814 1299 4871 Omnibus
1321 4812 1639 4883 simpliciter
1663 4813 1771 4871 lar-

184 4916 321 4986 gitur
352 4937 366 4975 :
397 4929 622 4977 cunctos
650 4919 884 4977 credens
915 4920 1087 4975 bonos
1114 4934 1258 4987 esse,
1292 4926 1346 4973 et
1375 4916 1620 4987 indigere
1649 4933 1769 4988 quae

193 5027 387 5084 petunt.

260 5121 352 5185 Qui
376 5132 550 5193 praeest
572 5122 626 5178 in
666 5122 1035 5178 sollicitudine.
1081 5122 1180 5189 Qui
1234 5128 1431 5190 praeest
1478 5117 1761 5188 Ecclesiae,

194 5219 275 5272 vel
302 5219 567 5289 fratribus,
597 5224 761 5280 debet
789 5239 915 5279 esse
946 5223 1218 5278 sollicitus
1251 5240 1264 5276 :

263 5318 355 5385 Qui
380 5323 639 5378 miseretur
662 5326 716 5379 in
746 5325 1027 5380 hilaritate.
1064 5323 1301 5378 Maxime
1345 5320 1491 5376 circa
1534 5328 1772 5391 :egrotos

196 5422 597 5482 misericordiam
621 5426 951 5496 exhibendo,
984 5428 1099 5482 sive
1142 5424 1535 5482 misericordia:
1578 5424 1768 5478 titulus

196 5524 442 5590 generalis
461 5538 570 5595 est,
624 5529 710 5598 qui
744 5530 885 5582 circa
935 5543 1130 5584 omnes
1163 5528 1372 5600 placido
1418 5524 1762 5581 exbibendns

199 5627 482 5686 estanimo.
534 5628 776 5689 Hilarem
821 5629 965 5687 enim
993 5629 1233 5687 datorem
1277 5628 1452 5707 diligit
1500 5627 1763 5685 Deus:et

1888 3139 2010 3203 eis,
2066 3121 2160 3209 qui
2205 3148 2423 3209 propter
2467 3137 2780 3204 Christum,
2847 3153 2940 3192 sua
3002 3137 3181 3191 omnia
3234 3145 3482 3191 contem-

1888 3237 2111 3298 nentes,
2144 3230 2334 3286 alienis
2364 3230 2431 3285 ad
2468 3240 2683 3300 tempus
2712 3230 2957 3299 indigent
2983 3228 3319 3283 ministeriis.
3353 3228 3481 3294 Qui-

1882 3321 2006 3375 dam
2037 3322 2255 3377 codices
2279 3323 2481 3377 habent
2507 3340 2519 3375 :
2554 3321 2820 3376 Memoriis
2848 3332 3151 3375 sanctorum
3192 3319 3481 3372 communi-

1885 3422 2088 3478 cantes,
2132 3413 2277 3484 quod
2322 3414 2396 3466 ita
2440 3411 2785 3481 intelligitur,
2819 3411 2962 3480 quod
3012 3411 3393 3479 meminerint,
3430 3412 3482 3467 in

1884 3503 2134 3573 qualibus
2167 3504 2374 3565 sancti,
2406 3503 2499 3556 vel
2546 3502 2742 3571 quibus
2784 3503 3040 3570 operibus
3081 3506 3485 3571 promcruerint

1886 3592 2057 3648 Deum
2092 3611 2104 3647 :
2136 3603 2192 3647 ut
2224 3592 2517 3662 participes
2546 3606 2736 3648 eorum
2776 3592 2907 3647 [iant
2939 3593 3213 3648 imitantes
3244 3610 3481 3665 semper.

1885 3686 2127 3754 Denique
2150 3684 2396 3753 sequitur
2424 3702 2437 3738 :
3131 3683 3138 3692 '

1958 3774 2381 3847 Hospitalitatem
2416 3776 2686 3831 sectantes.
2718 3777 2852 3845 Quia
2892 3789 2947 3833 et
2990 3777 3093 3832 hoc
3124 3778 3297 3833 sancti
3328 3777 3477 3833 fece-

1883 3876 2011 3922 runt
2043 3885 2056 3921 :
2100 3868 2241 3922 sicut
2272 3869 2572 3935 Abraham,
2603 3871 2742 3923 sicut
2771 3871 2934 3937 Loth,
2963 3872 3052 3940 qui
3084 3871 3245 3925 etiam
3275 3871 3473 3926 invitos

1884 3957 2130 4027 hospites
2152 3958 2489 4013 detinebant.
2522 3960 2594 4015 De
2623 3976 2724 4031 qua
2755 3960 2951 4015 dicitur
2985 3979 2997 4014 :
3042 3960 3143 4016 Per
3173 3963 3309 4015 banc
3333 3964 3477 4016 enim

1881 4049 2100 4121 quidam
2136 4050 2242 4103 Deo
2274 4050 2625 4121 placuerunt,
2658 4052 2866 4122 angelis
2899 4052 3132 4121 hospitio
3165 4051 3416 4119 receptis.

1954 4141 2254 4196 Benedicite
2280 4144 2702 4212 persequentibus
2743 4160 2829 4199 vos
2858 4160 2877 4199 :
2916 4144 3221 4209 benedicite,
3253 4152 3299 4195 et
3322 4144 3481 4196 nolite

1880 4237 2207 4290 maledicere.
2238 4236 2318 4292 Ne
2352 4247 2665 4306 putaremus
2704 4249 2997 4309 utrumque
3029 4252 3126 4291 nos
3169 4237 3349 4291 facere
3378 4235 3479 4290 de-

2964 4351 2977 4386 :
3023 4330 3208 4401 Neque
3253 4329 3480 4384 maledi-

1876 4431 2019 4475 ctum
2053 4434 2149 4490 pro
2182 4421 2494 4489 maledicto,
2520 4423 2614 4477 sed
2638 4424 2944 4477 econtrario
2967 4421 3372 4477 benedicentes.

1947 4512 2185 4570 Gaudere
2212 4532 2332 4570 cum
2360 4516 2706 4589 gaudentibus
2735 4535 2754 4575 :
2792 4518 2917 4586 ﬂere
2945 4531 3061 4569 cum
3092 4514 3356 4584 ﬂentibus.
3402 4513 3475 4570 Ut
3539 4517 3553 4532 '

1876 4607 1922 4661 si
1950 4607 2074 4677 quid
2104 4609 2314 4678 patitur
2343 4625 2508 4663 unum
2540 4608 2842 4663 membrum
2863 4650 2877 4672 ,
2925 4607 3328 4677 compatiantur
3357 4622 3477 4661 om-

1876 4698 1963 4754 nia
1996 4702 2258 4756 membra.
2293 4699 2448 4755 Sicut
2475 4699 2582 4753 .Iob
2606 4698 2682 4753 ait
2712 4716 2726 4754 :
2759 4698 2814 4754 Si
2847 4713 2952 4753 non
2986 4698 3253 4769 ingemui,
3274 4690 3368 4753 vel
3402 4698 3476 4752 la-

1877 4802 2153 4863 crymatus
2175 4808 2293 4847 sum
2310 4833 2326 4858 ,
2350 4806 2472 4844 cum
2500 4791 2741 4846 viderem
2772 4790 3019 4844 homines
3049 4790 3101 4844 in
3124 4790 3471 4846 necessitate.

1878 4885 1946 4940 Et
1979 4885 2237 4939 Dominus
2296 4883 2511 4938 ﬂetibus
2556 4882 2743 4937 Mariae
2788 4882 2854 4937 ad
2898 4880 3080 4937 fletum
3114 4890 3474 4952 provocatur,

1876 4988 1935 5033 ut
1979 4976 2132 5032 nobis
2176 4974 2331 5029 daret
2378 4975 2707 5041 exemplum.
2763 4971 2872 5027 Nec
2912 4973 3056 5027 enim
3098 4988 3195 5043 pro
3238 4972 3470 5041 Lazaro,

1876 5088 2037 5146 quem
2069 5079 2186 5126 erat
2216 5069 2612 5138 suscitaturus,
2643 5067 2859 5122 flevisse
2887 5067 3190 5123 credendus
3221 5078 3306 5123 est
3335 5087 3347 5121 :
3375 5084 3475 5122 nec

1876 5173 2101 5236 promer
2148 5161 2588 5218 incredulitatem
2636 5161 2889 5229 illorum,
2938 5160 3030 5231 qui
3080 5162 3128 5215 ei
3173 5175 3319 5228 stepe
3365 5174 3472 5215 non

1873 5258 2219 5315 crediderunt
2250 5254 2520 5309 mirabilia
2564 5252 2808 5309 facienti.
2844 5252 2954 5308 Nos
2984 5263 3165 5309 autem
3202 5253 3311 5322 jam
3354 5267 3473 5320 per-

1872 5367 2032 5407 vcrso
2062 5351 2221 5405 modo
2244 5350 2435 5405 flemus
2465 5362 2586 5405 cum
2627 5348 3023 5419 gaudentibus,
3074 5356 3129 5403 et
3174 5347 3472 5417 gaudemus

1869 5462 1991 5500 eum
2035 5446 2308 5500 flentibus.
2340 5444 2394 5499 Si
2445 5444 2564 5514 quis
2604 5444 2749 5497 enim
2795 5442 3049 5497 laudatus
3098 5441 3294 5504 fuerit,
3349 5454 3474 5495 cnn-

1869 5537 2179 5591 nitamur:
2207 5536 2250 5590 si
2275 5535 2398 5607 quis
2421 5536 2702 5599 ceciderit,
2726 5535 3087 5589 exsultamus.
3108 5531 3264 5589 Unde
3285 5539 3473 5585 osten-

1866 5630 2045 5697 dimus
2076 5644 2173 5686 nos
2202 5628 2293 5702 qui
2324 5628 2448 5686 talia
2476 5627 2729 5697 facimus,
2759 5627 2826 5684 de
2854 5641 3084 5698 corpore
3106 5623 3307 5683 Christi
3337 5640 3445 5681 non
