4030 6202
533 185 639 241 τοῦ
1587 174 1649 231 S.
1691 170 2075 231 IIIERONYMI
2111 169 2124 225 l

2234 168 2396 227 lRUM
2434 166 2801 227 MANTISSA.
3744 178 3825 238 τοι

534 316 691 371 esse,
722 301 816 373 qui
864 314 971 355 non
1013 297 1260 353 dolemus
1288 293 1359 350 de
1398 305 1509 348 uno
1552 288 1805 345 membro
1849 286 2081 357 praeciso
2112 302 2127 338 :
2155 286 2211 347 Δ
2233 284 2434 340 dicitur
2470 283 2670 340 vicisse
2698 284 2929 340 alterum
2951 325 2966 351 ,
3007 287 3101 357 qui
3138 301 3264 343 eum
3311 287 3380 344 ad
3410 302 3569 346 suam
3617 291 3833 352 duxerit

538 395 640 454 sed
687 394 892 451 inimici
940 404 1127 445 sumus
1165 386 1336 457 partis
1371 392 1611 450 nostrae,
1653 390 1710 436 et
1750 377 1915 434 amici
1953 378 2129 449 partis
2228 385 2439 448 partem
2475 377 2659 433 :sicut
2697 377 3017 434 haereticum
3041 422 3057 447 ,
3091 381 3181 436 vel
3208 396 3505 453 paganum.
3535 385 3594 441 Si
3626 401 3761 459 ergo
3790 401 3831 445 te

538 488 783 544 adversm
811 503 825 538 :
852 484 943 554 qui
972 497 1080 537 non
1106 479 1353 535 dolemus
1393 477 1462 532 de
1489 474 1609 531 acie
1629 482 1819 529 nostra
1843 470 1991 527 viros
2018 468 2129 525 for-
2228 470 2421 525 fecerit
2447 469 2553 525 sibi
2582 470 2756 525 vicem
2789 470 3046 539 reddere,
3079 472 3173 529 ille
3196 482 3253 529 te
3279 473 3436 542 vicit,
3468 478 3573 532 sibi
3603 478 3833 537 similem

541 580 782 637 tissimus
811 582 1097 632 currentes
1129 590 1143 627 :
1175 587 1279 628 nec
1302 570 1624 641 gaudemus,
1648 566 1694 622 si
1721 564 2003 620 videamus
2033 576 2129 618 eos
2228 570 2285 617 te
2317 561 2563 618 faciendo
2599 578 2616 618 :
2654 563 2701 618 si
2726 572 2905 619 autem
2946 579 3043 635 per
3086 566 3410 635 patientiam
3451 577 3600 627 tuam
3644 570 3833 631 feceris

538 670 753 726 fortiter
772 666 1098 723 dimicantes
1128 681 1144 719 :
1172 662 1422 733 quamvis
1452 659 1552 731 ipsi
1582 668 1693 715 tam
1730 656 1896 712 validi
1920 668 2027 710 non
2054 654 2133 710 si-
2231 669 2357 713 eum
2388 669 2610 713 cessare
2637 654 2707 711 ab
2735 655 2925 727 injuria
2948 699 2964 723 ,
2994 665 3052 713 tu
3076 658 3280 717 vicisti.

540 774 663 818 mus
688 759 758 815 ad
794 756 1166 831 pugnandum.

610 853 854 926 ldipsum
881 853 1095 906 invicem
1116 848 1413 905 metientes.
1448 844 1521 903 Ut
1546 844 1622 901 ita
1661 842 1817 900 alteri
1846 839 2128 909 sentiatis,

538 947 679 1003 sicut
706 942 1131 1011 vobismetipsis.

612 1038 737 1093 Non
775 1037 888 1091 alta
931 1034 1224 1105 sapientes,
1274 1032 1365 1085 sed
1410 1028 1690 1084 humilibus
1738 1026 2131 1081 consentientes.

2313 1034 2495 1090 Omnis
2533 1035 2711 1089 anima
2737 1034 3072 1104 potestatibus
3107 1037 3495 1095 sublimioribus
3523 1042 3729 1097 subdita
3749 1046 3826 1098 sit.

543 1132 791 1202 Superba
810 1129 955 1201 sapit
982 1128 1119 1193 iste,
1145 1126 1239 1197 qui
1266 1139 1419 1180 suam
1453 1138 1549 1193 per
1573 1136 1633 1178 se
1660 1120 1851 1177 ulcisci
1880 1119 2029 1189 cupit
2053 1119 2134 1173 in-

2241 1127 2368 1184 Hzrc
2395 1142 2556 1183 causa
2589 1127 2850 1182 adversus
2902 1127 3027 1183 illos
3053 1128 3266 1199 prolata
3296 1114 3421 1188 est:
3468 1134 3563 1205 qui
3600 1149 3662 1191 se
3692 1144 3832 1205 puta-

538 1222 737 1294 juriam
756 1266 771 1291 ,
802 1230 859 1277 et
888 1233 1002 1276 non
1031 1215 1327 1274 humilibus
1354 1214 1551 1280 rebus,
1583 1212 1637 1267 id
1666 1220 1750 1268 est
1770 1252 1787 1280 ,
1833 1208 2129 1267 humilitate

2244 1219 2370 1275 bant
2398 1220 2471 1275 ita
2503 1218 2708 1275 habere
2736 1218 3047 1276 libertatem
3079 1218 3465 1293 Christianam,
3495 1235 3555 1280 ut
3583 1235 3679 1282 aut
3707 1228 3835 1282 nulli

542 1317 836 1374 consentit.
2242 1313 2505 1370 honorem
2542 1312 2859 1381 deferrent,
2894 1322 2989 1368 aut
3031 1314 3235 1369 tributa
3275 1315 3666 1387 dependerent.
3698 1320 3840 1387 Quo-

2830 852 3059 913 CAPU'I‘
3098 855 3241 914 XIII.

621 1410 801 1466 Nolite
828 1426 937 1465 esse
979 1408 1257 1481 prudentes
1296 1404 1438 1475 apud
1481 1398 2043 1471 vosmetipsos.‘NoIite
2084 1398 2139 1453 in
2242 1420 2474 1477 cumque
2526 1420 2657 1476 ergo
2710 1405 2875 1460 modo
2924 1419 3019 1461 eos
3068 1405 3347 1464 ιιυιηηεπε
3391 1408 3716 1465 dumeta“
3775 1427 3843 1468 ne

516 1498 521 1503 ’
546 1501 781 1557 humana
812 1497 1083 1569 sapientia
1113 1496 1372 1566 gloriari,
1404 1493 1501 1550 sed
1538 1492 1690 1549 stulti
1714 1499 1892 1547 estote
1914 1489 2107 1546 saeculo

2254 1497 2385 1554 forte
2408 1508 2631 1569 pr0pter
2656 1499 2990 1568 superbiam,
3016 1498 3181 1569 magis
3208 1516 3365 1570 quam
3390 1510 3613 1573 propter
3638 1502 3845 1567 Deum,

546 1603 609 1650 ut
634 1595 753 1651 sitis
784 1592 1016 1648 Domino
1040 1590 1316 1661 sapientes
1348 1607 1362 1643 ε
1388 1588 1531 1643 sicut
1559 1586 1819 1657 scriptum
1850 1593 1935 1641 est
1963 1601 1977 1641 :
2008 1584 2137 1639 Bea-

2257 1592 2630 1648 contumeliam
2662 1591 2968 1663 patiantur.
3002 1591 3236 1664 Ideoque
3269 1593 3428 1651 docet
3462 1596 3585 1650 illos
3620 1594 3848 1651 humili-

550 1695 636 1741 tas
662 1684 829 1739 homo
859 1697 1021 1754 quem
1052 1689 1109 1737 tu
1133 1680 1425 1746 erudieris,
1451 1678 1703 1745 Domine,
1733 1684 1789 1733 et
1819 1674 1888 1731 de
1914 1674 2033 1746 lege
2051 1682 2141 1729 tua

2253 1696 2360 1743 tate
2416 1698 2630 1757 tempus
2684 1687 2976 1743 redimere.
3036 1686 3238 1755 Aliter,
3296 1686 3441 1758 quod
3494 1687 3844 1744 sublimiores

550 1776 807 1834 docueris
833 1790 979 1831 eum.
2248 1790 2565 1853 potestates,
2598 1780 2985 1837 ecclesiastica:
3014 1780 3312 1851 dignitates
3342 1780 3734 1852 intelligantur.

627 1870 782 1926 Nulli
810 1870 1003 1924 malum
1040 1883 1135 1939 pro
1163 1866 1301 1920 malo
1326 1863 1618 1919 reddentes.
1659 1862 1905 1917 Humana
1927 1862 2146 1932 sapien-

2318 1872 2442 1928 Non
2490 1880 2565 1927 est
2608 1873 2744 1927 enim
2786 1880 3013 1943 potestas
3057 1872 3159 1926 nisi
3197 1888 3231 1925 a
3279 1868 3411 1925 Deo.
3457 1870 3527 1927 Et
3569 1871 3840 1942 quomodo

555 1967 630 2022 tia
663 1974 767 2032 est,
798 1964 843 2019 si
867 1976 1177 2033 quaeramus
1203 1960 1377 2014 vicem
1407 1957 1637 2015 reddere
1667 1957 1923 2013 inimicis.
1955 1956 2146 2013 Stulti-

2248 1965 2392 2022 Deus
2418 1965 2551 2021 dicit
2579 1979 2678 2037 per
2702 1964 3070 2035 Prophetam:
3103 1962 3520 2035 Regnaverunt,
3548 1972 3604 2021 et
3629 1980 3738 2021 non
3776 1980 3839 2021 es

553 2059 627 2115 tia
654 2058 800 2114 enim
829 2065 915 2112 est
954 2056 1007 2110 in
1050 2054 1154 2109 hoc
1180 2051 1407 2120 seculo,
1436 2052 1481 2105 si
1513 2050 1872 2121 percutienti,
1904 2056 1960 2104 et
1983 2049 2145 2103 aliam
2246 2061 2379 2117 me;

552 2150 829 2209 maxillam
860 2148 1110 2219 praebere
1130 2145 1389 2201 volueris.
1418 2143 1573 2212 Quod
1604 2144 1650 2198 si
1675 2152 1842 2199 tanta;
1870 2140 2143 2213 patientiae

2322 2155 2453 2222 Quae
2478 2140 2646 2209 autem
2671 2162 2794 2209 sunt
2811 2197 2827 2222 ,
2851 2170 2884 2208 a
2905 2151 3019 2209 Deo
3048 2154 3290 2209 ordinata
3308 2162 3451 2209 sunt.
3480 2152 3537 2211 Si
3565 2153 3636 2211 de
3661 2156 3844 2212 saeculi

550 2254 607 2301 et
649 2240 972 2299 humilitatis
1018 2238 1223 2303 fueris,
1271 2250 1380 2292 non
1423 2235 1601 2290 solum
1638 2234 1781 2305 apud
1810 2232 2141 2300 Dominum,

2252 2249 2607 2320 potestatibus
2631 2246 2817 2304 dicere
2845 2247 3120 2315 videatur,
3155 2261 3263 2301 non
3294 2246 3419 2302 ideo
3459 2246 3623 2317 justas
3652 2256 3810 2303 erant
3829 2289 3843 2311 ,

555 2335 652 2393 sed
673 2344 730 2393 et
756 2332 1114 2405 apud‘omnes
1136 2328 1385 2385 homines
1414 2326 1635 2399 poteris,
1650 2324 1943 2397 probabilis
1979 2339 2146 2396 appa-

2256 2340 2465 2397 etiamsi
2492 2354 2523 2394 a
2557 2338 2669 2395 Deo
2694 2338 2981 2394 exordium
3027 2346 3379 2409 acceperunt.
3410 2335 3725 2393 Secundum
3756 2338 3847 2394 dc-

555 2442 701 2485 rcre-
2247 2432 2510 2490 siderium
2538 2430 2966 2501 uniuscujusque
2988 2430 3209 2487 dantur.
3234 2428 3371 2486 Nam
3391 2429 3525 2486 dicit
3550 2429 3842 2489 Salomon:

631 2517 970 2573 Providentes
1017 2514 1180 2579 bona,
1228 2526 1334 2566 non
1385 2517 1586 2563 tantum
1633 2523 1806 2562 coram
1851 2506 2003 2573 Deo,
2059 2506 2148 2561 sed
2248 2524 2513 2595 Quoniam
2556 2523 2681 2579 data
2724 2532 2810 2580 εει
2855 2523 3013 2578 nobis
3058 2530 3302 2594 ροιοειειε
3340 2537 3371 2576 a
3403 2522 3535 2578 Deo,
3568 2520 3677 2578 sed
3725 2540 3847 2578 cum

552 2617 708 2672 etiam
747 2628 924 2668 coram
967 2609 1199 2665 omnibus
1253 2605 1560 2661 hominibus.
1609 2603 1840 2660 Tantum
1894 2617 2025 2659 cave
2078 2617 2143 2658 ne

2253 2619 2444 2677 essetis
2495 2617 2733 2672 ministri
2771 2616 2928 2686 regni
2964 2616 3140 2684 illius,
3183 2630 3292 2671 non
3339 2624 3491 2671 recte
3535 2613 3844 2685 iudicastis.

556 2707 681 2763 ideo
710 2705 897 2769 facias,
930 2712 987 2757 ut
1009 2715 1117 2757 non
1145 2699 1277 2766 Deo,
1306 2696 1402 2753 sed
1429 2696 1563 2752 solis
1585 2693 1905 2752 hominibus
1931 2694 2149 2765 placere
2252 2710 2540 2768 Horrenda
2570 2718 2625 2766 ει
2653 2710 2763 2764 cito
2781 2707 3068 2780 apparebit
3095 2709 3270 2775 vobis,
3299 2718 3358 2764 ει
3384 2715 3604 2764 αξιοι-ε,
3634 2706 3849 2763 cons“-

556 2798 860 2856 desideres.
2253 2804 2427 2860 tuitur
2443 2803 2588 2859 enim
2616 2816 2646 2856 a
2680 2801 2816 2869 Deo,
2842 2800 3070 2870 utjuste
3086 2800 3295 2871 judicet
3325 2818 3339 2856 :
3370 2809 3426 2857 et
3456 2809 3514 2855 ut
3535 2811 3850 2871 peccatores

634 2890 695 2945 Si
722 2888 836 2957 ﬁeri
860 2893 1056 2959 potest,
1085 2884 1224 2954 quod
1245 2899 1308 2938 ea:
1335 2882 1475 2938 vobis
1502 2892 1612 2950 est,
1636 2898 1754 2936 cum
1784 2881 2019 2938 omnibus
2057 2881 2150 2937 ho-
2252 2895 2518 2963 habeam,
2550 2893 2695 2965 quod
2726 2892 2955 2948 timeant
2982 2908 3053 2948 ne
3081 2901 3329 2963 peccent.

558 2981 781 3039 minibus
805 2995 983 3052 pacem
1005 2977 1266 3032 habentes.
1290 2976 1445 3044 Quod
1470 2985 1711 3031 vestrum
1743 2983 1861 3039 est,
1900 2990 1999 3031 vos
2025 2991 2148 3031 cum

2324 2987 2512 3058 Itaque
2557 2986 2647 3055 qui
2691 2985 2885 3040 resistit
2925 2985 3194 3055 potestati,
3241 2984 3338 3039 Dei
3372 2984 3691 3040 ordinationi
3723 2985 3851 3039 resi-

560 3074 810 3134 omnibus
840 3087 1026 3145 pacem
1056 3070 1309 3127 habetote
1334 3086 1349 3123 :
1380 3077 1436 3124 et
1464 3067 1630 3123 dicite
1672 3083 1794 3122 cum
1834 3067 2102 3139 Propheta
2133 3085 2148 3124 :

2261 3080 2365 3135 stit.
2398 3078 2501 3148 Qui
2531 3087 2701 3134 autent
2728 3080 2992 3139 resistunt,
3022 3078 3123 3149 ipsi
3143 3077 3242 3131 sibi
3268 3078 3649 3131 damnationem
3676 3077 3852 3149 acqui-

559 3167 693 3225 Cum
717 3168 805 3222 his
833 3165 923 3237 qui
943 3164 1176 3221 oderunt
1204 3174 1415 3233 pacem.
1446 3173 1597 3215 eram
1630 3159 1887 3229 paciﬁcus
1920 3168 2153 3231 =oplan-
2254 3183 2395 3229 runt.
2428 3174 2583 3230 Sicut
2616 3172 2685 3228 ad
2714 3171 2865 3228 Raab
2893 3170 3137 3229 dicitur:
3166 3171 3273 3241 Qui
3298 3170 3495 3228 exierit
3523 3170 3668 3228 foras
3686 3211 3703 3239 ,
3737 3171 3856 3242 ipse

562 3272 646 3320 tes
662 3260 874 3318 scilicet
899 3257 1317 3317 conversionem
1339 3268 1526 3310 eorum
1546 3261 1709 3325 atque
1736 3253 1986 3323 salutem,
2011 3253 2154 3311 sicut
2255 3265 2359 3320 sibi
2394 3279 2521 3321 reus
2544 3265 2670 3320 ει-ῑι,

560 3371 681 3427 qua:
706 3354 865 3412 vobis
887 3353 1000 3408 ﬁeri
1029 3351 1222 3423 possit.
2328 3355 2469 3412 Nunt
2492 3356 2750 3428 principes
2776 3371 2880 3410 non
2900 3364 3019 3410 sunt
3039 3354 3209 3409 timori
3232 3352 3353 3409 boni
3376 3353 3565 3426 aperis,
3590 3354 3681 3409 sed
3705 3352 3852 3407 ntali.

636 3447 760 3504 Non
817 3446 1149 3515 vosmetipsos
1197 3441 1525 3513 defendentes
1556 3481 1572 3507 ,
1630 3438 1950 3495 charisssimi
1993 3456 2013 3494 :
2064 3440 2154 3496 sed

2265 3448 2433 3506 Malus
2458 3448 2625 3504 debet
2651 3452 2845 3504 timere
2873 3456 3235 3520 potestatem:
3266 3462 3390 3502 nam
3424 3447 3598 3502 bonus
3626 3462 3733 3501 non
3760 3446 3856 3501 lia-

564 3543 686 3598 date
710 3542 875 3597 locum
905 3540 1018 3595 ine.
1052 3537 1159 3594 Aut
1198 3535 1453 3608 fugiendo
1475 3576 1492 3605 ,
1523 3543 1616 3591 aut
1655 3532 2019 3606 permittendo
2052 3548 2155 3590 no-
2257 3540 2384 3609 bet,
2410 3538 2553 3611 quod
2584 3540 2770 3595 timeat
2796 3556 2811 3594 :
2841 3539 2932 3610 qui
2957 3540 3003 3595 si
3033 3537 3234 3610 injuste
3262 3538 3547 3604 occiditur,
3577 3536 3798 3608 gaudet.

566 3650 713 3690 cere.
2337 3632 2427 3688 Vis
2473 3641 2646 3687 autem
2688 3648 2791 3687 non
2832 3632 3010 3688 timere
3055 3634 3393 3702 potestatem?
3434 3630 3635 3703 Accipe
3674 3628 3859 3687 consi-

640 3724 908 3795 Scriptum
944 3732 1017 3778 est
1064 3727 1200 3777 enim
1230 3738 1250 3777 :
1301 3721 1436 3776 Mihi
1482 3720 1784 3777 uindictam.
1838 3722 1955 3793 Ego
2002 3721 2155 3801 quasi
2258 3727 2391 3782 lium
2415 3740 2629 3795 meum,
2663 3733 2717 3782 et
2744 3740 3039 3797 numquam
3074 3724 3307 3781 timebis.

569 3830 745 3873 meam
765 3856 779 3879 ,
809 3815 937 3870 dicit
966 3815 1257 3880 Dominus,
1298 3828 1406 3869 non
1446 3814 1602 3884 quasi
1634 3824 1869 3870 vestram
1899 3814 2155 3885 injuriam
2330 3816 2535 3873 Bonum
2563 3820 2647 3890 {ac
2669 3859 2684 3885 ,
2712 3826 2761 3872 et
2781 3817 2987 3873 habebis
3023 3817 3231 3872 laudem
3257 3814 3453 3870 exilla.
3478 3813 3600 3885 Ipsa
3628 3813 3862 3872 damna-

568 3907 859 3963 vindicaho
889 3924 902 3961 :
944 3906 1199 3978 quoniam
1243 3905 1374 3962 dicit
1411 3906 1720 3978 Pr0plteta:
1767 3907 1869 3976 Qui
1904 3922 2004 3964 vos
2041 3916 2160 3964 tan-
2260 3912 2338 3968 tio
2363 3910 2634 3967 malorum
2660 3951 2676 3978 ,
2708 3910 2827 3965 laus
2852 3920 2936 3965 est
2962 3898 3251 3965 bonorum.

568 4004 674 4074 git,
706 4011 977 4073 tamquam
1006 4001 1099 4072 qui
1128 4001 1299 4072 tangit
1328 4000 1591 4072 pupillam
1613 4002 1756 4059 oculi
1789 4002 1979 4072 ipsius.
2334 4002 2431 4059 Dei
2462 4003 2598 4059 enim
2624 4002 2854 4058 minister
2884 4010 2959 4057 est
2988 4002 3079 4057 tibi
3116 4001 3169 4056 in
3199 4001 3403 4056 bonum.
3439 3998 3500 4055 Si
3537 4007 3715 4053 autem
3741 4017 3856 4053 ma-

641 4093 712 4151 Et
737 4110 829 4166 ego
860 4094 1168 4163 retribuam,
1215 4093 1340 4147 dicit
1376 4091 1650 4149 Dontinus.
1692 4092 1939 4150 Faciettti
1982 4093 2157 4161 bona,
2264 4094 2375 4151 lum
2405 4097 2620 4167 feceris,
2653 4095 2795 4150 time.
2825 4095 2929 4163 Qui
2968 4110 3066 4166 pro
3099 4104 3188 4149 tua
3216 4092 3480 4150 sollicitus
3523 4102 3610 4148 est
3651 4090 3855 4162 quiete.

569 4188 874 4248 retribuere
897 4187 1182 4258 promittit.
2263 4187 2398 4245 Item
2429 4188 2517 4245 hic
2543 4189 2776 4246 dicendo
2805 4205 2821 4243 :
2855 4188 3099 4244 Minister
3126 4198 3211 4243 est
3253 4187 3348 4243 tibi
3378 4186 3505 4243 boni
3530 4199 3688 4240 causa
3712 4226 3726 4249 ,
3762 4199 3857 4237 os-

642 4280 750 4336 Sed
773 4289 820 4334 et
849 4279 896 4333 si
923 4279 1076 4333 esurit
1116 4278 1351 4333 inimicus
1392 4287 1510 4331 tuus
1530 4318 1543 4343 ,
1576 4277 1689 4330 ciba
1718 4275 1870 4329 illum
1897 4292 1917 4330 .'
1946 4275 1992 4329 si
2017 4275 2159 4342 sitit,

2268 4282 2439 4339 tendit
2470 4284 2525 4338 in
2554 4282 2639 4338 his
2665 4297 2787 4353 qua:
2814 4291 2964 4338 recta
3002 4288 3130 4336 sunt
3148 4280 3427 4351 judicibus
3456 4275 3815 4334 obediendutn
3841 4314 3857 4342 ,

568 4383 747 4447 polum
791 4372 859 4427 da
883 4370 984 4427 illi.
1012 4370 1128 4427 Noli
1160 4372 1236 4426 illi
1270 4386 1468 4442 negare
1490 4412 1505 4438 ,
1535 4368 1679 4440 quod
1724 4368 1867 4425 Deus
1898 4367 2035 4427 nulli
2066 4384 2161 4427 ne-
2267 4388 2375 4431 non
2404 4374 2460 4430 in
2490 4375 2600 4430 illis
2623 4416 2638 4440 ,
2666 4390 2786 4445 qua:
2813 4373 3063 4443 religioni
3093 4372 3366 4428 contraria
3396 4381 3544 4427 sunt.

566 4477 655 4541 gat
685 4484 700 4525 :
728 4466 979 4539 quamvis
1006 4464 1079 4520 sit
1110 4462 1457 4533 blasphemus
1484 4470 1539 4517 et
1565 4462 1782 4531 impius.

2341 4467 2466 4522 Non
2490 4466 2625 4521 enim
2650 4468 2761 4522 sine
2789 4482 2946 4521 causa
2979 4464 3217 4537 gladium
3245 4472 3437 4536 portat.
3469 4463 3565 4519 Dei
3590 4463 3725 4517 enim
3767 4462 3861 4517 mi-

640 4562 757 4619 Hoc
776 4563 911 4619 enim
936 4561 1159 4634 faciem,
1192 4558 1435 4613 carbones
1462 4556 1595 4628 ignis
1623 4571 1862 4626 congere:
1888 4572 2042 4629 super
2069 4573 2162 4611 σα·
2268 4564 2428 4618 nister
2454 4572 2552 4617 est.
2584 4561 2651 4618 Et
2691 4561 2746 4617 in
2795 4569 2848 4617 te
2893 4559 3059 4615 habet
3104 4559 3375 4627 officium,
3422 4557 3467 4613 si
3508 4555 3859 4628 peccaveris:

567 4664 659 4731 put
689 4657 818 4728 ejus.
854 4652 925 4711 Ut
950 4668 1072 4709 cum
1095 4650 1198 4705 sibi
1229 4650 1496 4705 carbones
1520 4646 1855 4703 intellexerit
1885 4662 1982 4718 per
2009 4662 2162 4704 suam
2268 4669 2369 4709 nec
2396 4652 2491 4709 tibi
2535 4652 2749 4722 prolicit
2791 4650 2859 4707 ad
2887 4650 3216 4707 mercedem.
3254 4648 3381 4705 Sive
3405 4648 3717 4704 sacerdotes
3746 4646 3863 4717 gla-

569 4750 869 4807 indebitam
900 4743 1334 4803 misericordiam
1365 4742 1716 4813 congregari,
1758 4742 1997 4799 excutiat
2022 4758 2164 4799 eos:
2268 4746 2418 4803 dium
2467 4745 2807 4816 spiritualem
2858 4751 3076 4813 portant
3117 4742 3308 4801 :sicut
3355 4741 3549 4797 Petrus
3598 4737 3868 4810 percussit

574 4843 678 4899 hoc
707 4854 789 4899 cst
809 4884 826 4911 ,
872 4848 1242 4905 convertatur,
1273 4847 1329 4894 et
1369 4837 1556 4909 diligat
1582 4845 1664 4904 te,
1704 4853 1863 4909 quem
1905 4836 2169 4894 habuerat
2270 4840 2566 4902 Ananiam,
2593 4848 2648 4893 et
2674 4836 3000 4907 Sapphiram
3023 4876 3039 4900 .
3068 4843 3124 4891 et
3144 4834 3342 4890 Paulus
3366 4845 3601 4900 magum.

572 4934 863 5007 aliquando
888 4948 1166 5004 perosum.
1201 4930 1471 4987 Caeterum
1501 4946 1608 4986 non
1637 4940 1720 4986 est
1750 4929 2123 4987 misericordia
2142 4971 2161 4997 ,
2346 4930 2549 4986 Vindex
2574 4930 2629 4985 in
2656 4930 2790 4985 iram
2813 4930 2862 4984 ei
2889 4929 2979 4999 qui
3004 4927 3195 4981 malum
3222 4926 3348 4997 agit.
3393 4922 3529 4989 Quia
3570 4919 3716 4975 Deus
3745 4932 3861 4976 non

572 5026 670 5085 sed
706 5026 1045 5083 crudelitas:
1086 5027 1132 5081 si
1171 5024 1293 5082 ideo
1338 5039 1456 5080 eam
1508 5024 1704 5093 facias,
1748 5033 1809 5080 ut
1835 5023 1912 5079 illi
1957 5021 2161 5092 aliquid
2269 5024 2446 5096 diligit
2474 5025 2675 5091 malos,
2704 5022 2797 5095 qui
2833 5021 2948 5078 odit
2975 5034 3168 5078 omnes
3196 5017 3285 5090 qui
3318 5019 3616 5085 operantur
3659 5011 3865 5083 iniqui-

569 5120 729 5194 pejus
753 5119 996 5187 eveniat,
1021 5132 1120 5189 pro
1148 5133 1255 5189 quo
1287 5116 1459 5172 Deum
1502 5116 1813 5186 prteciperis
1851 5115 2157 5185 deprecari.
2274 5126 2461 5174 tatem.

566 5214 701 5271 Item
732 5210 835 5267 hoc
864 5209 984 5267 loco
1012 5212 1169 5265 docet
1209 5222 1309 5264 nos
1352 5207 1551 5264 imitari
1593 5208 1760 5264 Deum
1804 5207 2039 5273 debere,
2069 5208 2158 5277 qui
2338 5208 2565 5279 Ideoque
2588 5209 2885 5264 necessitate
2921 5206 3115 5262 subditi
3150 5209 3311 5259 estote
3349 5216 3367 5256 :
3407 5216 3513 5256 non
3542 5200 3712 5255 solum
3742 5213 3865 5272 pro-

568 5308 741 5366 solem
780 5320 938 5363 suum
980 5303 1112 5360 oriri
1164 5302 1290 5359 facit
1330 5317 1494 5373 super
1532 5302 1705 5359 bonos
1746 5312 1801 5359 et
1836 5301 2030 5358 malos.
2070 5300 2161 5357 Ci-
2268 5310 2379 5370 pter
2406 5302 2571 5367 iram,
2599 5298 2689 5355 sed
2712 5297 2867 5352 etiam
2892 5308 3101 5369 propter
3129 5293 3512 5351 conscientiam.
3545 5291 3663 5348 Non
3690 5290 3863 5347 solum

570 5400 749 5457 bandu
780 5399 925 5456 enim
960 5397 1233 5453 inimicum
1275 5405 1332 5452 et
1362 5394 1615 5466 potando,
1665 5409 1788 5451 eum
1830 5394 1895 5449 ad
1938 5408 2160 5464 pacem,
2266 5393 2390 5462 quia
2424 5401 2652 5462 possunt
2678 5397 2977 5460 potestates
3003 5389 3168 5445 etiam
3197 5388 3317 5444 sine
3341 5400 3504 5444 causa
3535 5383 3737 5448 irasci,
3769 5381 3862 5437 scd

573 5492 656 5547 vel
686 5490 1181 5549 reconciliationem
1211 5501 1575 5557 provocamus
1608 5504 1621 5541 :
1654 5494 1712 5541 ut
1740 5487 1785 5542 si
1815 5486 1907 5542 ille
1934 5485 1986 5541 in
2012 5485 2169 5541 mali-
2274 5493 2331 5539 ct
2358 5499 2427 5540 ne
2449 5490 2671 5553 praptcr
2699 5479 2929 5547 alicujus
2956 5482 3163 5548 peccati
3191 5477 3583 5536 conscientiam
3606 5474 3867 5532 condem-

580 5584 650 5637 tia
682 5582 1013 5652 perstiterit,
1046 5581 1221 5651 ignem
1251 5594 1350 5635 suo
1380 5578 1627 5649 congerit
1656 5579 1842 5649 capiti.
2276 5576 2502 5633 nemini.
2530 5574 2663 5631 Sive
2689 5586 2796 5629 non
2828 5570 3034 5639 solum,
3077 5588 3145 5629 ne
3175 5575 3485 5631 irascuntur
3512 5570 3821 5627 sacerdotes
3847 5607 3865 5635 ,

659 5673 781 5727 Noti
808 5672 937 5727 vinci
967 5678 999 5725 α
1043 5670 1178 5727 malo
1202 5715 1216 5743 ,
1249 5671 1338 5727 sed
1379 5673 1521 5727 uince
1566 5672 1619 5727 in
1668 5669 1801 5727 bono
1830 5670 2045 5728 malum.
2078 5670 2173 5733 Ille
2278 5668 2376 5733 sed
2400 5671 2564 5730 etiam
2592 5667 2718 5742 quia
2748 5660 2948 5723 sanctis
2974 5662 3084 5720 illis
3124 5675 3179 5723 et
3212 5666 3375 5738 justis
3412 5664 3677 5722 honorem
3704 5660 3864 5719 debe-
