4030 6202
102 268 215 328 703

751 214 1299 324 certarem-tutus
1338 262 1407 322 IN
1448 256 1839 323 EPISTULAM
1880 262 1970 320 AD
2009 257 2358 320 nonanus.
2400 262 2557 320 cap.
2604 257 2739 320 XIV;

3286 261 3401 324 7706

104 386 196 442 tis.
227 383 359 440 Item
386 381 587 440 malum
616 390 841 453 agentes
858 422 874 450 ,
899 390 958 440 et
981 389 1176 439 contra
1209 389 1483 453 praecepta
1509 380 1697 436 viven-
1728 382 1779 442 Α
1805 378 2065 437 cessitate
2102 394 2421 439 succurrere
2447 379 2717 436 morituro
2742 384 2945 451 potest,
2972 378 3017 437 si
3045 393 3154 438 non
3186 380 3399 453 fecerit,

104 486 229 545 tes,
273 484 496 549 propter
540 474 838 531 vindictam
886 475 1093 531 subditi
1130 484 1260 531 sunt
1302 473 1704 545 potestatibus:

102 576 258 627 recte
302 577 485 625 autem
530 568 807 635 viventes,
857 575 1084 640 propter
1132 568 1525 623 conscientiam
1577 565 1710 621 sub-

101 663 203 719 diti
230 671 358 719 sunt
400 662 573 733 :quia
624 660 769 717 bona
820 670 875 716 et
921 659 1067 731 iusta
1120 670 1278 728 sunt,
1339 674 1461 731 qua:
1507 657 1709 730 juben—

102 764 220 812 tur.

174 846 308 904 Ideo
332 848 470 904 enim
514 857 561 905 et
600 847 798 903 tributa
835 848 1114 921 prtestatis.
1158 844 1391 902 Ministri
1434 848 1569 903 enim
1611 844 1710 902 Dei

99 952 259 1011 sunt,
290 943 343 997 in
373 942 473 997 hoc
496 942 667 1011 ipsum
706 942 1003 996 servientes.
1043 940 1276 996 Possunt
1304 950 1359 995 et
1396 940 1591 995 tributa
1616 953 1707 994 sa-

100 1033 390 1091 cerdotum
439 1033 709 1105 intelligi,
743 1048 866 1105 quae
903 1033 1011 1087 illis
1037 1047 1066 1085 a
1097 1032 1208 1087 Deo
1235 1040 1364 1087 sunt
1389 1030 1704 1087 constituta.

102 1126 236 1184 Sive
266 1126 391 1183 ideo
431 1126 653 1197 regibus
682 1126 883 1183 tributa
925 1124 1196 1196 praestatis
1229 1142 1243 1178 :
1294 1125 1419 1195 quia
1458 1122 1706 1178 voluistis

100 1221 444 1293 possidendo
492 1220 693 1277 saeculo
731 1234 855 1276 esse
896 1218 1149 1288 subjecti.
1195 1218 1474 1273 Ministros
1519 1223 1703 1271 autem

101 1315 196 1370 Dei
246 1314 374 1369 illos
400 1314 674 1385 appellat,
724 1321 784 1367 ut
810 1311 896 1367 vel
927 1311 1007 1366 sic
1038 1311 1117 1366 eis
1148 1309 1418 1375 reddant,
1450 1308 1594 1380 quod
1624 1310 1704 1364 eis

101 1406 379 1464 debebant
420 1424 435 1461 :
484 1422 554 1462 ne
609 1406 883 1461 videretur
937 1403 1187 1460 Christus
1243 1401 1555 1473 superbiam
1605 1401 1704 1458 do-

99 1513 395 1645 cmlsirtdite
411 1604 532 1661 ergo
552 1587 786 1643 omnibus
807 1587 997 1643 debita.
1016 1585 1112 1641 Cui
1134 1586 1404 1653 tributum,
1427 1584 1697 1640 tributum.

99 1680 290 1737 Potest
326 1683 495 1738 etiam
540 1681 889 1753 eleemosyna
938 1680 1179 1735 debitum
1224 1680 1506 1750 appellari.
1560 1677 1704 1733 Dicit

1812 472 2030 528 occidit.

1884 564 2165 620 Plenitudo
2193 582 2316 637 ergo
2362 563 2492 639 legis
2517 610 2533 637 ,
2581 572 2662 621 est
2716 561 2947 640 dilectio.
2998 563 3112 622 Hoc
3153 574 3239 624 est
3278 582 3400 640 per-

1809 658 1995 715 fectio.
2924 638 2939 649 ’

1878 752 1948 806 Et
1986 751 2086 808 hoc
2110 753 2327 809 scientes
2355 763 2556 824 tempus
2588 769 2607 808 :
2633 751 2762 824 quia
2782 751 2912 807 hora
2937 758 3012 807 est
3053 751 3172 823 jam
3215 766 3310 806 nos
3338 752 3401 808 de

1808 861 1989 901 somno
2019 864 2249 919 surgere.
2294 848 2408 903 Hoc
2436 855 2542 915 est,
2583 856 2643 902 ut
2673 846 2741 902 ad
2774 845 3099 917 perfectiora
3141 844 3397 902 tendatis.

1807 937 1925 993 Non
1953 938 2098 994 enim
2136 954 2357 1009 semper
2376 938 2592 995 debetis
2624 952 2749 995 esse
2772 938 3004 1009 parvuli,
3037 945 3093 993 et
3120 938 3402 1006 lactentes,

1808 1030 1951 1087 sicut
1990 1032 2119 1087 alibi
2158 1032 2290 1089 dicit
2339 1051 2353 1087 :
2396 1033 2615 1089 Etenim
2668 1048 2793 1089 cum
2841 1033 3122 1089 deberetis
3160 1033 3405 1104 magistri

1806 1139 1950 1193 esse,
1977 1133 2037 1180 et
2063 1135 2287 1181 caetera.
2319 1125 2451 1182 item
2487 1126 2740 1182 hortatur
2773 1126 3093 1197 Apostolus,
3141 1136 3199 1181 ut
3247 1136 3401 1183 tene-

1805 1214 1963 1269 brosa
1988 1224 2042 1271 et
2068 1217 2243 1271 somni
2287 1226 2504 1286 torpore
2525 1216 2785 1287 depressa
2813 1232 2980 1287 opera
3004 1218 3398 1288 relinquentes,

1806 1305 1860 1362 in
1891 1306 2117 1374 lumine,
2151 1308 2255 1364 hoc
2302 1318 2408 1377 est,
2443 1309 2496 1363 in
2542 1310 2698 1366 bonis
2740 1310 2999 1380 operibus
3032 1311 3396 1366 ambulemus.

1804 1397 1937 1453 ltem
1968 1398 2038 1454 de
2058 1414 2263 1469 ,somno
2301 1400 2511 1457 inertia:
2548 1410 2603 1456 et
2629 1401 2948 1471 ignorantiae
2976 1416 3393 1474 consurgamus.

1800 1488 1921 1547 Jam
1954 1492 2098 1545 enim
2132 1492 2357 1549 scientia
2383 1493 2544 1549 lucet.

1877 1581 2035 1637 Nunc
2071 1586 2206 1640 enim
2228 1586 2441 1657 propior
2464 1596 2539 1640 est
2570 1594 2751 1641 nostra
2776 1587 2941 1656 salus,
2968 1604 3125 1658 quant
3148 1604 3263 1642 cum
3285 1604 3409 1644 ere-~

1804 1673 2056 1730 didimus.
2115 1677 2354 1733 Scientia
2405 1678 2746 1749 proﬁciente,
2802 1679 3023 1752 propior
3075 1692 3159 1737 est
3217 1682 3399 1752 salus,

98 1772 382 1844 Scriptura
413 1790 428 1827 :
488 1773 691 1828 lnclina
740 1772 961 1843 pauperi
1011 1786 1197 1827 aurem
1238 1780 1385 1827 tuam
1405 1813 1421 1840 ,
1452 1780 1507 1825 et
1535 1770 1699 1825 redde
1728 1764 1778 1825 Β
1804 1782 1961 1838 quam
1990 1770 2206 1839 quando
2235 1772 2471 1841 primum
2503 1772 2855 1829 credidimus.

98 1868 348 1924 debitum
384 1876 557 1922 tuum.

167 1957 273 2014 Cui
318 1956 569 2029 vectigal,
623 1957 860 2029 vectigal.
915 1955 1158 2027 Vectigal
1199 1964 1444 2011 nostrum
1484 1962 1599 2022 est,
1646 1961 1707 2009 ut

101 2050 521 2107 transeuntibus
577 2050 878 2117 donemus,
921 2050 1007 2105 vel
1059 2064 1166 2105 non
1223 2057 1571 2105 transeuntes
1617 2062 1705 2103 se-

99 2143 359 2200 dentibus
389 2142 457 2198 ad
482 2142 625 2198 viam
646 2184 661 2211 ,
696 2153 752 2199 et
781 2143 910 2199 inde
936 2142 1285 2199 venientibus
1314 2143 1630 2214 largiamur.

171 2237 269 2293 Cui
316 2237 582 2304 timorem,
632 2238 891 2292 timorem.
940 2236 1224 2304 Quomodo
1261 2251 1392 2307 ergo
1441 2236 1704 2305 scriptum

107 2337 188 2382 est
218 2326 349 2383 alibi
380 2343 396 2385 :
435 2327 645 2383 Prmter
677 2328 844 2383 Deum
886 2328 1159 2383 neminem
1195 2341 1320 2383 esse
1363 2326 1707 2381 timendum?

107 2421 213 2477 Sed
265 2422 381 2489 sic,
426 2420 633 2492 inquit,
684 2435 783 2491 age
831 2428 894 2476 ut
933 2420 1204 2476 nemiuem
1251 2420 1465 2476 timeas.
1520 2417 1708 2474 Timor

106 2513 248 2568 enim
282 2513 378 2568 Dei
410 2514 657 2570 timorem
686 2512 913 2583 expellit
945 2513 1260 2567 humanum.
1299 2510 1405 2567 Sed
1447 2510 1704 2582 quoniam

105 2619 306 2660 causas
354 2604 530 2660 adhuc
582 2605 797 2660 timoris
838 2602 1080 2673 habetis,
1132 2617 1359 2659 necesse
1402 2613 1485 2659 est
1533 2610 1593 2657 ut
1633 2603 1703 2658 ti-

104 2698 324 2752 meatis.

176 2786 278 2846 Cui
308 2790 575 2857 honorem,
606 2788 874 2845 honorem.
899 2788 1077 2844 Etiam
1101 2788 1352 2845 timorem
1384 2788 1702 2859 majoribus,

108 2882 374 2938 honorem
403 2890 607 2937 tantum
633 2882 954 2953 aequalibus.

181 2973 398 3029 Nemini
428 2974 713 3046 quidquam
742 2975 990 3029 debeatis.
1024 2974 1291 3031 Praeclare
1312 2973 1449 3029 dixit
1478 2974 1707 3044 Aposto-

110 3066 215 3134 lus,
246 3065 525 3123 reddeuda
557 3067 870 3137 unicuique,
892 3082 1014 3137 qua:
1036 3066 1321 3133 debentur,
1349 3067 1463 3121 sola
1495 3074 1704 3121 tantum

1878 1862 2004 1918 Nox
2030 1866 2313 1935 prwccssit,
2344 1866 2454 1919 dies
2482 1875 2653 1919 autem
2678 1867 3142 1939 apprOpinquauit.
3177 1867 3407 1940 Compa-

1805 1962 1890 2009 rat
1919 1954 2028 2009 diei
2062 1954 2371 2022 scientiam,
2402 1963 2457 2010 et
2484 1956 2845 2026 ignorantiam
2875 1960 3060 2026 nocti,
3100 1962 3399 2016 secundum

1807 2045 1950 2101 Osee
1992 2044 2265 2101 dicentem
2312 2062 2326 2100 :
2363 2045 2519 2101 Nocti
2560 2047 2859 2102 assimilavi
2899 2056 3133 2104 matrem
3187 2057 3334 2105 tuam
3385 2068 3400 2104 :

1808 2139 1983 2197 factus
2014 2150 2099 2197 est
2126 2140 2358 2212 populus
2386 2157 2546 2199 meus
2569 2150 2841 2214 tamquam
2870 2159 2979 2200 non
3000 2143 3206 2202 habens
3231 2145 3408 2202 scicn-

1809 2233 1959 2287 tiam.

1882 2324 2201 2395 Abjiciamus
2241 2342 2361 2398 ergo
2409 2343 2568 2399 opera
2614 2329 2980 2397 tenebrarum,
3026 2338 3075 2384 et
3123 2330 3407 2385 induantur

1808 2432 1953 2471 arma
1972 2418 2124 2472 lucis.
2145 2420 2279 2474 Cum
2301 2419 2630 2490 ignorantia,
2648 2420 2968 2491 abjiciamus
2983 2422 3145 2477 simul
3167 2432 3221 2478 et
3239 2438 3403 2491 opera

1808 2508 2172 2578 ignorantiae:
2206 2519 2262 2565 et
2308 2526 2459 2565 arma
2498 2510 2657 2576 lucis,
2683 2512 2787 2568 hoc
2825 2522 2932 2579 est,
2961 2513 3186 2570 luminis
3235 2528 3401 2584 opera

1808 2600 2117 2656 induamur.
2139 2602 2241 2670 Qui
2264 2603 2411 2658 enim
2439 2604 2581 2660 male
2606 2605 2743 2677 agit,
2770 2607 2886 2661 odit
2907 2606 3087 2662 lucem
3122 2624 3135 2662 :
3160 2607 3251 2679 qui
3277 2621 3410 2664 vero

1808 2692 1941 2749 facit
1977 2694 2455 2761 veritatem,venit
2481 2696 2549 2751 ad
2581 2697 2780 2753 lucem.

1882 2785 2031 2841 Sicut
2056 2788 2110 2841 in
2141 2787 2223 2841 die
2248 2788 2459 2842 honeste
2478 2789 2821 2844 ambulemus.
2849 2788 3002 2846 Sicut
3036 2790 3125 2849 lux
3150 2789 3258 2846 diei
3285 2806 3411 2861 pro-

1817 2878 1969 2935 hibet
1998 2895 2440 2951 unumquemque
2479 2896 2663 2952 agerc,
2692 2881 2836 2953 quod
2868 2890 3027 2938 nocte
3059 2882 3229 2938 libere
3254 2898 3406 2939 com.

1809 2971 2093 3027 mittebat:
2134 2972 2205 3027 ita
2256 2982 2311 3027 ct
2342 2972 2569 3027 scicntia
2617 2989 2718 3028 nos
2769 2973 3027 3045 prohibet
3074 2975 3208 3046 legis
3252 2991 3405 3032 man-

1809 3062 1938 3118 data
1976 3072 2366 3133 contemnere,
2399 3065 2543 3136 quod
2571 3065 2807 3122 sciamus
2835 3080 2936 3121 nos
2970 3080 3190 3137 semper
3226 3082 3256 3121 a
3284 3067 3398 3123 Deo

112 3158 408 3214 dilectione
436 3172 536 3213 nos
566 3158 797 3213 invicem
826 3157 1096 3213 obnoxios
1118 3172 1237 3213 esse
1273 3157 1494 3213 debere.
1525 3157 1579 3212 Si
1607 3172 1706 3212 auo
1734 3138 1779 3202 θ
1812 3157 2007 3213 videri.

113 3262 219 3308 tem
242 3268 461 3322 semper
501 3250 758 3307 fratribus
784 3250 1139 3307 debuerimus
1159 3295 1174 3320 ,
1208 3251 1555 3307 dilectionem
1587 3266 1703 3306 ser-

111 3360 325 3413 vemus,
356 3355 413 3399 ut
436 3353 711 3416 perpetuae
730 3343 980 3400 charitati
1006 3354 1417 3401 connectamur.
1442 3343 1576 3399 Nam
1597 3360 1704 3399 non

1884 3250 2008 3306 Non
2038 3253 2094 3306 in
2123 3252 2579 3309 comessationibtts
2606 3260 2653 3307 et
2674 3252 3026 3321 ebrietatibus,
3057 3267 3162 3305 non
3184 3252 3238 3305 in
3266 3251 3409 3305 cubi-

1811 3344 1946 3399 libus
1977 3354 2022 3399 et
2054 3345 2411 3417 impudicitiis.
2456 3345 2793 3401 Comessatio
2816 3353 2901 3398 est
2930 3357 3133 3399 mensa:
3162 3340 3404 3397 collatio.

112 3437 486 3504 adulterabis,
520 3450 627 3491 non
658 3435 907 3503 occides,
936 3450 1042 3491 non
1074 3434 1340 3492 furaberis
1365 3476 1381 3502 ,
1428 3451 1536 3492 non
1577 3451 1709 3491 con-
1809 3439 1920 3496 Nos
1960 3457 2093 3499 vero
2128 3441 2389 3498 habemus
2425 3439 2712 3508 spirituale
2732 3436 3077 3508 convivium,
3119 3435 3362 3491 dicentes
3392 3453 3406 3491 :

115 3530 401 3601 cnpisces,
448 3538 502 3585 et
547 3529 595 3584 si
625 3530 755 3600 quid
799 3538 885 3586 est
931 3530 1076 3585 aliud
1120 3530 1465 3597 mandatum,
1510 3531 1562 3585 in
1605 3530 1709 3586 hoc
1810 3531 1945 3587 Cum
1988 3533 2312 3597 convenitis,
2362 3529 2736 3599 unusquisque
2774 3527 3041 3598 psalmum
3089 3527 3305 3595 habeat,
3355 3536 3412 3583 et

116 3623 281 3679 verbo
325 3621 683 3677 instauratur.
714 3621 848 3680 Item
894 3622 1099 3679 nemini
1145 3621 1387 3680 debitum
1432 3637 1539 3679 non
1586 3623 1712 3680 red-
1813 3635 2031 3681 caetera.
2058 3625 2396 3681 Ebrietatem
2429 3637 2559 3693 ergo
2589 3620 2950 3693 perniciosam
2980 3634 3123 3689 esse,
3169 3629 3223 3676 et
3253 3621 3410 3676 luxu-

118 3715 275 3772 datis.

189 3807 310 3863 Nisi
338 3817 393 3862 ut
423 3807 641 3863 invicem
666 3807 920 3880 diligatis.
946 3808 1062 3864 Hoc
1089 3808 1266 3865 solum
1308 3822 1526 3878 semper
1555 3806 1714 3863 debet

120 3916 366 3968 manere,
399 3900 541 3973 quod
571 3916 860 3972 numquam
889 3902 1124 3971 persolvi
1152 3910 1354 3972 potest.

192 3994 295 4060 Qui
324 3994 465 4049 enim
493 3991 667 4064 diligit
697 3993 1014 4062 proximum,
1043 3993 1481 4063 legem-implevit.
1511 3992 1717 4049 Secun-

125 4083 245 4139 dum
288 4084 504 4139 Domini
560 4082 917 4154 parabolam,
962 4084 1080 4138 sine
1128 4084 1459 4140 discretione
1510 4086 1718 4142 cunctis

127 4172 554 4231 misericordiam
584 4172 699 4228 ﬁeri
725 4172 1006 4243 jubentis:
1039 4173 1220 4228 omnis
1246 4173 1409 4229 homo
1441 4176 1720 4245 proximus

128 4280 244 4321 esse
273 4263 590 4321 censendus
609 4273 715 4320 est.
747 4262 879 4319 Item
905 4263 1251 4320 dilectionem
1281 4264 1403 4320 ideo
1425 4267 1720 4335 praemisit:

132 4357 247 4424 quia
277 4356 536 4414 ﬁdelibus
562 4355 860 4426 scribebat,
885 4364 943 4412 et
964 4354 1033 4413 de
1053 4356 1282 4427 justitite
1309 4359 1722 4414 conversatione

137 4452 414 4508 tractabat.

1814 3718 1911 3773 riae
1932 3718 2243 3780 materiam,
2275 3730 2340 3771 ex
2371 3714 2497 3769 hinc
2526 3713 2936 3784 cognoscimus,
2961 3714 3086 3783 quia
3122 3712 3410 3783 impudici-

1817 3812 1946 3865 tiam
1972 3807 2273 3879 subjunxit.
2300 3806 2369 3862 Et
2394 3806 2526 3862 alibi
2548 3805 2623 3861 ait
2652 3824 2663 3860 :
2692 3803 2873 3861 Nolite
2895 3804 3150 3862 inebriari
3177 3806 3324 3875 vino,
3358 3806 3410 3862 in

1817 3919 1923 3974 quo
1952 3913 2039 3958 εει
2068 3903 2307 3957 luxuria.

1891 3993 2015 4049 Non
2045 3994 2101 4048 in
2144 3993 2470 4048 contentione
2514 4000 2561 4047 et
2589 3990 2933 4047 wmulatione.
2978 3990 3154 4047 Etiam
3185 4000 3414 4049 conten—

1820 4087 2024 4142 tionem
2055 4093 2112 4142 et
2141 4084 2396 4141 invidiam
2424 4086 2773 4142 criminosam
2801 4100 2925 4141 esse
2947 4126 2962 4151 ,
2994 4092 3049 4140 et
3070 4084 3190 4140 aliis
3218 4086 3405 4142 multis

1822 4179 2082 4250 probatur
2128 4179 2414 4250 exemplis,
2465 4178 2683 4236 dicente
2721 4179 2927 4235 Iacobo
2955 4196 2966 4232 :
2998 4179 3055 4235 Si
3099 4180 3243 4236 enim
3290 4180 3413 4235 zelo

1822 4285 2007 4325 amaro
2032 4269 2261 4337 habetis,
2292 4279 2348 4327 et
2362 4281 2583 4329 cmtcra.

1896 4364 2003 4420 Sed
2038 4364 2318 4418 induimini
2361 4365 2643 4420 Dominum
2686 4363 2868 4421 Iesum
2924 4365 3203 4422 Christum.
3254 4364 3415 4421 Solus

1828 4454 2078 4515 Christus
2110 4457 2359 4513 videatur
2414 4459 2470 4513 in
2520 4459 2701 4527 vobis,
2753 4474 2859 4515 non
2898 4468 3052 4516 vetus
3091 4458 3274 4515 homo.
3314 4458 3417 4527 Qui

206 4543 343 4599 Nam
386 4561 494 4601 non
532 4543 877 4614 adulterabis,
907 4561 1012 4599 non
1039 4544 1267 4615 occides,
1300 4561 1400 4600 non
1422 4546 1678 4617 furaberis
1702 4588 1716 4611 ,
1748 4518 1804 4579 Β
1829 4551 1971 4606 enim
2012 4550 2148 4605 dicit
2185 4566 2247 4607 se
2291 4552 2344 4607 in
2390 4551 2610 4609 Christo
2639 4568 2861 4609 manere
2902 4571 2915 4607 :
2957 4553 3121 4608 debet
3151 4553 3291 4607 sicut
3324 4551 3417 4607 ille

142 4651 236 4690 non
263 4639 453 4709 falsum
483 4637 831 4693 testimonium
858 4638 993 4692 dices
1016 4681 1031 4706 ,
1061 4655 1165 4693 non
1193 4641 1554 4709 concupisces,
1597 4651 1647 4693 et
1675 4640 1720 4695 si

141 4731 269 4796 quod
298 4742 369 4787 est
398 4733 548 4788 aliud
585 4733 887 4787 mandatum
908 4773 924 4799 ,
955 4733 1012 4787 in
1050 4733 1144 4787 hoc
1171 4733 1319 4788 verba
1348 4734 1671 4788 instauratur
1700 4749 1722 4789 :

146 4818 333 4893 Diliges
369 4827 661 4897 proximum
702 4836 844 4879 tuum
875 4825 1009 4880 sicut
1048 4825 1285 4896 teipsum.
1316 4825 1724 4896 Recapitulatur

147 4917 315 4970 omnis
354 4915 561 4985 juStitia
597 4917 651 4972 in
692 4916 926 4987 proximi
965 4915 1262 4973 dilectione
1301 4933 1316 4969 :
1364 4924 1419 4972 et
1462 4915 1722 4986 injustitia

149 5001 398 5070 nascitur,
426 5003 555 5058 dum
594 5003 717 5074 plus
743 5002 961 5059 caeteris
991 5016 1089 5056 nos
1131 5015 1392 5056 amamus.
1436 5001 1536 5070 Qui
1579 5000 1721 5057 enim

151 5089 284 5146 sicut
300 5108 359 5149 se
384 5094 557 5165 diligit
582 5095 913 5166 proximum,
944 5110 1051 5149 non
1080 5094 1259 5149 solum
1287 5092 1368 5148 illi
1391 5093 1589 5147 malum
1617 5108 1723 5147 non

154 5179 294 5247 facit,
321 5189 411 5242 sed
440 5188 602 5245 etiam
631 5190 829 5245 bonum
862 5188 1009 5257 facit,
1034 5187 1160 5260 quia
1182 5197 1239 5245 et
1261 5189 1405 5245 circa
1429 5202 1489 5244 se
1518 5195 1727 5244 utrum-

156 5288 258 5341 que
283 5278 426 5346 cupit
450 5280 707 5351 impendi.

227 5364 442 5432 Dilectio
476 5375 695 5445 proximi
730 5376 927 5432 malum
966 5393 1066 5432 non
1094 5387 1359 5447 operatur.
1404 5376 1580 5432 Etiam
1622 5377 1730 5451 bog

160 5470 283 5512 num
296 5474 398 5514 non
420 5462 830 5533 facere,‘malum
854 5482 958 5524 est.
981 5468 1112 5523 Nam
1126 5469 1171 5523 si
1186 5468 1381 5524 viderit
1403 5468 1553 5524 illum
1581 5469 1726 5527 lame

161 5548 486 5615 periclitari:
521 5570 697 5613 nonne
742 5559 861 5629 ipse
910 5558 1062 5614 illum
1093 5560 1309 5628 occidit,
1363 5561 1408 5616 si
1458 5562 1553 5618 ille
1605 5576 1727 5618 cum

164 5638 359 5711 afﬂuat,
387 5661 492 5704 non
520 5648 731 5706 dederit
755 5651 979 5722 victum,
1011 5654 1258 5724 quamvis
1278 5654 1327 5707 ei
1350 5655 1600 5725 proprias
1623 5634 1728 5711 non

170 5729 339 5788 “ﬁeri!
368 5735 678 5803 facultates?
698 5741 956 5817 Quisquis
987 5746 1131 5802 cnim
1170 5746 1221 5805 in
1266 5760 1604 5820 quacumque
1636 5764 1732 5813 ne-

1828 4641 2160 4712 amhulavit,
2198 4653 2254 4700 et
2292 4643 2410 4715 ipse
2448 4645 2733 4701 ambulare
2765 4662 2779 4700 :
2819 4645 2875 4699 in
2909 4659 3024 4716 quo
3062 4656 3253 4699 omnes
3290 4652 3420 4699 sunt

1828 4735 2077 4791 virtutes.

1901 4824 1971 4881 Et
2014 4827 2188 4881 carnis
2228 4841 2407 4880 curam
2455 4842 2519 4880 ne
2557 4826 2782 4896 feceritis
2825 4826 2880 4881 in
2922 4826 3217 4883 desideriis.
3265 4825 3420 4883 Sicut

1832 4918 2089 4975 Salomon
2128 4917 2203 4971 ait
2236 4917 2403 4972 :Post
2431 4918 2901 4987 concupiscentias
2929 4927 3046 4975 tuas
3068 4933 3173 4975 non
3204 4933 3319 4975 eas.
3349 4919 3421 4975 Et

1832 5012 2027 5067 iterum
2058 5026 2072 5066 :
2098 5010 2140 5065 si
2166 5008 2382 5065 dederis
2422 5010 2922 5081 concupiscentiam
2968 5012 3163 5068 animae
3194 5021 3321 5081 tum,
3366 5012 3421 5069 in

1831 5104 2087 5177 gaudium
2118 5101 2289 5159 facies
2323 5111 2375 5159 te
2404 5102 2641 5159 inimicis
2675 5103 2780 5159 tuis
2808 5105 3024 5162 venire.

2425 5234 2652 5293 CAPUT
2689 5234 2833 5295 XIV.

1908 5377 2189 5448 Inﬁrmum
2216 5384 2387 5431 autent
2412 5376 2468 5430 in
2495 5376 2600 5445 ﬁde
2625 5376 2896 5432 assumite.
2918 5375 3015 5431 llic
3041 5376 3261 5448 oblique
3302 5375 3428 5433 illos

1830 5472 2117 5542 increpare
2149 5470 2357 5541 incipit,
2396 5470 2487 5542 qui
2515 5486 2576 5527 se
2607 5472 2775 5527 fortes
2813 5470 3098 5541 putabant,
3125 5481 3185 5525 ut
3220 5470 3415 5525 immo-

1834 5566 2025 5622 derate
2053 5563 2306 5619 carnibus
2329 5574 2706 5620 vescerentur.
2737 5564 2871 5620 Item
2900 5564 2989 5620 hic
3011 5563 3257 5619 inﬁrmos
3287 5562 3420 5619 ﬁde-

1836 5657 1920 5713 les
1950 5656 2103 5720 dicit,
2139 5655 2228 5726 qui
2271 5671 2464 5713 carnes
2487 5671 2609 5729 qua:
2646 5658 2698 5711 in
2733 5657 2965 5713 macello
2994 5666 3120 5712 tunc
3168 5655 3429 5727 temporis

1837 5747 2236 5819 vendebantur,
2266 5747 2599 5810 idololatrias
2625 5763 2746 5808 esse
2766 5749 3064 5811 credebant
3090 5764 3105 5806 :
3132 5756 3183 5805 et
3206 5755 3430 5821 prapter
