4030 6202
614 291 722 347 ῗΟἹ

1662 286 1718 340 S.
1766 281 2142 338 liliiRONYill
2184 280 2463 339 OPERUM
2508 285 2871 344 MANTISSA.

3848 296 3945 358 703

617 410 720 464 hoc
769 411 847 465 sic
896 412 1174 475 putantes,
1210 408 1275 457 ne
1303 400 1700 472 polluerentur,
1749 398 1992 454 oleribus
2017 411 2198 451 vesce-
2232 399 2421 458 Atum
2473 398 2669 467 faciat;
2702 411 2962 471 quantum
3018 410 3196 474 potest
3238 421 3252 461 :
3294 414 3557 487 quantum
3613 413 3940 469 mercedem

617 505 841 559 bantur.
880 500 1030 557 Unde
1061 496 1373 568 praecipitur
1403 496 1470 548 ab
1521 492 1782 569 Apostolo
1814 510 1827 546 :
1859 507 1926 546 ne
1974 489 2209 561 imperiti

616 597 690 650 ita
726 596 1027 649 sentientes
1070 589 1339 658 judicent,
1367 588 1457 658 qui
1504 587 1707 641 habent
1753 584 1912 641 fidem
1967 601 1981 638 :
2028 583 2210 637 omnia

615 702 732 754 qttte
763 685 815 738 in
849 683 1078 737 macello
1108 693 1376 748 veneunt,
1412 684 1529 735 sine
1560 678 1952 748 disceptatione
1984 675 2213 731 mandu-

613 782 736 829 cent
771 792 783 825 :
815 774 1069 842 quoniam
1098 775 1279 827 omnis
1299 783 1550 827 creatura
1571 769 1666 825 Dei
1696 770 1832 824 bona
1861 777 1965 836 est,
1992 778 2048 824 et
2077 768 2210 822 nihil

612 866 977 923 damnandum
1025 874 1109 921 est
1142 879 1371 931 eorum,
1422 879 1541 936 quo
1588 864 1728 919 Deus
1772 862 2084 917 hominibus
2142 859 2209 915 ad

611 962 879 1018 edendum
914 961 1138 1015 creavit.

689 1056 812 1110 Non
863 1058 914 1109 in
960 1052 1419 1122 disceptationibus
1462 1053 1854 1124 cogitationum.
1907 1045 2083 1103 Nolite
2124 1060 2211 1102 se-

512 1218 516 1222 .
610 1147 843 1202 cundum
867 1155 1077 1201 vestras
1103 1146 1250 1217 cogit
1269 1148 1486 1216 itiones,
1511 1159 1672 1215 quem
1714 1146 1797 1199 lex
1827 1158 1933 1196 non
1971 1140 2199 1211 judicat,

601 1238 869 1312 judicare.

681 1332 828 1386 Alius
855 1332 987 1386 enim
1012 1330 1173 1385 credit
1203 1346 1258 1384 se
1288 1330 1609 1383 manducare
1631 1328 1825 1382 omnia.
1866 1325 1967 1393 Qui
2005 1334 2209 1379 tantam

615 1427 775 1483 fidem
801 1427 984 1492 habet,
1026 1437 1212 1480 utnon
1240 1432 1554 1491 moveatur,
1587 1431 1677 1477 aut
1716 1418 2044 1477 abstinentia
2074 1433 2207 1474 con-

614 1521 837 1583 fractus,
859 1531 950 1574 aut
982 1521 1159 1574 senio.

689 1613 792 1681 Qui
819 1623 989 1667 autem
1016 1612 1260 1681 inﬁrmus
1306 1619 1403 1677 est,
1453 1607 1569 1664 olus
1599 1608 1893 1663 manducet.
1934 1605 2204 1672 Infirmus,

615 1717 706 1761 aut
735 1714 916 1769 mtate,
964 1714 1057 1759 aut
1096 1704 1345 1773 corporis
1383 1704 1584 1758 calore.
1621 1702 1753 1757 item
1782 1702 1869 1756 hic
1901 1702 2203 1770 probatur:

2319 493 2519 549 habere
2571 496 2825 551 voluerit.
2880 494 3035 553 Unde
3090 499 3385 568 sequitur:
3432 501 3839 577 Unusquisque
3894 507 3943 562 id

2317 582 2479 639 faciat
2511 585 2562 639 in
2601 586 2693 641 tali
2735 601 2919 654 causa,
2952 584 3094 658 quod
3127 591 3319 645 melius
3358 606 3481 647 esse
3520 594 3762 664 judicat.
3804 597 3939 653 Item

2314 676 2417 729 hoc
2468 686 2573 745 est,
2623 678 2764 749 quod
2797 679 2924 733 dicit
2956 678 3206 749 :aliquos
3240 694 3387 749 csSe,
3442 684 3536 756 qui
3586 686 3763 744 certis
3806 692 3937 745 anni

2317 774 2676 844 temporibus,
2730 775 2862 830 alios
2888 789 3009 830 esse
3059 775 3153 846 qui
3193 779 3340 832 omni
3378 788 3625 847 tempore
3655 782 3789 839 vita:
3821 796 3936 840 suae

2314 863 2381 919 ab
2413 881 2507 921 esu
2539 866 2779 921 carnium
2811 865 3175 922 decreverunt
3203 867 3614 928 abStinendmn.

2388 958 2491 1025 Qui
2537 960 2670 1029 sapit
2720 960 2878 1029 diem,
2933 959 3153 1014 Domino
3176 963 3334 1034 sapit.
3370 958 3600 1019 Domino
3638 968 3810 1037 sapit,
3841 969 3934 1040 qui

2315 1064 2538 1120 propter
2562 1050 2729 1106 Deum
2760 1051 2992 1121 jejuoat,
3023 1060 3079 1107 et
3107 1066 3215 1108 non
3242 1067 3471 1126 propter
3492 1056 3769 1113 homines.

2388 1142 2455 1198 Et
2482 1145 2570 1215 qui
2590 1145 2895 1211 manducet,
2930 1143 3153 1199 Domino
3182 1150 3486 1206 manducat.
3534 1146 3758 1206 Gratias
3788 1152 3925 1206 enim

2314 1236 2423 1308 agit
2458 1236 2586 1290 Deo.
2615 1237 2715 1306 Qui
2747 1248 2975 1308 propter
2999 1236 3291 1293 Dominum
3336 1240 3625 1298 manducat
3646 1286 3661 1312 ,
3694 1253 3759 1299 ut
3789 1260 3929 1315 prte-

2314 1328 2527 1384 dicandi
2549 1327 2900 1401 Evangelium
2934 1330 3107 1399 possit
3126 1331 3334 1389 habere
3363 1332 3641 1404 virtutem,
3666 1351 3779 1390 non
3812 1351 3928 1390 sua:

2313 1420 2452 1492 gulie
2482 1422 2683 1489 Studet,
2716 1421 2811 1477 sed
2842 1420 3074 1477 aliorum
3108 1422 3266 1478 saluti
3301 1443 3312 1477 :
3342 1435 3561 1496 propter
3584 1427 3735 1498 quod
3769 1438 3918 1485 (ξοπι-

2315 1513 2480 1577 versi,
2513 1515 2723 1584 gratias
2744 1512 2984 1568 referant
3005 1513 3142 1569 Deo.

2386 1602 2455 1658 Et
2484 1606 2572 1673 qui
2630 1621 2735 1659 non
2767 1610 3073 1675 mandarat,
3113 1604 3329 1661 Domino
3376 1624 3477 1662 non
3503 1608 3831 1674 manducet,
3883 1620 3933 1665 et

2315 1696 2511 1768 gratias
2559 1697 2665 1767 agit
2709 1692 2841 1751 Deo.
2890 1696 3025 1764 Quia
3059 1712 3157 1767 per
3205 1698 3507 1769 exemplum
3560 1698 3711 1753 illius
3759 1700 3926 1757 multi

616 1800 741 1869 quia
772 1814 884 1853 non
910 1798 978 1853 de
1004 1797 1210 1851 Judmis
1245 1795 1473 1860 dicatur,
1520 1804 1577 1847 ut
1608 1793 1828 1863 quidam
1870 1799 2081 1859 putant,
2112 1788 2203 1845 sed
2241 1777 2287 1839 B
2314 1788 2617 1855 salvantur,
2673 1797 2725 1843 et
2756 1788 2961 1858 gratias
2990 1789 3234 1844 referunt
3287 1790 3419 1844 Deo.
3449 1789 3554 1855 Qui
3596 1791 3747 1845 enim
3780 1805 3921 1848 voce

616 1890 683 1945 de
710 1888 1131 1944 abstinentibus.
1149 1886 1264 1940 Non
1289 1888 1432 1939 enim
1458 1899 1653 1940 carnes
1670 1881 1967 1939 secundum
1994 1883 2204 1954 legem:

615 1979 708 2035 sed
737 1980 854 2034 sola
880 1978 1028 2032 olera
1068 1975 1489 2031 mandueabaut.
1528 1975 1704 2030 Aliter
1733 1992 1746 2027 :
1776 1974 1831 2047 $i
1875 1973 2078 2028 idcirco
2108 1974 2207 2029 tibi

612 2072 898 2126 infirmitas
950 2070 1147 2125 anima:
1174 2077 1467 2140 generatur
1512 2083 1525 2121 :
1568 2071 1691 2138 quia
1736 2067 1900 2123 alium
1959 2066 2205 2137 ejusdem

612 2162 901 2232 propOsili,
922 2161 1181 2216 carnibus
1214 2176 1311 2230 pro
1328 2174 1425 2213 sua
1448 2159 1552 2213 fide
1576 2160 1719 2214 vesci
1756 2157 2204 2229 perhorrescens,

609 2256 750 2310 forte
781 2255 1072 2323 cognoscis
1105 2272 1118 2307 :
1151 2254 1258 2309 noli
1284 2269 1405 2307 e~se
1433 2252 1598 2322 judex
1630 2253 1853 2306 alterius
1885 2253 2204 2319 voluntatis,

608 2362 709 2401 nec
733 2347 951 2416 exigere
979 2347 1047 2401 ab
1070 2344 1273 2415 aliquo.
1305 2343 1611 2413 Unicuique
1637 2343 1688 2397 in
1718 2343 1998 2397 voluntate
2021 2344 2209 2398 dimis-

609 2455 729 2496 sum
765 2448 851 2494 est
882 2456 896 2497 :
926 2438 1021 2493 sed
1070 2438 1116 2492 si
1150 2438 1245 2492 tibi
1276 2436 1594 2491 scandalum
1618 2445 1722 2503 est,
1751 2446 1802 2489 et
1827 2450 1932 2489 non
1972 2437 2051 2489 vis
2080 2452 2205 2490 car—

612 2534 773 2586 nibus
795 2530 964 2599 vesci,
990 2529 1085 2585 tibi
1118 2530 1218 2599 ipsi
1250 2529 1471 2598 impone
1512 2526 1730 2582 modum
1759 2543 1774 2581 :
1806 2537 1855 2582 et
1903 2527 2096 2581 melius
2129 2526 2208 2583 fa-

610 2625 785 2690 ciens,
818 2625 933 2679 sola
980 2624 1131 2679 olera
1160 2624 1448 2678 manduca.
1490 2621 1660 2692 Magis
1708 2620 2077 2690 unusquisque
2108 2636 2207 2691 per

608 2725 755 2771 tuam
805 2715 1263 2785 aequanimitatem
1316 2713 1381 2768 ad
1424 2712 1809 2767 abstinentiam
1858 2720 2202 2781 provocetur,

609 2820 769 2875 quam
800 2804 1044 2858 irritatus
1065 2803 1135 2857 de
1165 2806 1267 2857 hoc
1298 2802 1631 2858 scandalizet
1663 2813 1733 2858 te.
1764 2802 1931 2872 Magis
1956 2804 2007 2856 iit
2038 2802 2206 2858 eden-

609 2896 694 2950 dis
716 2895 971 2949 carnibns
993 2894 1369 2961 conﬁrmetur,
1399 2895 1551 2964 quod
1594 2904 1704 2949 tum
1736 2909 1840 2949 non
1869 2904 2027 2967 potes
2050 2894 2203 2965 quasi

609 2990 826 3058 culpam
877 2987 928 3043 in
971 2987 1077 3041 alio
1111 2987 1533 3057 reprehendere,
1588 2988 1631 3042 si
1664 2990 2069 3059 unusquisque,
2111 2995 2204 3043 aut

607 3080 841 3135 fideliter
871 3079 973 3134 hoc
1000 3078 1296 3149 praesumit,
1326 3081 1575 3134 autiorte
1602 3082 1903 3147 asperitate
1932 3081 2200 3135 valetudi-

607 3172 714 3236 nis,
755 3182 844 3226 aut
869 3181 1087 3227 senecta
1120 3170 1223 3225 hoc
1253 3170 1414 3224 faciat
1443 3171 1715 3239 exigente.

678 3262 734 3319 ιι
762 3265 847 3334 qui
890 3262 1189 3327 manducat,
1234 3277 1335 3314 non
1376 3262 1779 3315 manducantem
1813 3276 1917 3315 non
1964 3271 2195 3329 spernat.

603 3356 889 3413 Habebam
914 3360 1057 3412 inter
1086 3373 1146 3411 se
1170 3355 1427 3410 scandala
1461 3372 1473 3408 :
1508 3354 1585 3409 illi
1614 3354 1738 3409 illos
1760 3355 1914 3425 quasi
1948 3357 2196 3411 carnales

600 3449 943 3521 judicabant;
976 3456 1032 3503 et
1059 3448 1135 3503 illi
1170 3449 1293 3503 illos
1320 3457 1596 3519 tamquam
1643 3447 1841 3503 stultos
1873 3446 2194 3516 irridebant,

608 3552 665 3599 et
695 3544 1104 3612 superstitiosos
1132 3542 1474 3612 judicabant,

680 3635 745 3687 Et
790 3637 877 3704 qui
916 3651 1018 3688 non
1048 3636 1359 3699 manducet,
1390 3636 1787 3691 manducantem
1823 3651 1928 3691 non
1972 3628 2194 3708 judicet.

608 3724 751 3780 Deus
773 3728 907 3780 enim
931 3726 1080 3780 illum
1102 3728 1399 3798 assumpsit.
1416 3726 1488 3780 Ita
1504 3727 1625 3782 illos
1648 3729 1791 3783 lteus
1806 3729 2019 3783 vocavit
2042 3737 2101 3783 ut.
2121 3737 2195 3784 te.

677 3818 759 3872 Tu
789 3820 900 3889 quis
943 3836 1023 3887 es,
1050 3820 1138 3889 qui
1154 3819 1367 3890 judicas
1407 3819 1635 3873 alienum
1664 3822 1902 3875 servum?
1943 3820 2110 3891 Cujus
2140 3830 2198 3877 tu

605 3912 947 3966 auctoritatis
979 3924 1059 3976 es,
1096 3920 1150 3965 ut
1174 3912 1386 3981 judiees
1417 3927 1538 3967 eum
1588 3930 1747 3983 quem
1784 3914 1871 3971 lex
1914 3930 2021 3969 non
2048 3914 2195 3985 judi-

603 4003 724 4059 cat?
748 4001 904 4059 Unde
930 4011 986 4057 et
1015 4001 1250 4059 Jacolius
1281 4004 1356 4058 ait
1389 4022 1403 4060 :
1431 4006 1535 4073 Qui
1564 4007 1769 4075 judicat
1815 4010 2057 4075 fratrem,
2091 4009 2193 4063 sei-

603 4098 731 4153 licet
754 4097 1143 4167 sapicntiorem
1177 4112 1257 4164 so,
1285 4099 1491 4167 iudicat
1524 4100 1722 4171 legem.
1769 4103 2043 4157 Caeterum
2077 4102 2193 4168 ipse

602 4188 800 4243 Paulus
826 4200 1014 4243 contra
1046 4188 1356 4243 mandatum
1386 4190 1653 4246 facientes
1674 4191 1963 4260 judicavit.
1995 4200 2050 4247 et
2070 4192 2192 4247 aliis

594 4280 875 4351 judicandi
908 4281 1093 4336 tribuit
1125 4281 1456 4341 facoltatem.
1496 4282 1575 4337 Ad
1607 4296 1731 4337 eum
1759 4284 1849 4353 qui
1880 4282 1985 4338 fide
2041 4284 2191 4339 infir-

599 4387 721 4428 mus
750 4384 834 4428 est
862 4388 1044 4429 sermo
1092 4375 1371 4445 dirigitur,
1403 4389 1510 4429 non
1538 4391 1663 4429 eum
1720 4376 1922 4431 debere
1946 4376 2191 4445 judicare

598 4465 1041 4521 manducantem.
1083 4468 1275 4521 Uinnia
1321 4482 1678 4537 quaecumque
1736 4468 1788 4521 in
1832 4469 2061 4523 macello
2095 4483 2187 4525 ve-

2311 1879 2423 1947 agit
2448 1878 2673 1947 gratias,
2724 1880 2873 1935 solus
2914 1882 3062 1951 agit:
3095 1882 3185 1951 qui
3219 1890 3398 1937 autem
3427 1880 3590 1936 etiam
3621 1881 3679 1937 in
3706 1892 3917 1953 Opere,

2312 1970 2363 2022 in
2399 1969 2581 2023 multis
2605 1970 2733 2039 agit.

2384 2060 2550 2116 Nemo
2582 2064 2718 2117 enim
2746 2075 2983 2119 nostrum
3006 2064 3106 2119 sibi
3123 2065 3267 2128 vivit,
3291 2077 3339 2119 et
3366 2078 3514 2119 uerno
3536 2065 3631 2119 sibi
3660 2068 3907 2119 moritur.

2312 2154 2433 2210 Sive
2471 2156 2607 2208 enim
2650 2156 2887 2225 vivimus,
2926 2156 3152 2210 Domino
3197 2158 3418 2212 rivimus
3441 2172 3460 2210 .'
3487 2158 3596 2211 sive
3634 2159 3910 2224 nterim",

2310 2248 2538 2304 Domino
2560 2251 2831 2304 morimur.
2885 2250 3007 2303 Sire
3055 2266 3179 2323 ergo
3209 2252 3450 2311 vicimus,
3487 2251 3597 2305 sive
3628 2252 3911 2318 morimur,

2311 2342 2522 2399 Domini
2552 2359 2749 2397 simius.
2784 2342 2953 2398 Nemo
3003 2342 3245 2398 fidelium
3281 2343 3383 2397 sibi
3414 2342 3546 2397 vivit
3571 2383 3586 2407 ,
3638 2350 3703 2398 et
3750 2356 3915 2397 nemo

2308 2439 2411 2493 sibi
2467 2436 2698 2493 moritur
2725 2438 2897 2513 :qttia
2924 2439 3181 2494 Christus
3232 2454 3332 2508 pro
3362 2439 3615 2494 omnibus
3659 2449 3911 2496 mortuus

2308 2538 2413 2593 est,
2445 2540 2501 2582 ut
2531 2538 2586 2584 et
2633 2530 2721 2599 qui
2754 2529 2961 2593 vivunt,
2988 2529 3097 2598 jam
3157 2545 3263 2585 non
3292 2530 3394 2585 sibi
3446 2531 3651 2597 vivant,
3681 2531 3781 2586 sed
3808 2532 3906 2587 illi.

2307 2618 2618 2675 Cavendum
2666 2622 2976 2676 econtrario
3010 2664 3027 2690 ,
3079 2635 3150 2678 ne
3193 2636 3296 2678 nos
3340 2632 3436 2678 aut
3473 2622 3634 2679 nobis
3664 2623 3907 2679 vivamus

2308 2712 2687 2768 manducando
2712 2732 2726 2775 :
2756 2724 2849 2769 aut
2878 2726 3103 2786 propter
3135 2715 3389 2772 homines
3437 2716 3736 2774 moriamur
3760 2718 3904 2789 jeju-

2308 2803 2510 2859 nando.

2379 2893 2447 2948 In
2469 2894 2567 2949 hoc
2595 2895 2729 2949 enim
2760 2892 3005 2950 Christus
3042 2907 3279 2952 mortuus
3304 2906 3401 2965 est,
3429 2908 3476 2952 et
3498 2900 3823 2958 resurrexit:
3850 2909 3907 2955 ut

2304 2990 2350 3043 ei
2376 2989 2608 3042 vivorum
2635 2998 2682 3042 et
2711 2998 3038 3044 mortuorum
3054 2991 3368 3045 dominetur.
3398 2991 3681 3047 Adventus
3703 2991 3902 3049 Christi

2305 3089 2359 3135 ct
2404 3079 2557 3135 vivos
2587 3080 2860 3147 inveniet,
2889 3090 2945 3135 et
2974 3092 3221 3137 mortuos
3252 3083 3555 3139 suscitabit.
3590 3084 3737 3139 Nihil
3768 3099 3902 3156 ergo

2223 3164 2268 3225 C
2301 3172 2493 3238 refert,
2524 3180 2703 3227 utrum
2736 3182 2791 3228 te
2822 3175 3131 3238 resuscitet,
3160 3188 3227 3228 an
3255 3174 3442 3229 vivum
3469 3175 3747 3232 inveniat:
3781 3186 3901 3234 tan-

2303 3274 2414 3320 tum
2450 3264 2658 3332 labora,
2683 3275 2742 3319 ut
2768 3279 2952 3320 coram
2983 3280 3050 3320 eo
3074 3267 3253 3334 justus
3283 3281 3575 3337 appareas.

2375 3355 2453 3411 Tu
2481 3366 2655 3411 autem
2699 3357 2826 3427 quid
2844 3358 3056 3429 judictts
3083 3359 3296 3429 fratrem
3317 3360 3503 3413 tuum?
3523 3359 3640 3427 Qua
3666 3361 3901 3417 auctori-

2301 3458 2411 3503 tate
2440 3450 2592 3518 quasi
2622 3463 2877 3505 voracem
2908 3450 3160 3506 damnas.

2372 3542 2473 3594 Aut
2530 3551 2583 3595 tu
2612 3556 2773 3612 quare
2798 3543 3247 3613 spernis'fratrem
3292 3545 3479 3598 tuum?
3531 3543 3697 3614 Quasi
3743 3545 3899 3602 inﬁr-

2303 3646 2449 3687 mum
2481 3632 2824 3703 despiciens,
2855 3641 2951 3688 aut
2978 3648 3317 3704 supervacue
3342 3636 3705 3706 jejunantem.

2374 3723 2565 3777 Omnes
2604 3724 2740 3777 enim
2786 3723 3036 3778 stabimus
3074 3735 3195 3780 ante
3223 3725 3453 3779 tribunal
3493 3725 3709 3782 Christi.
3744 3727 3898 3783 Tunc

2299 3815 2663 3873 conscientias
2689 3825 2905 3873 nostras
2928 3817 3189 3873 Dominus
3203 3818 3491 3889 judicabit,
3520 3818 3650 3891 quid
3673 3827 3727 3875 et
3749 3822 3895 3891 quali

2298 3917 2428 3964 voto
2456 3907 2769 3964 fecerimus.

2372 4002 2641 4073 Scriptum
2683 4010 2757 4057 est
2774 4004 2913 4057 enim
2948 4019 2966 4057 :
3004 4003 3133 4058 Vivo
3159 4018 3253 4076 ego
3281 4004 3413 4061 dicit
3436 4001 3694 4060 Dominus
3724 4022 3743 4063 :
3769 4024 3896 4078 quo-

2299 4096 2439 4149 niam
2472 4095 2601 4148 mihi
2624 4097 2861 4165 ﬂectetur
2881 4111 3035 4150 omne
3063 4112 3221 4167 genu,
3250 4108 3298 4151 et
3324 4098 3490 4152 omnis
3522 4098 3700 4169 lingua
3724 4100 3892 4166 conﬁ-

2296 4186 2490 4240 tcbitur
2521 4184 2650 4241 Deo.
2686 4186 2800 4241 Hoc
2828 4188 3141 4242 testimonio
3162 4189 3381 4259 probat,
3409 4189 3535 4261 quia
3570 4204 3760 4245 omnes
3784 4189 3888 4244 soli

2299 4280 2530 4335 Domino
2548 4280 2841 4336 reddemus
2873 4290 3188 4335 nostrorum
3212 4293 3429 4337 actuum
3456 4282 3740 4338 rationem.

2369 4373 2552 4445 Itaque
2595 4376 2945 4446 unusquisque
2980 4384 3213 4441 nostrum
3236 4380 3333 4447 pro
3355 4394 3410 4431 se
3432 4378 3685 4431 rationem
3712 4376 3888 4431 reddet

2295 4466 2429 4522 Deo.
2474 4468 2548 4521 De
2598 4466 2684 4523 his
2724 4469 2918 4539 quibus
2966 4469 3049 4524 lex
3100 4479 3268 4527 tacet.
3315 4470 3582 4527 Caeterum
3613 4470 3660 4525 si
3700 4470 3884 4526 videns

598 4572 770 4616 neunt
800 4577 815 4614 :
844 4560 935 4629 qui
968 4560 1230 4618 robustus
1252 4561 1360 4616 fide
1380 4569 1485 4624 est,
1514 4560 1695 4615 omnia
1728 4560 1926 4615 munda
1973 4562 2191 4618 mundis
2222 4546 2271 4608 Ῑ)
2298 4568 2638 4631 peccantem,
2673 4576 2781 4616 non
2826 4560 3087 4631 arguerit,
3118 4560 3297 4617 reddit
3325 4564 3491 4618 etiam
3545 4552 3656 4619 Deo
3700 4576 3798 4633 pro
3824 4578 3884 4617 eo

599 4670 721 4710 esse
747 4656 1049 4725 cognoscit.

668 4744 895 4801 Domino
925 4763 1018 4801 suo
1050 4754 1173 4812 stat,
1223 4755 1314 4799 aut
1341 4746 1504 4798 cadit.
1533 4746 1661 4801 Sive
1704 4745 1857 4813 vivit,
1877 4745 1993 4803 sive
2021 4748 2192 4803 mori-

598 4842 688 4895 tur
718 4857 730 4893 :
756 4839 881 4911 quia
914 4848 969 4895 et
996 4839 1085 4893 ille
1135 4847 1356 4908 propter
1405 4836 1574 4892 Deum
1624 4836 1879 4905 abstinet,
1907 4848 1958 4893 et
1987 4838 2075 4893 ille
2104 4854 2189 4893 se-

596 4932 831 4985 cundum
860 4932 1025 4987 Deum
1059 4930 1374 4984 mandttcat.

672 5023 839 5075 Stabit
871 5034 1059 5078 autem.
1092 5022 1285 5077 Potens
1317 5032 1390 5077 est
1419 5023 1555 5077 enim
1587 5020 1731 5078 Deus
1756 5032 1983 5079 statuere
2010 5024 2183 5077 illum.

602 5110 850 5181 Deusqiii
882 5124 992 5168 tres
1024 5129 1225 5185 pueros
1266 5114 1632 5184 leguminibus
1665 5127 1878 5186 pastos,
1931 5116 2186 5173 meliores

594 5218 862 5273 apparere
894 5205 1038 5271 fecit,
1094 5223 1255 5277 quam
1310 5206 1434 5260 illos
1460 5209 1548 5276 qui
1582 5207 1650 5263 de
1680 5223 1862 5264 mensa
1892 5210 2032 5277 regis
2056 5210 2185 5265 ede-

593 5296 751 5359 bant,
784 5305 961 5363 potest
990 5308 1046 5349 et
1075 5298 1196 5352 illos
1224 5297 1429 5351 diutius
1459 5299 1639 5353 facere
1673 5300 1725 5352 in
1754 5315 1985 5370 corpore
2014 5311 2183 5355 stare.

666 5384 809 5440 Nam
836 5387 973 5440 alius
988 5388 1193 5458 judicat
1220 5389 1359 5442 diem
1389 5390 1522 5443 inter
1545 5390 1679 5444 diem
1700 5432 1713 5453 ,
1739 5392 1875 5445 alius
1901 5402 2074 5445 autem
2093 5394 2186 5462 ju-

591 5480 727 5533 dicat
759 5494 963 5531 omnem
984 5479 1142 5533 diem.
1173 5479 1613 5550 Unusquisquein
1639 5500 1733 5535 suo
1756 5498 1910 5536 sensu
1937 5483 2183 5537 abundet.

592 5568 764 5624 Judmi
797 5572 849 5621 in
865 5570 1001 5625 escis
1015 5571 1157 5625 diem
1177 5572 1319 5626 inter
1335 5572 1478 5627 diem
1500 5572 1745 5642 judicare
1772 5588 1879 5629 non
1906 5584 2181 5643 peterent.

588 5659 735 5728 Ergo
774 5661 843 5715 de
866 5662 1095 5731 jejunio,
1128 5678 1182 5719 et
1229 5665 1552 5721 abstinentia
1581 5666 1733 5730 dicit,
1760 5681 1879 5737 qute
1918 5683 2024 5723 non
2056 5677 2187 5724 sunt

593 5750 696 5802 sub
721 5762 871 5806 certo
903 5755 1063 5808 modo
1114 5757 1246 5826 legis
1264 5757 1510 5827 redacta,
1545 5770 1600 5815 ut
1652 5762 2019 5831 unusquisque
2064 5772 2181 5819 tan-

2297 4654 2588 4709 rationem.

2370 4745 2493 4800 Non
2514 4762 2635 4817 ergo
2656 4746 2879 4816 amplius
2902 4746 3121 4801 invicem
3139 4747 3459 4821 iudicemus.
3494 4746 3709 4805 Sufﬁcit
3742 4740 3876 4818 quod

2296 4854 2440 4894 nunc
2465 4853 2635 4908 usque
2666 4836 2895 4893 fecistis.

2369 4934 2477 4989 Sed
2521 4932 2619 4987 hoc
2654 4932 2864 5005 judicat
2894 4936 3058 5004 magis
3088 4974 3102 4999 ,
3151 4950 3218 4989 ne
3267 4934 3473 5004 ponatis
3514 4929 3881 4998 o/l'cndiculum

2294 5025 2488 5095 fratri,
2544 5026 2622 5078 ret
2667 5024 2992 5078 scandalum.
3032 5022 3132 5079 Hic
3166 5023 3432 5078 subtiliter
3479 5016 3779 5088 ingreditur
3817 5021 3878 5073 ad

2291 5119 2680 5173 abstinentiam
2725 5118 3236 5179 commendandam,
3277 5123 3333 5171 et
3380 5114 3512 5169 dicit
3558 5113 3681 5167 illos
3713 5113 3877 5167 abs:i-

2292 5220 2424 5265 nere
2470 5210 2695 5276 debere,
2731 5208 2980 5278 quamvis
3016 5206 3154 5261 firmi
3184 5206 3323 5271 sint,
3352 5220 3423 5260 ne
3460 5202 3723 5273 exemplo
3765 5202 3874 5259 illo-

2291 5318 2437 5367 rum,
2468 5301 2670 5357 inflrmi
2700 5300 3015 5356 scandalum
3048 5298 3341 5369 patiantur.

2364 5396 2487 5450 Scio
2527 5404 2574 5447 et
2610 5394 2817 5463 confido
2847 5396 2902 5448 in
2942 5393 3172 5448 Domino
3199 5389 3370 5447 Iesu:
3401 5390 3527 5461 quia
3573 5389 3709 5443 nihil
3741 5404 3873 5442 com-

2292 5502 2445 5539 mune
2461 5501 2550 5555 pet‘
2576 5487 2769 5553 ipsum.
2796 5485 2912 5539 Non
2944 5485 3047 5539 hoc
3079 5482 3204 5539 ideo
3231 5483 3390 5549 dico,
3422 5482 3550 5553 quia
3580 5489 3759 5550 putem
3781 5480 3874 5531 ali-

2290 5575 2416 5643 quid
2440 5588 2725 5629 cominime
2751 5588 2896 5628 esse.
2922 5575 3032 5628 Per
3055 5574 3337 5628 Christum
3366 5571 3511 5627 enim
3555 5572 3675 5627 scio
3701 5570 3869 5625 omnia

2292 5681 2411 5722 esse
2437 5662 2714 5719 mundata.
2743 5662 3045 5719 Commune
3067 5664 3211 5719 enim
3242 5664 3467 5734 dicitur,
3501 5662 3758 5736 quidquid
3784 5662 3875 5717 itu-

2290 5756 2551 5813 mundum
2586 5754 2805 5811 videtur
2826 5754 2885 5811 in
2916 5767 3039 5812 esca
3069 5753 3411 5811 Judatorutn.
