4030 6202
238 280 343 336 τοο

891 274 1435 334 COMMENTARIUS
1474 274 1540 331 IN
1582 274 1969 331 EPISTULAM
2011 276 2101 331 AD
2139 273 2492 334 ROMANOS.
2534 276 2689 333 CAP.
2731 277 2847 335 XV.

3418 281 3523 339 7!0

308 393 437 448 Nisi
482 394 529 447 ei
556 393 644 462 qui
675 393 935 447 existimat
976 394 1099 460 quid
1125 407 1395 444 caminum
1430 406 1538 443 esse
1565 388 1668 453 illi,
1694 404 1828 440 conto
1858 390 1909 448 Α
2010 391 2112 456 Qui
2152 400 2320 441 autem
2362 390 2604 441 discernit
2630 406 2647 441 :
2675 391 2719 443 si
2752 389 3149 457 manducauerit,
3196 389 3521 444 damnandus

233 504 396 541 mune
437 496 530 540 est.
579 486 658 540 llli
711 501 812 554 per
837 485 1229 540 conscientiam
1278 486 1334 536 lit
1385 482 1829 550 commune,qui

231 580 417 633 adhuc
455 581 559 632 ritu
606 579 859 645 Judaico,
894 576 1097 646 aliquid
1150 586 1274 645 post
1319 576 1521 629 Christi
1582 574 1741 629 ﬁdem
1777 574 1828 627 in

233 672 437 726 talibus
459 672 639 725 causis
667 670 963 724 arbitratur
996 668 1358 723 immundum.

305 763 370 820 Si
410 764 546 817 enim
597 773 809 834 prapter
850 762 1020 815 cibum
1080 766 1240 832 frater
1299 772 1419 815 tuus
1466 761 1828 816 contristatur.

232 857 349 913 Non
380 857 540 923 dixit,
570 866 794 927 propter
815 856 1103 925 jejunium,
1134 854 1231 910 sed
1256 872 1322 909 ne
1355 854 1506 910 illum
1531 864 1624 909 tuo
1645 869 1830 910 exem-

230 950 348 1022 plo,
376 956 470 1003 aut
500 961 787 1017 provoces,
822 958 913 1000 aut
939 946 1270 1016 compellas.

303 1039 427 1094 Jam
457 1056 563 1093 non
591 1038 876 1092 secundum
896 1039 1201 1093 charitatem
1240 1036 1498 1090 ambulas.
1527 1036 1663 1104 Quia
1694 1035 1830 1089 invi-

240 1143 328 1188 tus
370 1131 684 1196 manducat,
717 1133 857 1201 quod
913 1132 988 1185 illi
1040 1147 1145 1185 non
1188 1130 1423 1199 expedit.
1484 1129 1657 1182 Etiam
1719 1141 1826 1180 non

234 1224 418 1295 diligis
462 1223 788 1293 proximum,
828 1222 970 1277 sicut
1017 1232 1100 1285 te,
1133 1221 1177 1274 si
1219 1235 1322 1275 non
1360 1218 1502 1273 illius
1536 1218 1824 1273 utilitatem

234 1320 446 1392 cogitas
468 1319 608 1372 sicut
630 1328 795 1371 tuam.

308 1410 438 1466 Noli
457 1410 568 1464 cibo
584 1420 670 1463 tuo
688 1409 837 1463 illum
858 1408 1090 1480 perdere,
1104 1422 1197 1479 pro
1218 1421 1317 1473 quo
1336 1404 1573 1460 Christus
1594 1412 1825 1458 mortuus

236 1514 330 1560 est.
364 1504 475 1559 Νοιι
503 1503 659 1567 dixit,
694 1502 1017 1557 abstinentia
1047 1509 1158 1567 tua,
1201 1501 1340 1555 sicut
1369 1498 1585 1577 quidam
1615 1498 1823 1553 volunt.

306 1601 429 1657 Non
450 1617 570 1672 ergo
587 1599 971 1668 blasphemetur
997 1598 1187 1651 bonum
1215 1605 1470 1652 nostrum.
1492 1595 1824 1650 Libertatem

236 1709 399 1764 quam
446 1693 715 1746 habemus
745 1689 799 1744 in
831 1689 1059 1743 Domino
1079 1730 1092 1753 ,
1125 1699 1183 1742 ut
1224 1687 1409 1741 omnia
1436 1687 1594 1741 nobis
1625 1685 1822 1741 munda

1933 494 2026 538 est.
2054 482 2109 537 Si
2143 483 2263 551 quis
2288 481 2355 536 de
2385 482 2491 537 alio
2520 483 2792 536 discernat
2819 495 2873 536 et
2911 482 3053 535 dicit
3083 499 3097 535 :
3133 483 3236 536 Istc
3273 486 3317 537 si
3367 499 3524 539 inan-

1933 574 2235 637 ducaverit,
2268 574 2428 643 plane
2454 573 2790 629 damnandus
2830 583 2934 631 est.
2968 574 3081 629 lloc
3121 590 3226 630 non
3260 575 3426 631 habet
3453 576 3521 630 li-

1933 666 2049 731 dcs,
2086 676 2140 721 et
2173 666 2293 720 ideo
2326 666 2694 735 subsequitur.

2008 760 2146 828 Quia
2174 776 2277 814 non
2302 776 2365 813 ex
2393 760 2514 829 fide.
2547 760 2661 815 Non
2685 770 2765 816 est
2786 762 2931 815 enim
2963 776 3026 815 ex
3052 760 3177 826 ﬁde,
3201 762 3243 815 si
3277 771 3333 816 tu
3356 762 3519 818 alium

1934 853 2137 910 idcirco
2158 853 2514 916 condemnas,
2533 854 2679 922 quia,
2703 862 2755 908 te
2774 854 3073 924 jejunante,
3098 853 3190 909 ille
3211 855 3517 909 manducat.

1932 948 2108 1002 Aliter
2139 965 2150 998 :
2184 946 2289 1013 Qui
2318 962 2377 1000 se
2407 947 2477 1001 ita
2507 946 2786 1017 dijudicat.
2838 947 3068 1017 ldipsum
3117 948 3260 1003 enim
3294 958 3376 1002 est
3405 948 3519 1002 dis-

1932 1040 2101 1094 cretio
2129 1046 2184 1091 et
2206 1038 2464 1107 judicium
2486 1081 2500 1104 ,
2534 1039 2657 1107 quia
2685 1039 3019 1110 etjudicium
3044 1040 3400 1096 discernendo
3426 1041 3519 1109 ﬁt,

1930 1140 1985 1184 et
2009 1129 2265 1183 discretio
2287 1129 2604 1198 jutlicando.

2004 1222 2168 1275 Omne
2216 1232 2390 1275 autem
2434 1224 2573 1292 quod
2605 1239 2705 1277 non
2737 1232 2812 1277 est
2839 1240 2903 1278 ea:
2933 1225 3069 1293 ﬁde,
3119 1235 3383 1297 peceatum
3420 1235 3518 1282 est.

1930 1313 2044 1368 Non
2077 1328 2145 1368 ex
2176 1310 2301 1381 ﬁde,
2322 1329 2441 1383 qua:
2466 1328 2562 1382 per
2588 1313 2912 1368 charitatem
2941 1324 3215 1385 operatur.
3248 1316 3521 1387 Quidquid

1930 1422 2058 1476 ergo
2080 1406 2245 1460 alium
2270 1405 2524 1472 de3truit,
2558 1419 2625 1459 ex
2659 1404 2763 1460 [ide
2792 1419 2897 1460 non
2927 1415 3012 1461 est
3043 1423 3056 1460 :
3089 1416 3145 1462 et
3165 1406 3370 1463 idcirco
3399 1422 3498 1479 pec

1928 1508 2129 1553 catum.

2524 1566 2753 1625 CAPUT
2801 1567 2920 1624 XV.

2003 1684 2256 1739 Debemus
2285 1692 2456 1737 autem
2484 1700 2577 1736 nos
2605 1683 2861 1752 ﬁrmiores
2887 1684 3263 1739 imbecillitates
3286 1684 3525 1754 inﬁrmo-

232 1785 339 1840 sint
373 1802 387 1839 :
424 1800 530 1839 non
578 1799 641 1838 ea
672 1788 745 1836 ita
778 1781 1040 1837 debemus
1078 1780 1180 1843 uti,
1213 1787 1274 1832 ut
1305 1778 1585 1831 rideamur
1607 1786 1825 1846 propter
1857 1766 1904 1827 B
1931 1794 2045 1832 ram
2087 1780 2368 1831 sustinere.
2403 1776 2459 1833 Si
2492 1790 2621 1832 vere
2651 1777 2791 1832 ﬁrmi
2826 1777 2979 1843 estis,
3010 1779 3089 1832 sic
3119 1778 3281 1833 facite
3311 1788 3367 1834 ut
3397 1794 3520 1850 ego,

232 1876 416 1946 gulam
471 1882 531 1929 et
572 1875 763 1941 epulas
806 1871 1107 1925 ambulare.
1137 1868 1267 1924 Sive
1288 1868 1729 1938 blasphematur,
1781 1867 1828 1922 si

232 1975 461 2036 propter
495 1964 619 2017 talia
651 1961 1053 2018 contendimus.

308 2057 433 2111 Non
473 2068 545 2111 est
588 2057 723 2111 cnim
760 2072 979 2126 regnum
1026 2053 1122 2107 Dei
1165 2069 1280 2108 esca
1305 2062 1351 2106 et
1373 2062 1544 2125 potus.
1584 2051 1699 2109 Non
1734 2064 1830 2121 per

233 2163 414 2206 escam
436 2148 819 2218 justilicamur.
852 2146 962 2203 Sed
981 2155 1036 2200 et
1066 2146 1171 2200 hoc
1198 2145 1518 2211 notandum,
1550 2144 1689 2216 quod
1722 2160 1827 2199 non

241 2241 462 2304 dixerit,
492 2240 756 2311 jejunium
786 2250 841 2296 et
882 2240 1151 2295 sobrietas
1180 2254 1287 2294 non
1316 2248 1397 2293 est
1426 2254 1651 2309 regnum
1696 2240 1787 2293 Dei
1813 2256 1827 2292 :

235 2336 334 2392 sed
378 2350 499 2391 esca
531 2344 585 2389 et
616 2348 793 2403 potus.
828 2336 958 2390 Item
1002 2335 1088 2391 hic
1137 2334 1426 2390 manifeste
1470 2344 1824 2400 monstratur,

232 2429 486 2498 quoniam
537 2443 765 2498 regnum
812 2428 1078 2483 caelorum
1139 2428 1317 2483 cibum
1369 2435 1425 2481 et
1476 2438 1659 2496 potum
1718 2444 1826 2482 non

237 2518 405 2572 habet
438 2519 815 2587 temporalem,
848 2518 942 2573 scd
976 2518 1083 2573 illic
1112 2518 1472 2588 spiritualiter
1499 2520 1716 2572 vivitur.

305 2610 411 2665 Sed
428 2612 659 2682 justitia,
708 2619 756 2663 et
784 2627 908 2679 pax,
943 2621 987 2663 ct
1018 2612 1268 2682 gaudium
1306 2614 1362 2665 in
1393 2610 1598 2680 Spiritu
1621 2620 1822 2664 sancto.

234 2704 367 2769 Quae
401 2717 499 2771 per
529 2702 905 2758 abstinentiam
954 2705 1163 2759 [acilius
1190 2705 1515 2760 custoditur.
1563 2705 1658 2761 Ubi
1699 2720 1827 2760 vero

226 2793 472 2861 jusuitia,
507 2794 581 2849 ibi
612 2806 664 2849 et
697 2810 795 2863 pax
833 2814 847 2851 :
878 2797 968 2851 ubi
1002 2812 1101 2867 pax
1128 2839 1142 2862 ,
1196 2798 1266 2854 ibi
1297 2806 1352 2853 et
1377 2799 1635 2868 gaudium
1667 2800 1828 2868 spiri-

232 2886 407 2953 tuale,
435 2888 562 2956 quia
586 2902 653 2942 ex
685 2888 1019 2945 dissensione
1053 2906 1269 2960 semper
1298 2891 1539 2958 tristitia,
1574 2901 1625 2947 et
1656 2892 1829 2948 mole-

232 2978 340 3033 stia
364 2989 677 3048 generatur.

310 3068 413 3137 Qui
438 3072 573 3125 enim
608 3075 661 3125 in
702 3074 799 3127 hoc
834 3076 987 3129 servit
1015 3075 1245 3145 Christo,
1282 3078 1446 3147 placet
1476 3078 1605 3145 Deo,
1630 3089 1676 3132 et
1707 3095 1829 3150 pro-

1930 1873 2021 1942 qui
2046 1871 2222 1925 tactus
2245 1886 2363 1924 sum
2390 1870 2662 1938 inﬁrmus,
2689 1879 2747 1924 ut
2774 1870 3022 1925 inﬁrmos
3048 1872 3448 1928 lucrifacercm.

2004 1963 2072 2016 Et
2103 1980 2204 2016 non
2234 1963 2380 2015 nobis
2402 1962 2625 2032 placere.
2659 1961 3022 2033 Unusquisque
3044 1975 3262 2019 vestrum
3287 1969 3523 2036 proximo

1932 2072 2025 2110 suo
2063 2057 2285 2120 placeat.
2328 2054 2446 2110 Non
2475 2068 2505 2108 a
2550 2054 2707 2109 nobis
2737 2053 2889 2123 ipsis,
2929 2054 3024 2109 sed
3054 2070 3083 2109 a
3113 2057 3372 2124 proximis
3404 2061 3519 2113 col-

1932 2148 2212 2204 Iaudemur
2243 2166 2257 2202 :
2286 2148 2428 2203 sicut
2455 2157 2508 2201 ct
2528 2147 2655 2202 alibi
2687 2162 2845 2202 suum
2874 2148 3031 2202 nobis
3064 2149 3317 2218 proponit
3338 2166 3524 2205 exem-

1932 2244 2099 2313 plum,
2129 2244 2317 2297 dicens
2347 2259 2359 2295 :
2389 2240 2540 2297 Sicut
2568 2250 2626 2296 et
2648 2255 2750 2311 ego
2776 2241 3032 2297 omnibus
3064 2257 3161 2310 per
3191 2244 3374 2297 omnia
3407 2244 3519 2313 pla-

1929 2349 2049 2399 ceo,
2083 2350 2189 2388 non
2219 2348 2467 2403 quaerens
2483 2333 2624 2403 quod
2654 2333 2784 2387 mihi
2808 2334 2939 2388 utile
2960 2343 3064 2399 est,
3089 2334 3182 2389 sed
3206 2336 3350 2405 quod
3378 2335 3516 2390 mul-

1933 2426 2021 2492 tis,
2055 2438 2111 2479 ut
2138 2424 2271 2479 salvi
2298 2424 2451 2479 ﬁant.
2491 2424 2661 2480 Nemo
2691 2426 2834 2480 enim
2865 2434 3042 2495 potest
3073 2424 3341 2481 ardiﬁvare
3377 2429 3517 2482 alte-

1931 2533 2071 2586 rum,
2089 2520 2182 2572 cui
2208 2532 2302 2588 per
2330 2518 2527 2571 bonum
2553 2517 2715 2571 vitam
2748 2534 2854 2573 non
2879 2526 3003 2573 ante
3027 2519 3311 2588 placuerit.
3336 2520 3442 2575 Sed
3469 2528 3525 2575 et

1930 2612 2033 2666 sibi
2064 2611 2339 2681 placentes
2378 2618 2540 2678 sunt,
2593 2612 2683 2680 qui
2713 2612 2927 2682 propria
2952 2612 3235 2668 commoda
3266 2627 3523 2684 quaeren—

1932 2714 2033 2770 tes,
2065 2719 2216 2758 suam
2245 2702 2450 2758 faciunt
2475 2703 2835 2758 voluntatem.

2002 2798 2070 2854 In
2100 2799 2289 2853 bonum
2314 2800 2382 2853 ad
2428 2798 2844 2868 aediﬁcationem.
2881 2798 3129 2855 Ostendit
3162 2799 3378 2854 modum
3408 2799 3524 2870 pla-

1930 2890 2110 2958 cendi,
2142 2898 2197 2943 ει
2222 2904 2467 2956 causam,
2498 2902 2569 2944 ne
2607 2888 2671 2942 ad
2712 2904 2902 2942 vanam
2930 2888 3156 2959 gloriam
3190 2888 3518 2958 placeamus.

1931 2980 2104 3035 Simul
2135 2996 2255 3035 cum
2279 2980 2410 3035 dicit
2446 2998 2460 3035 :
2494 2980 2549 3035 lu
2580 2979 2772 3037 bonam
2798 2980 3234 3046 aediﬁcationem,
3260 2981 3518 3049 ostendit,

1930 3084 1986 3129 et
2016 3074 2211 3128 malam
2242 3088 2364 3128 esse
2387 3074 2525 3128 sicut
2548 3084 2630 3129 est
2662 3074 2791 3129 illud
2826 3091 2841 3128 :
2872 3072 3254 3129 tEdiﬁcabitur
3280 3073 3345 3128 ad
3370 3089 3522 3129 man-

232 3161 383 3215 batus
407 3173 479 3217 est
507 3164 819 3220 hominibus.
849 3167 923 3221 De
954 3168 1044 3222 tali
1080 3146 1298 3224 homine
1330 3185 1490 3225 nemo
1523 3146 1826 3240 potest'du-
1854 3146 1899 3211 C
1935 3165 2240 3221 (Iucundum
2273 3165 2597 3238 ἱᾶοιοιιιγιθ.

231 3253 441 3321 bitare,
471 3254 596 3324 quia
626 3263 848 3311 sanctus
877 3268 981 3312 est.

304 3346 494 3413 Itaque
519 3365 634 3415 quin
660 3350 801 3419 pacis
845 3360 987 3417 sunt,
1016 3363 1290 3409 sectemur.
1327 3354 1399 3413 Ut
1447 3372 1554 3412 non
1588 3358 1825 3414 invicem

230 3454 335 3495 nos
363 3439 433 3494 de
466 3441 773 3510 hujusmodi
800 3444 1130 3512 judicemus.

307 3532 379 3588 Et
394 3551 513 3605 quae
533 3536 896 3607 wdi/icationis
918 3549 1059 3608 sunt,
1079 3540 1295 3595 invicem
1321 3542 1693 3597 custodiamus.
1720 3543 1828 3599 Sed

230 3626 522 3684 aediﬁcatio
564 3639 648 3683 est
700 3629 1048 3686 abstinentia.
1093 3634 1359 3689 Caeterum
1390 3650 1516 3691 esca
1544 3677 1560 3701 ,
1613 3636 1828 3692 etiamsi

234 3719 508 3774 neminem
540 3721 745 3789 perdat,
770 3722 973 3778 nullum
1008 3724 1257 3780 :cdiﬁcat.

307 3809 437 3864 Noli
460 3820 670 3883 prapter
695 3830 864 3867 escam
913 3816 1173 3871 destruere
1220 3835 1355 3884 opus
1395 3818 1508 3876 Dei.
1542 3819 1825 3876 llmninem

234 3906 445 3962 scilicet
474 3922 502 3960 a
527 3907 639 3964 Deo
665 3918 930 3966 creatum.

308 3998 499 4053 Omnia
524 4000 738 4069 quidem
764 4002 960 4055 munda
984 4012 1123 4055 sunt.
1156 4001 1379 4070 Repetit
1403 4004 1544 4074 quod
1575 4006 1827 4075 superius

230 4091 466 4157 dixerat,
502 4107 569 4146 ne
593 4101 897 4147 creaturam
929 4094 1187 4148 damnare
1215 4094 1517 4149 videretur.

305 4183 420 4239 Sed
454 4183 649 4237 malum
683 4194 757 4237 est
787 4185 1001 4252 homini,
1037 4186 1127 4256 qui
1159 4202 1249 4254 per
1277 4185 1652 4253 oﬂ‘endiculum
1681 4205 1828 4243 utan-

231 4277 409 4330 ducat.
439 4275 618 4346 ipsum
650 4278 929 4343 mundum,
965 4277 1070 4332 illis
1101 4276 1159 4331 ﬁt
1191 4278 1412 4345 malum,
1462 4280 1505 4333 si
1552 4294 1651 4350 per
1696 4280 1826 4336 illud

233 4369 463 4422 alterum
492 4366 747 4423 oﬁ‘endat.

303 4459 510 4513 Bonum
556 4470 627 4513 est
657 4476 761 4514 non
797 4462 1112 4518 manducare
1150 4479 1388 4531 carnem,
1421 4473 1468 4518 et
1508 4481 1611 4519 non
1657 4466 1827 4522 bibere

234 4552 423 4605 tvinam.
466 4552 700 4620 Exponit
729 4552 855 4622 quid
894 4553 965 4607 sit
991 4569 1091 4623 per
1118 4554 1261 4625 quod
1304 4555 1583 4612 oﬁ'endere
1614 4558 1825 4615 dicebat

236 4642 527 4698 inﬁrmum.
553 4643 685 4699 Item
709 4643 813 4700 hoc
837 4645 956 4700 loco
989 4647 1167 4703 laudat
1195 4649 1413 4719 quidem
1436 4652 1819 4709 abstinentiam

235 4736 413 4790 carnis
455 4748 507 4791 et
551 4737 658 4790 viui
689 4753 702 4789 :
737 4737 833 4792 sed
865 4738 1035 4794 multo
1063 4743 1235 4811 magis
1274 4742 1524 4798 admonet
1549 4786 1562 4809 ,
1603 4755 1823 4816 propter

234 4827 545 4883 scandalum
574 4828 761 4884 fratris
790 4830 1172 4886 abstinendum
1203 4846 1322 4889 esse
1360 4850 1391 4888 a
1422 4835 1544 4890 cibo
1590 4847 1645 4891 et
1690 4847 1820 4907 potu

231 4934 440 4989 eorum,
471 4937 592 4992 quae
619 4922 780 4979 idolis
812 4925 1182 4981 immolantur.

305 5011 489 5084 Neque
516 5016 569 5068 in
595 5032 698 5085 quo
727 5020 889 5087 frater
915 5027 1032 5071 tuus
1063 5017 1377 5087 o/fenditur,
1422 5032 1512 5075 aut
1557 5023 1821 5076 scandali-

234 5114 403 5169 zatur,
426 5116 516 5160 aut
553 5109 871 5176 infirmatur.
905 5111 1234 5179 Inﬁrm:itur,
1264 5129 1291 5167 a
1323 5114 1597 5184 pudicitia.
1627 5116 1822 5172 Vinum

235 5199 379 5251 enim
407 5206 462 5253 et
489 5200 743 5256 mulieres
772 5215 1079 5273 apostatare
1108 5205 1313 5261 iaciunt
1342 5209 1501 5261 etiam
1528 5210 1820 5278 sapientes.

308 5287 388 5342 Tu
416 5291 586 5358 ﬁdem,
611 5310 759 5364 quam
778 5296 932 5352 habes
956 5315 1107 5368 penes
1131 5301 1473 5372 temetipsum,
1498 5301 1628 5355 habe
1651 5318 1825 5356 coram

235 5378 367 5435 Deo.
414 5380 469 5436 Si
494 5384 633 5439 enim
658 5387 713 5441 in
744 5386 846 5443 hoc
874 5390 1087 5445 lidelem
1115 5401 1166 5446 te
1192 5400 1345 5462 putas
1373 5410 1387 5447 :
1421 5394 1499 5449 sic
1529 5395 1817 5460 manduca,

233 5484 294 5529 ut
326 5490 487 5529 nemo
511 5485 602 5531 tuo
634 5480 933 5538 inﬁrmatur
958 5486 1228 5555 exemplo.

301 5565 497 5622 Beatus
517 5570 606 5640 qui
646 5588 749 5626 non
782 5575 986 5645 judicat
1017 5578 1347 5649 semetipsum
1374 5579 1428 5633 in
1454 5596 1511 5634 eo
1540 5580 1681 5651 quod
1700 5597 1823 5653 pro-

232 5659 339 5713 bat.
364 5661 498 5729 Quia
532 5678 637 5717 non
680 5680 831 5719 suam
863 5668 1228 5725 inﬁrmitatem
1255 5673 1532 5742 probando
1563 5652 1818 5731 conside-

233 5762 339 5821 rat,
366 5754 465 5810 sed
491 5754 719 5813 alterius
738 5759 969 5817 salutem
1000 5762 1222 5817 inﬁrmi.

2005 3260 2208 3314 Etenim
2235 3258 2469 3313 Christus
2496 3275 2599 3313 non
2646 3259 2744 3313 sibi
2782 3259 2999 3327 placuit.
3041 3257 3290 3312 Imitatur
3322 3256 3425 3312 hoc
3467 3265 3524 3313 et

1931 3352 2229 3422 discipulus
2258 3349 2463 3406 Christi
2493 3369 2505 3403 :
2534 3365 2638 3405 non
2682 3351 2877 3420 quaerit
2932 3366 3088 3403 suum
3150 3348 3519 3403 commodum.

1930 3447 2025 3502 llle
2052 3447 2197 3501 enim
2228 3444 2299 3499 ob
2323 3445 2551 3499 aliorum
2578 3444 2828 3505 salutem,
2859 3443 3020 3496 etiam
3052 3450 3297 3496 mortuus
3328 3451 3435 3507 est,
3466 3452 3522 3497 et

1931 3539 2256 3608 impmperia
2282 3534 3007 3603 amarissima'supportavit,
3032 3532 3327 3589 dicentium
3351 3533 3517 3590 :Vah!

1929 3632 2018 3703 qui
2051 3629 2287 3685 destruis
2318 3626 2598 3695 templum,
2629 3635 2680 3679 et
2709 3636 2928 3679 caetera.

2004 3724 2109 3780 Sed
2133 3724 2267 3777 sicut
2292 3721 2545 3791 scriptum
2574 3717 3023 3790 est:lmproperia
3046 3718 3522 3789 improperantium

1930 3818 2021 3871 tibi
2076 3814 2373 3870 ceciderunt
2422 3829 2575 3882 super
2624 3828 2724 3866 me.
2775 3813 3138 3880 Qumcumqne
3186 3824 3293 3864 non
3339 3809 3518 3864 solum

1929 3908 2180 3972 Christo,
2222 3906 2318 3962 sed
2343 3904 2507 3960 etiam
2533 3904 2737 3959 sanctis
2766 3903 3170 3973 esprobrantur
3201 3901 3299 3956 Dei
3332 3915 3519 3969 causa,

1933 4004 2043 4058 Deo
2094 4000 2454 4071 iui-properari
2498 3998 2758 4054 dicuntur
2789 4015 2803 4052 :
2842 4005 2902 4052 ut
2940 4007 3024 4053 est
3074 3996 3204 4051 illud
3241 4014 3252 4049 :
3289 3995 3387 4051 Ubi
3434 4002 3523 4051 est

1935 4095 2076 4151 Deus
2109 4094 2269 4147 tuus?

2004 4185 2350 4256 Quacumque
2375 4183 2512 4238 enim
2549 4184 2743 4255 scripta
2769 4190 2891 4237 sunt
2914 4224 2930 4251 ,
2959 4181 3027 4235 ad
3064 4189 3298 4235 nostram
3329 4180 3523 4232 doctri-

1932 4294 2056 4331 nam
2070 4278 2263 4348 scripta
2284 4286 2423 4330 sunt.
2454 4273 2596 4330 Nihil
2621 4274 2764 4329 enim
2791 4274 3054 4343 scriptum
3078 4272 3300 4327 estsine
3323 4283 3483 4323 causa
3503 4288 3516 4321 :

1932 4385 2055 4424 nam
2079 4379 2133 4423 et
2157 4368 2373 4435 merita,
2406 4370 2493 4422 vel
2533 4369 2861 4421 tentationes
2882 4365 3150 4434 iustorum
3184 4360 3250 4415 ad
3277 4368 3518 4413 nostram

1934 4464 2222 4535 proﬁciunt
2272 4462 2684 4517 a-dilicationem
2716 4478 2730 4516 :
2760 4461 2883 4530 quia
2940 4458 3048 4512 Deo
3093 4451 3522 4509 n‘ianifestissimi

1931 4568 2106 4616 erant.

2003 4652 2071 4707 Ut
2111 4668 2200 4723 per
2228 4650 2550 4723 patientiam,
2582 4655 2632 4702 et
2664 4642 3067 4701 consolationem
3097 4640 3515 4710 Scripturarum,

1928 4761 2070 4814 spem
2093 4744 2394 4798 habeamus.
2432 4742 2532 4795 Per
2562 4739 2966 4807 Scripturarum
2998 4732 3213 4796 solatia,
3252 4746 3403 4802 spem
3437 4729 3520 4784 fu-

1928 4846 2103 4892 turam
2155 4833 2552 4903 patientissime
2600 4838 3027 4896 exspectamus:
3061 4824 3199 4879 sicut
3252 4822 3517 4893 scriptum

1929 4940 2015 4988 est
2043 4948 2054 4982 :
2090 4928 2198 4982 Pax
2229 4927 2396 4979 iniilta
2420 4921 2769 4993 diligentibus
2808 4921 2980 4989 legem
3015 4928 3180 4981 tuam,
3216 4928 3268 4971 et
3297 4929 3405 4970 non
3434 4925 3519 4971 est

1933 5025 2040 5080 illis
2063 5018 2372 5074 scandalum
2401 5033 2413 5069 :
2440 5014 2545 5069 hoc
2570 5022 2674 5075 est,
2697 5011 2788 5080 qui
2811 5007 3187 5064 consolatione
3214 5007 3345 5075 legis
3369 5015 3519 5061 utun-

1931 5130 2039 5182 tur,
2092 5111 2301 5168 moveri
2347 5108 2458 5164 ulla
2513 5105 2812 5161 tentatione
2852 5117 2959 5155 non
3004 5109 3269 5169 posmnt,
3323 5108 3379 5152 nt
3426 5113 3520 5167 per

1931 5207 2177 5277 exempla
2222 5203 2529 5274 patientius,
2579 5208 2633 5253 et
2681 5193 3074 5252 consolationis
3119 5207 3342 5257 eorum,
3396 5204 3518 5259 qua:

1933 5303 2130 5373 scripta
2152 5307 2299 5363 sunt,
2325 5306 2610 5363 Speremus
2631 5288 3082 5353 consolationem,
3109 5288 3275 5341 etiam
3300 5284 3354 5337 in
3381 5296 3519 5352 prae-

1931 5392 2179 5451 sentibus
2209 5382 2618 5442 tentatimiibns.
2646 5381 2840 5450 Magna
2864 5380 3008 5434 enim
3029 5392 3191 5431 causa
3214 5374 3390 5429 solatii
3412 5380 3517 5437 est,

1933 5491 1975 5544 si
2009 5501 2130 5557 quae
2183 5481 2629 5550 nos-patiamur,
2686 5474 2971 5529 Doiniuum
3026 5481 3275 5524 nostrum
3329 5466 3517 5521 Jcsum

1931 5582 2231 5643 Christum,
2255 5585 2309 5629 et
2337 5580 2556 5627 sanctos
2582 5570 2699 5637 ejus
2729 5566 2966 5622 sciamus
2984 5578 3108 5618 esse
3138 5573 3445 5630 perpessos.

2003 5670 2145 5722 Deus
2182 5674 2353 5720 autem
2382 5661 2646 5735 patientia:
2675 5668 2721 5712 et
2757 5657 2954 5712 solatii.
3007 5654 3121 5708 Hoc
3174 5653 3293 5709 loco
3344 5651 3518 5706 Deum

1932 5760 2229 5834 patientia,
2255 5755 2515 5829 Spiritum
2540 5760 2785 5809 sanctum
2800 5746 3089 5821 signiﬁcat,
3113 5744 3203 5817 qui
3227 5743 3392 5801 donat
3413 5757 3513 5800 uo-
