4056 6334
532 305 632 366 τιι

1564 289 1621 349 S.
1664 284 2049 347 IIIERONYMI
2087 280 2365 344 OPERUM
2404 281 2766 343 MANTISSA.

3749 283 3891 340 712

530 421 619 479 his
649 415 945 476 secundum
973 408 1245 469 Christum
1277 403 1565 462 unanimes
1605 403 1912 474 gloriﬁcare
1945 403 2113 457 Deum
2148 406 2190 463 Α
2221 411 2326 457 est.
2371 399 2587 455 Nullum
2620 412 2753 455 vero
2780 396 2834 452 in
2865 393 3212 452 dissensione
3237 393 3497 467 gaudium
3527 410 3543 452 :
3577 396 3687 454 sed
3722 400 3886 454 uni-

534 524 587 571 et
612 513 824 568 Patrem
858 505 1066 563 Domini
1090 500 1262 556 nostri
1283 499 1409 554 Iesu
1435 495 1661 552 Christi.
1682 495 1816 551 Item
1844 493 2117 565 patientia:

535 607 674 678 ejus,
708 618 825 674 quae
852 608 935 655 est
964 599 1017 653 in
1045 592 1405 652 conversione
1428 599 1484 647 et
1521 590 1741 658 solatio,
1775 603 1881 644 non
1912 589 1989 643 ira
2021 603 2118 643 ne-

533 714 640 772 que
664 692 905 751 dissidio.
1936 754 1943 764 λ

608 789 704 842 Det
741 784 882 840 vobis
912 781 1144 851 idipsum
1181 794 1361 847 sapere
1398 778 1452 833 in
1491 775 1802 832 alterutrum
1839 770 2123 829 secundum

534 881 715 939 Iesum
745 877 1029 932 Christum.
1062 875 1131 930 Ut
1161 873 1535 943 unusquisque
1560 869 1641 924 sic
1662 874 1869 939 quarrat
1891 865 2120 921 salutem

537 974 764 1032 alterius
791 970 947 1041 quasi
974 981 1151 1035 suam,
1183 965 1322 1021 sicut
1340 962 1585 1019 Christus
1612 974 1708 1016 sua
1731 966 1906 1015 morte
1935 969 2123 1012 omnes

536 1066 764 1124 salvavit
786 1080 816 1119 a
847 1069 1043 1117 morte.

613 1158 681 1215 Ut
711 1156 978 1211 unanimes
1004 1168 1108 1208 uno
1133 1167 1219 1205 ore
1235 1145 1588 1217 honori/iactis
1617 1144 1806 1211 Deum,
1832 1151 1879 1197 et
1912 1139 2125 1195 Patrem

538 1251 753 1307 Domini
782 1248 945 1303 nostri
972 1243 1101 1299 Iesu
1146 1241 1360 1297 Christi.
1385 1240 1538 1294 Tunc
1566 1251 1693 1293 vere
1723 1236 1861 1290 Deus
1894 1232 2119 1287 honori-

537 1343 730 1398 ﬁcatur
752 1385 767 1410 ,
800 1342 845 1396 si
876 1353 984 1394 uno
1012 1336 1195 1392 animo
1225 1344 1279 1390 et
1308 1330 1564 1388 concordi
1605 1342 1737 1385 voce
1767 1324 2038 1381 laudatur.
2068 1322 2125 1379 Si

537 1434 681 1490 enim
721 1432 831 1487 duo
858 1427 1218 1485 convenerint
1244 1438 1409 1493 super
1457 1431 1659 1478 terram
1707 1433 1775 1473 ex
1826 1413 1977 1473 omni
2030 1428 2119 1469 rc:

538 1538 897 1599 quaecumque
925 1519 1202 1591 petierint,
1232 1516 1364 1571 ﬂent
1394 1514 1523 1569 illis.

613 1618 838 1687 Propter
882 1614 1018 1685 quod
1058 1610 1301 1682 suscipite
1326 1607 1566 1663 invicem.
1600 1605 1831 1674 Propter
1861 1600 2124 1657 honorem

545 1708 640 1766 Dei
670 1706 903 1762 invicem
934 1717 1101 1759 onera
1143 1710 1324 1757 vestra
1357 1708 1569 1768 portate
1602 1714 1615 1751 :
1649 1695 1729 1751 sic
1761 1691 2127 1764 adirnplebitis

2222 508 2379 549 versa
2409 492 2686 548 maestitia.

2295 584 2364 639 In
2392 585 2668 654 credendo,
2706 591 2760 639 ut
2786 580 3060 638 abundetis
3090 583 3143 638 in
3172 598 3265 655 spe
3293 591 3344 638 et
3373 584 3562 639 virtute
3592 583 3875 656 Spiritus

2223 677 2406 733 sancti.
2462 675 2807 732 Abundantia
2858 675 2912 731 in
2954 690 3088 746 spe,
3132 675 3188 731 in
3238 675 3487 747 Spiritu,
3530 677 3873 735 virtutibus

2225 772 2495 841 consistit,
2520 780 2575 827 et
2603 769 2794 841 signis.

2300 864 2481 919 Certus
2508 879 2621 918 sum
2645 872 2838 928 autem,
2870 862 3056 932 fratres
3085 863 3206 931 mei,
3242 872 3289 918 et
3314 880 3411 937 ego
3440 865 3551 937 ipse
3574 865 3644 920 de
3666 863 3864 920 vobis.

2226 955 2411 1012 Bonus
2437 954 2631 1009 doctor
2661 952 2928 1009 laudando
2954 962 3223 1023 provocat
3242 955 3335 1036 .ad
3381 955 3693 1026 profectum
3716 997 3736 1023 ,
3795 963 3867 1011 ut

2228 1048 2555 1104 erubescant
2600 1045 2737 1102 tales
2783 1062 2889 1104 non
2921 1060 3063 1115 esse,
3094 1048 3287 1119 quales
3327 1049 3397 1105 ah
3424 1047 3705 1120 Apostolo
3736 1063 3860 1121 pu-

2231 1150 2437 1198 tantur.

2305 1232 2565 1301 Quoniam
2602 1241 2649 1287 et
2693 1232 2795 1303 ipsi
2827 1231 2967 1303 pleni
2995 1231 3118 1287 estis
3148 1232 3451 1288 dilectione.
3486 1232 3746 1289 Providit
3777 1247 3862 1289 ne

2232 1339 2491 1394 umquam
2517 1323 2910 1379 contentiosius
2940 1323 3074 1378 dura
3105 1324 3415 1395 increpasse
3440 1323 3716 1379 videatur.
3740 1323 3861 1379 Vel

2229 1415 2562 1471 dissidentes
2603 1426 2697 1470 aut
2745 1414 2943 1471 stultos
2973 1415 3213 1473 ostendit
3238 1415 3572 1472 Christianos
3598 1429 3859 1486 semper

2229 1512 2553 1569 alterutrum
2585 1527 2810 1567 monere
2843 1510 3066 1567 debere.

2302 1608 2507 1679 Repleti
2527 1608 2668 1661 omni
2687 1607 2903 1661 scientia
2930 1622 2948 1659 :
2979 1606 3053 1660 ita
3070 1615 3125 1660 ut
3146 1605 3343 1677 possitis
3370 1605 3673 1660 alterutrum
3698 1618 3843 1659 mo-

2231 1718 2371 1758 nere.
2403 1702 2520 1757 Hoc
2549 1711 2635 1757 est
2660 1702 2783 1756 novi
2811 1710 2863 1756 et
2888 1699 3089 1756 veteris
3118 1699 3463 1755 Testamenti.

542 1800 718 1871 legem
747 1795 951 1855 Christi
980 1814 993 1851 :
1025 1794 1154 1865 quia
1181 1807 1281 1848 nos
1309 1790 1548 1859 suscepit
1573 1790 1625 1843 in
1655 1802 1714 1842 se
1737 1801 1856 1847 cum
1882 1796 2128 1840 essemus
2159 1799 2207 1861 Β
2304 1792 2571 1847 Audacius
2610 1802 2781 1847 autem
2834 1792 3017 1864 scripsi
3043 1792 3185 1847 vobis
3211 1836 3226 1861 ,
3284 1793 3489 1863 fratres,
3539 1807 3603 1845 ea:
3652 1800 3848 1861 parte.

544 1891 718 1962 impii.
752 1889 971 1957 Quanto
1001 1900 1131 1956 ergo
1161 1883 1330 1953 magis
1357 1896 1456 1936 nos
1487 1880 1715 1934 invicem
1740 1920 1756 1944 ,
1802 1886 1859 1931 ut
1889 1875 2129 1941 similes,

543 1998 643 2038 nos
668 1981 935 2038 sustinere
959 1978 1241 2033 debemus.
1270 1974 1472 2029 lterum
1504 1972 1593 2026 hic
1632 1980 1920 2039 utrumque
1963 1981 2131 2037 popu-

542 2076 654 2131 lum
676 2074 742 2128 ad
764 2073 1029 2127 unitatem
1058 2070 1325 2124 hortatur.
1350 2065 1650 2120 Consentio
1677 2063 1850 2129 vobis,
1874 2076 1908 2115 ο
1930 2058 2128 2127 Judaei,

540 2166 666 2238 quia
703 2164 953 2221 Christus
996 2161 1150 2218 vobis
1180 2160 1482 2230 promissus
1528 2155 1597 2211 ad
1637 2170 1734 2211 vos
1781 2153 1995 2209 venerit
2024 2152 2134 2222 pri-

543 2274 715 2326 mum,
750 2265 805 2314 et
829 2264 1019 2327 gentes
1050 2260 1277 2324 propter
1322 2247 1759 2306 misericordiam
1789 2245 1886 2302 Dei
1924 2253 2132 2300 vocata:

541 2352 651 2407 sint
681 2366 696 2409 :
727 2359 904 2404 tamen
931 2363 1094 2403 unum
1123 2359 1321 2416 corpus
1351 2343 1481 2399 estis
1503 2339 1702 2397 eﬁ'ecti.

615 2441 764 2496 Sicut
789 2450 839 2495 et
874 2438 1108 2494 Christus
1137 2438 1360 2508 suscepit
1391 2451 1481 2490 vos
1512 2435 1565 2487 in
1595 2432 1842 2486 honorem
1866 2429 1983 2485 Dei.
2008 2429 2134 2487 Sive

544 2536 597 2593 in
620 2536 849 2608 gloriam
882 2534 1184 2590 divinitatis
1211 2550 1225 2587 :
1255 2532 1371 2587 sive
1401 2538 1622 2601 propter
1648 2526 1911 2583 honorem
1939 2523 2060 2581 Dei.

615 2630 745 2683 Dico
776 2628 910 2684 enim
958 2626 1223 2683 Christum
1265 2622 1449 2679 Iesum
1486 2623 1781 2676 ministrant
1823 2620 1985 2690 fuisse
2032 2618 2135 2673 cir-

545 2722 891 2787 cumcisionis,
917 2729 1124 2791 prapter
1144 2718 1413 2773 veritatem
1439 2716 1560 2770 Dei.
1594 2715 1691 2771 llic
1717 2713 1979 2779 ostendit,
2001 2727 2135 2783 quo-

546 2814 690 2869 niam
713 2811 1012 2867 seeundum
1040 2824 1261 2866 carnem
1283 2807 1554 2878 Christus,
1572 2808 1722 2877 juxta
1744 2804 2134 2877 promissiones

548 2914 764 2979 patrum
794 2920 860 2960 ex
887 2904 1020 2975 ipsis
1051 2912 1207 2959 natus
1237 2904 1310 2957 sit
1343 2920 1357 2956 :
1389 2912 1447 2957 ut
1476 2913 1753 2972 praecepta
1783 2901 1918 2972 legis
1947 2899 2137 2970 imple-

547 3007 652 3055 ret.
676 2998 808 3054 ltem
844 3013 951 3053 non
980 3004 1205 3052 venerat
1226 2995 1542 3063 ministrari,
1570 2995 1666 3051 sed
1696 2995 2010 3049 ministrare
2035 3010 2048 3046 :
2082 3000 2137 3047 et

549 3093 680 3150 dare
709 3093 944 3149 animam
977 3106 1131 3147 suam
1161 3089 1593 3160 redemptionem
1622 3103 1723 3159 pro
1749 3087 1952 3143 multis.

2238 1884 2413 1939 Immo
2444 1883 2567 1939 ideo
2608 1884 2780 1956 magis
2824 1884 3104 1941 scribendi
3151 1884 3403 1939 ﬁduciam
3457 1882 3652 1951 habui,
3698 1885 3845 1954 quia

2236 1978 2363 2033 novi
2391 1992 2486 2033 vos
2513 1986 2572 2032 ut
2603 1977 2916 2048 prudentes,
2942 1978 3053 2035 cito
3078 1977 3328 2048 accipere
3346 1977 3613 2033 rationem
3639 1994 3653 2031 :
3686 1976 3848 2033 sicut

2236 2068 2498 2138 scriptum
2529 2076 2614 2123 est
2643 2085 2656 2122 :
2691 2068 2873 2139 Argue
2899 2068 3226 2138 sapientem,
3257 2076 3313 2123 et
3338 2068 3543 2123 amabit
3572 2075 3647 2122 te.
3695 2065 3843 2121 Item

2238 2161 2341 2217 hoc
2371 2163 2493 2218 loco
2522 2171 2614 2217 aut
2659 2162 2952 2218 humilians
2995 2177 3055 2219 se
3095 2163 3394 2233 Apostolus
3419 2162 3661 2234 loquitur
3694 2180 3711 2219 :
3742 2171 3847 2217 aut

2235 2264 2385 2311 certe
2406 2255 2660 2325 quoniam
2693 2254 3023 2310 habentibus
3047 2255 3158 2326 jam
3187 2254 3631 2327 prtedicationem
3656 2253 3839 2322 Petri,

2237 2347 2354 2419 ipse
2380 2348 2579 2404 audeat
2602 2347 2923 2419 praedicare.

2311 2441 2593 2513 Tamquam
2634 2443 2687 2496 in
2719 2444 3017 2498 memoriam
3065 2457 3151 2497 vos
3197 2441 3471 2498 reducens.
3516 2439 3838 2496 Recordans

2236 2550 2337 2592 vos
2361 2551 2484 2592 esse
2506 2536 2824 2607 prudentes,
2855 2538 2976 2593 sive
2995 2552 3101 2593 non
3127 2536 3368 2608 ignaros,
3398 2551 3505 2593 non
3524 2535 3719 2605 doceo,
3736 2535 3836 2590 sed

2242 2643 2588 2697 commoneo,
2617 2639 2676 2685 ut
2705 2629 2962 2686 scientes.

2312 2722 2535 2795 Propter
2570 2724 2824 2794 gratiam,
2866 2739 2984 2795 quas
3020 2724 3145 2778 data
3192 2733 3266 2779 est
3303 2723 3487 2778 mihia
3525 2721 3659 2778 Deo.
3709 2720 3833 2778 Non

2240 2824 2461 2886 propter
2482 2830 2704 2870 munera
2736 2816 3075 2883 terrena,vel
3099 2816 3335 2885 laudem,
3365 2816 3459 2872 sed
3489 2823 3548 2871 ut
3578 2814 3832 2886 impleam

2239 2907 2503 2974 ofﬁcium,
2531 2906 2673 2978 quod
2704 2908 2909 2978 accepi.

2316 2998 2383 3053 Ut
2412 3000 2511 3053 sim
2542 2998 2775 3055 minister
2804 2997 3001 3054 Christi
3029 2998 3157 3056 Iesu
3192 3001 3246 3055 in
3275 2999 3537 3072 gentibus.
3572 2999 3831 3057 Serviens

2242 3091 2555 3163 Evangelio,
2589 3091 2692 3149 hoc
2714 3102 2817 3160 est,
2851 3107 3115 3150 revocans
3151 3095 3201 3150 ei
3237 3107 3429 3150 servos
3452 3093 3717 3165 quosdam
3747 3092 3831 3149 fu-

621 3185 703 3240 Ad
732 3183 1118 3255 conﬁrmandus
1164 3181 1534 3251 promissiones
1586 3188 1810 3249 patrum.
1861 3177 1997 3244 Quia
2029 3176 2136 3233 illis
2165 3167 2211 3232 C
2240 3184 2459 3254 gitivos.

551 3280 882 3354 promiserat
903 3275 1178 3341 Christus,
1206 3272 1349 3330 sicut.
1377 3272 1494 3343 ipse
1522 3271 1655 3327 dicit
1687 3287 1701 3325 :
1735 3268 1852 3326 Non
1878 3270 2001 3325 veni
2033 3270 2137 3324 nisi

550 3373 619 3429 ad
645 3385 776 3428 oves
803 3369 1046 3442 perditas
1073 3367 1266 3423 domus
1295 3363 1488 3421 Israel.

622 3463 814 3520 Gentes
853 3473 1025 3518 autem
1067 3475 1223 3530 super
1262 3456 1617 3512 misericordia
1657 3455 1914 3511 honorare
1948 3454 2134 3510 Deum.

553 3556 651 3615 Cui
679 3558 823 3614 enim
848 3557 971 3627 plus
1001 3554 1310 3621 dimittitur,
1338 3553 1461 3624 plus
1485 3551 1681 3622 diligit.
1705 3618 1711 3625 ,

626 3652 775 3707 Sicut
819 3652 1067 3723 scriptum
1118 3657 1194 3704 est
1238 3664 1256 3703 :
1298 3646 1584 3719 Pr0pterea
1632 3646 1913 3717 conﬁtebor
1947 3645 2040 3700 tibi
2085 3645 2141 3699 in

553 3744 807 3817 gentibus,
832 3743 1074 3810 Domine,
1099 3752 1144 3797 et
1172 3742 1370 3797 nomini
1399 3753 1488 3795 tuo
1510 3741 1747 3795 cantabo.
1774 3741 1922 3796 Tulit
1942 3739 2142 3796 Iudaeis

555 3833 945 3903 arrogantiam,
978 3832 1105 3887 dum
1136 3834 1376 3902 gentium
1412 3832 1641 3887 salutem
1673 3832 1837 3888 docet
1863 3846 1989 3889 esse
2006 3846 2142 3902 prae-

556 3928 760 3983 dictam
785 3942 801 3979 :
826 3926 1071 3996 quamvis
1096 3941 1201 3981 non
1233 3927 1399 3981 fuerit
1432 3927 1707 3981 nuntiatus
1735 3927 1851 3996 ipse
1890 3926 2141 3982 Christus

556 4022 608 4076 in
646 4018 925 4090 gentibus.
967 4019 1269 4074 Conlltetur
1297 4033 1391 4074 eos
1422 4018 1850 4076 misericordiam
1881 4033 2142 4075 consecu-

556 4121 640 4169 tos
669 4130 681 4166 :
712 4114 833 4182 quia
867 4122 922 4168 et
952 4111 1054 4182 ipsi
1080 4119 1207 4167 sunt
1233 4112 1287 4166 in
1314 4126 1545 4183 corpore
1574 4112 1711 4183 ejus.

628 4204 696 4260 Et
725 4207 913 4260 iterum
940 4205 1064 4259 dicit
1093 4220 1111 4258 :
1142 4203 1413 4259 Ltetamini
1452 4213 1626 4274 gentes
1666 4221 1783 4259 cum
1813 4204 1958 4273 plebe
2001 4205 2136 4276 ejus.

556 4299 655 4368 Qui
682 4314 802 4353 cum
826 4296 956 4369 ipsis
978 4297 1110 4352 estis
1132 4296 1198 4351 ad
1221 4296 1452 4352 salutem
1475 4296 1712 4353 adducti.

628 4390 699 4445 Et
722 4393 909 4445 iterum
935 4406 955 4445 :
981 4388 1215 4444 Laudate
1241 4405 1416 4443 omnes
1434 4397 1608 4456 gentes
1631 4389 1931 4454 Dominum,
1959 4397 2007 4442 et
2028 4406 2142 4445 ma-

556 4484 799 4556 gniﬁcate
819 4499 936 4539 eum
960 4498 1135 4537 omnes
1156 4481 1359 4554 pepuli.
1389 4479 1457 4533 Et
1477 4497 1659 4536 rursus
1690 4479 1861 4534 Isaias
1881 4481 1952 4535 ait
1984 4499 1998 4536 :
2027 4481 2143 4536 Erit

2316 3275 2667 3347 Sanctiﬁcans
2698 3276 3042 3349 Erangelium
3094 3277 3211 3333 Dei.
3262 3276 3380 3333 Meo
3409 3278 3659 3350 exemplo
3704 3294 3829 3335 san-

2241 3375 2385 3423 ctum
2405 3383 2526 3423 esse
2553 3369 2962 3435 demonstrans,
2992 3369 3133 3441 quod
3160 3385 3283 3424 cum
3310 3377 3462 3424 tanto
3486 3370 3680 3426 timore
3708 3384 3833 3441 per-

2244 3462 2385 3517 ﬁcio.
2412 3462 2642 3530 Quidam
2671 3463 2819 3517 enim
2850 3472 2911 3517 ut
2942 3463 3238 3518 humanum
3263 3470 3655 3533 contemnunt,
3685 3463 3830 3533 quod

2244 3554 2543 3627 praedicant
2582 3562 2643 3610 nt
2668 3554 2914 3610 divinum
2950 3565 3048 3611 :et
3092 3555 3165 3609 ita
3196 3554 3255 3609 ﬁt
3288 3564 3349 3609 ut
3390 3569 3480 3610 res
3525 3564 3707 3609 sancta
3751 3554 3830 3610 vi-

2243 3647 2435 3705 deatur
2462 3662 2584 3704 esse
2628 3662 2737 3703 non
2768 3655 2980 3716 sancta,
3016 3661 3139 3702 cum
3169 3660 3277 3702 non
3309 3645 3585 3716 perﬁcitur
3622 3652 3824 3702 sancte.

2244 3740 2400 3797 Unde
2429 3740 2628 3795 dicitur
2653 3757 2666 3793 :
2690 3738 3042 3797 Sanctiﬁcate
3062 3738 3353 3810 jejunium,
3388 3738 3438 3794 id
3459 3747 3564 3806 est,
3584 3746 3826 3794 sanctum

2244 3833 2429 3901 facite,
2459 3835 2573 3890 sive
2603 3841 2928 3890 monstrate.
3651 3828 3675 3833 ”
3746 3827 3761 3834 ’
3786 3826 3813 3831 ”

2321 3927 2389 3982 Ut
2418 3927 2510 3997 ﬁat
2538 3926 2730 3981 oblatio
2760 3927 2992 4000 gentium
3035 3935 3248 3998 accepta
3272 3969 3287 3995 ,
3334 3934 3383 3981 et
3409 3924 3735 3993 sancti/irata
3769 3924 3826 3978 in

2248 4018 2452 4091 Spiritu
2479 4031 2683 4077 sancto.
2717 4020 2787 4077 Ut
2829 4021 3086 4093 exemplo
3128 4036 3250 4078 meo
3288 4026 3479 4091 gentes
3523 4016 3826 4073 efﬁciantur

2168 4136 2169 4139 η
2246 4113 2427 4185 hostia
2468 4116 2579 4171 Deo
2608 4124 2852 4185 accepta,
2886 4129 2995 4171 non
3027 4114 3134 4185 igni
3173 4112 3507 4169 sanctiﬁcata
3535 4152 3551 4175 ,
3588 4109 3676 4165 vel
3705 4123 3823 4165 sus-

2246 4216 2427 4278 cepta,
2458 4207 2551 4289 sed
2582 4207 2791 4277 Spiritu
2814 4217 3005 4265 sancto
3039 4224 3053 4261 :
3086 4206 3228 4263 sicut
3253 4206 3517 4276 scriptum
3543 4212 3627 4258 est
3654 4219 3665 4255 :
3695 4201 3821 4268 Quia

2248 4299 2390 4356 sedit
2420 4314 2584 4371 super
2612 4300 2904 4371 Apostolos
2938 4300 3091 4371 quasi
3134 4298 3295 4370 ignis,
3336 4306 3390 4354 et
3434 4297 3567 4353 visa:
3594 4303 3712 4350 sunt
3746 4294 3823 4349 eis

2251 4389 2417 4446 varia:
2441 4391 2658 4462 linguae.
3494 4399 3502 4403 ‘

2324 4483 2503 4539 Habeo
2531 4484 2690 4555 igitur
2711 4485 2933 4559 gloriam
2959 4484 3016 4538 in
3042 4484 3249 4540 Christo
3276 4482 3405 4539 Iesu
3431 4484 3502 4538 ad
3529 4480 3710 4539 Deum.
3732 4482 3825 4549 Qui

555 4576 710 4631 radix
730 4573 896 4631 Iesse.
920 4574 1076 4631 Iesse
1102 4586 1256 4645 pater
1282 4574 1380 4628 fuit
1413 4573 1579 4628 David
1598 4613 1612 4639 ,
1644 4572 1712 4629 de
1733 4571 1887 4643 cujus
1907 4574 2140 4641 semine,
2168 4558 2221 4619 Ῑ)
2247 4575 2536 4647 gloriatur,
2575 4577 2630 4631 in
2656 4576 2888 4632 Domino
2912 4576 3198 4647 glorietur.
3224 4575 3467 4633 Gloriam
3507 4576 3677 4631 habeo
3697 4574 3825 4645 apud

558 4667 611 4724 id
635 4676 721 4723 est
744 4667 932 4731 Maria.
957 4677 1117 4722 natus
1148 4676 1234 4722 est
1260 4664 1531 4722 Christus.

631 4759 701 4815 Et
729 4761 819 4830 qui
846 4769 1092 4831 exsurgat
1118 4774 1293 4831 regere
1329 4768 1523 4832 gentes,
1554 4759 1607 4813 in
1629 4773 1745 4813 eum
1775 4768 1950 4830 gentes
1969 4774 2146 4830 spera-

561 4856 705 4910 bunt.
736 4853 852 4909 Non
879 4854 947 4909 de
968 4851 1259 4925 proselytis
1283 4851 1499 4921 asserit,
1527 4851 1622 4907 sed
1646 4862 1701 4906 et
1722 4851 1853 4906 illud
1878 4851 2004 4906 huic
2028 4852 2146 4907 loco

563 4947 740 5002 simile
769 4954 853 5000 est
884 4961 900 4999 :
933 4945 1048 4999 Non
1077 4942 1293 4999 deﬁciet
1322 4943 1576 5014 princeps
1606 4958 1669 4998 ex
1700 4942 1869 5009 Iuda,
1898 4958 1998 4997 nec
2038 4942 2145 4998 dux

564 5039 631 5093 de
660 5038 950 5093 femoribus
980 5036 1122 5107 ejus.
1153 5036 1309 5091 Unde
1347 5036 1607 5106 probatur
1637 5050 1765 5091 vere
1787 5035 1898 5105 jam
1929 5036 2144 5091 venisse

561 5130 862 5196 Christum,
916 5130 969 5184 in
1021 5144 1127 5200 quo
1176 5143 1365 5185 omnes
1410 5136 1601 5199 gentes
1649 5143 1871 5199 sperare
1916 5127 2145 5184 manife-

561 5232 706 5277 stum
729 5228 834 5275 cst.

633 5312 777 5369 Deus
826 5321 1000 5369 autem
1044 5316 1175 5384 spei.
1220 5314 1278 5371 ιη
1317 5328 1426 5385 quo
1469 5327 1659 5370 omnes
1689 5326 2009 5384 speramus:
2042 5312 2147 5369 hoc

563 5405 800 5462 ostendit
826 5404 1105 5475 quomodo
1135 5406 1275 5463 Deus
1305 5405 1512 5476 absque
1533 5405 1733 5459 virtute
1756 5403 1991 5473 Spiritus
2020 5418 2147 5458 san-

562 5500 658 5565 cti,
693 5513 799 5555 non
826 5498 1001 5568 replet
1029 5497 1327 5569 aliquando
1355 5497 1633 5553 nationem
1656 5497 1861 5568 gratia,
1893 5496 2153 5567 quoniam

564 5605 729 5647 unum
754 5591 953 5645 donum
984 5602 1069 5647 est
1099 5590 1277 5646 Patris
1306 5600 1364 5646 et
1388 5590 1624 5661 Spiritus
1653 5591 1846 5645 sancti.

633 5681 851 5751 Repleat
874 5698 961 5737 vos
988 5686 1128 5737 omni
1161 5683 1357 5754 gaudio
1381 5692 1427 5737 et
1455 5699 1603 5755 pace.
1636 5681 1749 5737 Pax
1790 5680 2051 5751 fidelium,
2100 5682 2155 5738 in

565 5782 661 5845 spe
685 5769 849 5827 debet
872 5785 993 5833 esse
1019 5772 1221 5832 futura.
1241 5774 1309 5831 Et
1330 5773 1404 5832 ibi
1432 5787 1594 5831 omne
1620 5772 1902 5847 gaudium,
1930 5775 2019 5833 ubi
2049 5790 2153 5849 pax

2248 4669 2438 4739 Deum,
2473 4670 2596 4725 licet
2621 4669 2762 4741 apud
2785 4669 3034 4724 homines
3063 4668 3295 4725 infamer
3316 4676 3372 4725 et
3402 4668 3660 4725 maculer.

2321 4758 2445 4814 Non
2480 4760 2617 4814 enim
2651 4761 2814 4815 audeo
2849 4759 3049 4832 aliquid
3083 4758 3227 4831 loqui
3258 4774 3454 4825 eorum,
3492 4772 3608 4829 qua!
3638 4772 3722 4828 per
3752 4772 3827 4811 me

2250 4852 2411 4922 efﬁcit
2446 4849 2712 4917 Christus,
2743 4853 2798 4905 in
2831 4851 3171 4905 obedientiam
3199 4851 3448 4923 gentium.
3484 4849 3577 4902 llic
3602 4846 3825 4901 ostendit

2252 4942 2453 4999 Christi
2495 4951 2552 5000 et
2588 4942 2826 5014 Spiritus
2863 4944 3059 5010 sancti,
3093 4958 3253 4998 unam
3284 4956 3404 4998 esse
3432 4936 3718 5009 potentiam
3743 4945 3821 4991 at-

2254 5051 2359 5106 que
2387 5037 2667 5093 virtutem.
2693 5035 2827 5092 Item
2854 5052 2961 5091 non
2989 5050 3157 5092 ausus
3180 5050 3296 5091 sum
3323 5030 3521 5101 aliquid
3547 5029 3721 5085 dicere
3738 5043 3821 5086 me

2255 5128 2307 5184 in
2340 5129 2427 5184 his
2456 5128 2738 5185 dumtaxat
2764 5128 2926 5186 rebus
2954 5129 3175 5201 propria
3195 5126 3393 5182 virtute
3416 5122 3631 5191 iecisse,
3655 5130 3823 5180 etnon

2255 5224 2434 5279 omnia
2462 5238 2560 5294 per
2586 5238 2675 5279 me
2700 5237 2822 5279 esse
2852 5223 3026 5280 Deum
3054 5228 3353 5294 operatum.

2327 5316 2395 5373 In
2427 5318 2577 5372 verbo
2615 5326 2661 5373 et
2693 5318 2865 5388 factis,
2893 5318 2945 5371 in
2976 5314 3476 5385 virtute‘signorum,
3502 5317 3551 5365 et
3579 5309 3829 5383 prodigio-

2256 5427 2395 5465 rum.
2427 5410 2542 5463 Hoc
2568 5417 2653 5465 est
2676 5410 2920 5465 doctrina
2949 5418 3002 5465 et
3029 5409 3217 5481 signis.
3248 5404 3368 5461 Non
3397 5404 3544 5460 enim
3576 5402 3644 5459 de
3668 5401 3826 5473 operi-

2256 5502 2357 5557 bus
2384 5500 2492 5567 hic,
2523 5500 2619 5555 sed
2646 5500 2714 5555 de
2742 5501 3035 5555 virtutibus
3066 5499 3405 5571 loquebatur.
3463 5533 3466 5536 ρ

2330 5590 2396 5645 1η
2423 5590 2610 5644 virtute
2644 5591 2881 5661 Spiritus
2909 5593 3099 5647 sancti.
3133 5591 3308 5648 Unam
3341 5603 3462 5647 esse
3487 5587 3731 5644 virtutem
3756 5592 3830 5641 at-

2257 5672 2363 5755 que
2387 5683 2708 5753 potentiam.

2334 5773 2420 5831 Ita
2445 5781 2502 5829 ut
2532 5776 2596 5830 ab
2633 5772 2921 5834 Ierusalem
2957 5782 3047 5847 ρει·
3076 5774 3352 5833 circuitum
3378 5780 3556 5851 usque
3577 5771 3647 5830 ad
3671 5768 3832 5847 Illyri-
