4030 6202
227 240 333 322 713

224 395 346 434 cum
379 374 677 451 repleverim
716 376 1062 450 Evangelium,
1092 377 1303 433 Christi.
1335 375 1595 447 Repletnr
1623 374 1802 431 Evan-
1827 378 1882 439 Α

222 475 451 546 gelium,
484 488 605 529 cum
636 473 796 529 etiam
822 481 1010 544 gentes
1034 471 1281 529 credunt.

302 568 394 623 Sic
429 576 597 621 autem
634 565 909 639 praedicavi
948 562 1285 637 Euangelium
1309 563 1425 633 hoc,
1455 579 1559 618 non
1598 562 1687 617 ubi
1715 578 1805 617 no-

218 661 450 715 minatus
484 670 557 714 est
585 657 816 715 Christus
846 676 864 714 :
891 675 954 712 ne
981 674 1134 727 super
1162 658 1383 713 alienum
1413 657 1805 728 fundamentum

226 751 570 818 aediﬁcarent.
615 749 730 806 Non
770 750 975 817 omnis,
1015 749 1106 819 qui
1140 763 1302 819 super
1338 748 1573 803 alienum
1614 746 1807 801 funda-

216 852 469 899 mentum
492 843 750 909 aediﬁcat,
781 844 925 899 male
950 841 1097 912 facit,
1128 840 1224 897 sed
1250 841 1297 896 si
1333 840 1565 896 aediﬁcet
1586 853 1802 906 aurum,

223 947 293 993 et
328 946 546 994 caetera.
587 938 687 995 Hic
721 936 1204 1009 pseudoapostolos
1233 934 1422 1006 tangit,
1466 936 1557 1004 qui
1590 947 1806 1003 semper

213 1032 296 1087 ad
325 1046 443 1099 eos,
472 1032 563 1101 qui
586 1033 694 1102 jam
725 1030 1091 1098 crediderant,
1130 1030 1297 1095 ibant,
1338 1036 1394 1084 et
1418 1040 1709 1097 numquam
1735 1024 1806 1080 ad

211 1137 419 1197 gentes
443 1144 456 1182 :
484 1127 608 1198 quia
630 1142 737 1182 non
762 1133 1007 1195 poterant
1026 1124 1253 1179 virtutes
1274 1120 1510 1191 operari.
1537 1120 1604 1174 Et
1623 1126 1805 1173 osten-

212 1222 307 1276 dit
330 1221 565 1291 perfecte
586 1234 645 1275 se
664 1218 962 1283 laborasse,
985 1217 1077 1288 qui
1101 1224 1158 1272 et
1176 1212 1581 1269 fundamentum
1602 1209 1802 1280 posuit,

210 1321 280 1367 et
309 1313 597 1367 aediﬁcium
620 1308 1001 1381 superstruxit.

298 1404 405 1460 Sed
429 1406 562 1459 sicut
587 1404 835 1473 scriptum
863 1410 955 1457 est.
986 1401 1042 1456 In
1073 1400 1231 1457 Isaia.
1262 1397 1513 1456 Ostendit
1540 1410 1697 1454 suum
1725 1396 1803 1452 la-

208 1498 434 1564 borem,
461 1498 571 1568 jam
601 1506 725 1552 ante
749 1495 917 1552 fuisse
946 1494 1283 1566 praedictum.

295 1592 561 1660 Quoniam
600 1592 782 1663 quibus
822 1607 927 1645 non
962 1599 1033 1645 est
1063 1590 1425 1643 annuntiatum
1453 1586 1518 1641 de
1551 1601 1632 1650 eo,
1659 1584 1801 1638 uide-

208 1685 373 1753 bunt,
405 1692 451 1739 et
474 1685 562 1751 qui
587 1701 694 1739 non
722 1683 999 1737 audierunt
1028 1683 1092 1736 de
1116 1699 1199 1749 eo,
1221 1680 1528 1749 intelligent.
1554 1676 1805 1733 Ostendi-

864 255 1414 325 TCOMMENTAPJUS
1451 255 1519 314 1N
1558 253 1944 315 EPISTULAM
1983 255 2075 313 AD
2112 248 2466 313 ROMANOS.
2510 250 2662 309 CAP.
2702 250 2842 309 XVI.

3381 246 3486 305 7M

1977 373 2119 428 Nam
2141 374 2186 427 si
2204 371 2562 443 spiritualium
2587 384 2766 423 eorum
2787 366 3061 437 participes
3084 364 3207 437 facti
3227 372 3347 419 sunt
3366 380 3488 435 gen-

1904 468 2037 535 tiles,
2068 466 2251 521 debent
2279 476 2332 520 et
2358 466 2413 519 in
2442 460 2741 517 carnalibus
2769 460 3063 514 ministrare
3100 460 3193 513 eis.
3221 457 3356 523 Quia
3382 455 3483 510 do-

1904 568 2085 617 ctores
2124 574 2192 615 ex
2234 557 2369 628 ipsis
2403 555 2698 620 habebant,
2727 562 2781 609 et
2819 552 2950 607 socii
2986 550 3112 605 facti
3152 550 3363 605 fuerant
3392 562 3483 602 ra-

1904 652 2063 719 dicis,
2107 660 2163 707 et
2198 648 2543 721 pinguedinis
2588 646 2746 702 olivae
2786 664 2800 699 :
2847 643 3079 714 ideoque
3120 640 3485 711 unusquisque

1904 743 1959 799 in
1990 758 2095 815 quo
2121 742 2379 809 abundat,
2409 740 2570 796 debet
2608 738 2764 793 alteri
2792 737 3086 808 impertire.

1978 834 2096 890 Hoc
2125 833 2287 907 igitur
2329 847 2446 886 cum
2487 841 2923 893 consummavero,
2964 834 3013 882 et
3048 825 3376 897 assignauero
3416 823 3489 877 eis

1908 931 2136 1000 fructum
2154 927 2312 995 hunc,
2338 942 2430 995 per
2452 940 2539 979 vos
2560 924 2858 993 proﬁciscar
2876 922 2930 975 in
2957 919 3290 989 Hispaniam.
3314 919 3372 975 Si
3391 933 3489 973 vos

1906 1022 2046 1080 bene
2073 1018 2461 1085 exhibueritis,
2495 1016 2790 1075 abundabit
2813 1014 2968 1070 nobis
2997 1014 3137 1069 bona
3161 1013 3408 1068 doctrina
3435 1013 3491 1067 in

1906 1131 2004 1171 vos
2038 1133 2051 1169 :
2080 1115 2204 1185 quia
2233 1120 2493 1183 quantum
2537 1110 2752 1178 prolicit
2776 1105 3099 1176 discipulus,
3134 1114 3335 1160 tantum
3366 1117 3489 1174 pro-

1904 1214 2133 1262 vocatur
2162 1205 2229 1260 ad
2255 1202 2558 1258 docendum
2601 1211 2656 1257 et
2690 1201 2899 1255 doctor.
2935 1197 3087 1254 Sicut
3114 1196 3236 1252 alibi
3269 1196 3343 1250 ait
3376 1213 3389 1248 :
3420 1195 3493 1250 Os

1907 1308 2151 1356 nostrum
2177 1305 2326 1367 patet
2353 1294 2424 1350 ad
2452 1308 2571 1360 vos,
2603 1308 2637 1348 ο
2664 1290 2951 1347 Corinthii.
2982 1291 3128 1357 Sive,
3156 1290 3492 1344 abundanter

1906 1390 2245 1450 benedicitur
2272 1390 2326 1444 in
2358 1387 2593 1442 adventu
2621 1399 2743 1441 meo
2774 1384 3025 1439 Christus
3051 1383 3105 1437 in
3132 1382 3313 1438 vobis.

1980 1485 2104 1542 Scio
2132 1493 2301 1539 autem
2326 1482 2572 1552 quoniam
2604 1479 2814 1533 veniens
2844 1476 2913 1529 ad
2943 1493 3061 1543 vos,
3093 1477 3148 1530 in
3178 1475 3497 1531 abundantia

1908 1579 2273 1637 benedictionis
2308 1576 2497 1632 Christi
2534 1575 2755 1630 ueniant.
2785 1572 2981 1629 Sciens
3020 1570 3331 1639 Apostolus,
3365 1584 3499 1640 quo—

1908 1674 2053 1729 niam
2084 1680 2301 1741 propter
2330 1668 2770 1739 pratdicationem
2800 1661 3005 1720 Christi
3034 1662 3262 1716 Romam
3287 1663 3500 1716 vinctus

206 1789 315 1836 tur
344 1777 591 1834 Christus
618 1779 673 1832 in
699 1774 995 1846 Apostolis,
1022 1786 1076 1831 et
1104 1789 1202 1845 per
1221 1776 1448 1829 virtutes
1471 1786 1591 1841 qua:
1616 1772 1671 1826 in
1691 1770 1807 1839 ejus
1836 1772 1887 1834 B
1912 1765 2195 1824 ducendus
2221 1772 2360 1829 erat,
2388 1765 2442 1818 in
2467 1761 2788 1817 abundantia
2818 1756 3217 1813 benedictionis
3245 1755 3502 1825 praedicat

208 1872 450 1927 nomine
476 1868 696 1925 fiebant.

294 1964 528 2035 PrOpter
549 1962 687 2033 quod
711 1971 758 2016 et
781 1960 1099 2033 iMpediebar
1124 1958 1405 2030 plurimum
1424 1957 1593 2013 venire
1613 1956 1681 2011 ad
1700 1971 1809 2013 vos.

210 2059 495 2131 Exposuit
522 2056 655 2113 illud
679 2057 825 2128 quod
854 2057 908 2111 in
943 2055 1122 2126 capite
1150 2052 1380 2109 dixerat.

294 2153 371 2209 Et
407 2153 693 2226 prohibitus
721 2168 834 2208 sum
862 2167 1024 2222 usque
1048 2149 1239 2205 adhuc.
1272 2149 1427 2205 Nunc
1453 2164 1569 2205 vero
1600 2146 1812 2203 ulterius

217 2248 404 2303 locum
430 2262 535 2301 non
557 2244 747 2300 habens
772 2244 825 2298 in
852 2243 933 2298 his
958 2238 1269 2317 regionibus.
1293 2239 1398 2297 Ubi
1414 2240 1524 2310 jam
1548 2239 1651 2295 toti
1672 2238 1814 2294 ﬁrmi

215 2346 379 2407 sunt,
400 2351 618 2393 causam
642 2351 701 2393 se
721 2346 884 2407 negat
900 2335 1104 2391 habere
1124 2333 1362 2406 ponendi
1382 2332 1811 2387 fundamentum.

296 2430 654 2502 Cupiditatem
691 2438 860 2483 autem
908 2428 1096 2482 habens
1126 2424 1357 2482 veniendi
1384 2424 1452 2479 ad
1478 2440 1583 2479 vos.
1617 2422 1817 2477 Notan-

216 2525 361 2583 dum
401 2539 523 2581 esse
561 2522 911 2594 cupiditatem
949 2522 1113 2577 etiam
1146 2520 1341 2576 bonam
1374 2536 1387 2572 :
1433 2517 1602 2583 sicut',
1647 2515 1817 2585 Cupio

219 2615 487 2685 dissolvi,
516 2624 570 2671 et
594 2629 713 2671 esse
735 2629 856 2670 cum
885 2612 1125 2669 Christo.
1156 2612 1223 2669 Et
1247 2630 1259 2667 :
1282 2608 1611 2680 Concupivit
1630 2607 1810 2663 anima

222 2729 357 2771 mea
390 2713 699 2769 desiderare
721 2712 1136 2783 justiﬁcationes
1164 2719 1303 2766 tuas.

312 2807 407 2864 Ex
424 2808 599 2863 multis
614 2810 728 2881 jam
756 2805 1153 2877 praecedentibus
1182 2805 1350 2860 annis.
1377 2804 1561 2873 Qualis
1586 2802 1822 2859 necessi-

223 2909 315 2958 tas
346 2899 517 2955 fuerit
542 2897 793 2968 ostendit,
818 2914 938 2969 qua:
964 2898 1113 2953 illum
1141 2898 1327 2954 multis
1346 2897 1619 2953 detineret
1641 2898 1819 2951 annis.

302 2990 442 3047 Cum
482 2992 536 3045 in
581 2989 893 3064 Hispaniam
933 2990 1190 3063 proﬁcisci
1229 3006 1456 3061 coepero,
1499 3005 1647 3063 spero
1685 2988 1826 3060 quod

226 3086 538 3160 preteriens
563 3084 765 3140 uideam
792 3100 901 3139 vos.
934 3082 1121 3141 Utrum
1146 3083 1204 3139 in
1230 3082 1488 3154 Hispania
1517 3082 1704 3151 fuerit,
1737 3082 1823 3137 in-

229 3189 453 3236 certum
483 3177 736 3234 habetur.

304 3272 383 3328 Et
423 3289 456 3326 a
493 3272 634 3327 vobis
670 3271 893 3326 deducor
921 3269 1069 3338 illuc,
1097 3271 1143 3325 si
1169 3269 1312 3325 vobis
1338 3270 1564 3341 primum
1590 3286 1652 3325 ea:
1677 3279 1824 3342 parte

232 3366 436 3437 {ruitus
462 3364 629 3435 fuero.
660 3362 795 3433 Quia
822 3363 893 3417 ita
920 3378 1019 3420 vos
1041 3361 1326 3429 exhibetis,
1356 3369 1541 3418 utnec
1563 3362 1704 3432 apud
1730 3376 1825 3417 vos

231 3461 424 3518 locum
451 3468 544 3514 aut
572 3460 951 3515 necessitatem
978 3457 1204 3515 habeam
1234 3456 1433 3513 diutius
1462 3455 1822 3529 remorandi;

236 3565 299 3614 et
331 3554 465 3611 ideo
493 3569 559 3610 ex
584 3561 737 3625 parte
766 3553 872 3609 illis
897 3551 1065 3609 fuisse
1103 3551 1232 3608 dicit
1262 3568 1277 3606 :
1310 3552 1437 3622 quia
1463 3565 1569 3606 non
1600 3549 1827 3608 credere

231 3649 577 3721 indigebant,
618 3646 712 3704 sed
754 3646 1125 3704 tantummodo
1163 3643 1495 3702 conﬁrmari.
1539 3644 1665 3701 Sive
1704 3644 1825 3700 ideo

236 3758 306 3801 ex
337 3752 496 3815 parte
524 3757 539 3799 :
568 3740 693 3813 quia
722 3741 868 3799 nulla
894 3740 1209 3813 magnitudo
1237 3740 1495 3812 temporis
1517 3738 1675 3795 faciat
1696 3738 1827 3794 cha-

236 3836 482 3893 ﬂmmm.

317 3926 481 3983 Nunc
511 3927 673 3998 igitur
698 3926 996 3998 proﬁciscar
1019 3928 1073 3982 in
1096 3926 1403 3983 Jerusalem.
1435 3924 1549 3981 Hoc
1575 3923 1709 3982 mihi
1736 3938 1826 3980 re-

239 4029 352 4077 stat
383 4019 643 4091 deinceps
671 4027 729 4075 ut
756 4021 987 4074 veniam.

304 4113 621 4168 ,Ministrare
645 4114 855 4167 sanctis.
888 4111 1074 4169 Sancti
1103 4122 1257 4169 erant
1284 4112 1341 4168 in
1370 4111 1667 4169 Jerusalem
1687 4150 1703 4179 ,
1733 4110 1822 4182 qui

239 4206 501 4265 omnibus
538 4204 973 4277 suisxdistractis,
1001 4215 1057 4263 et
1089 4216 1215 4262 ante
1254 4206 1633 4277 Apostolorum
1664 4202 1831 4275 pedes

244 4290 541 4373 depositis,
583 4297 838 4367 orationi,
868 4298 1111 4371 lectioni,
1143 4299 1509 4370 doctrinaeque
1547 4297 1825 4356 vacabant.

248 4394 451 4465 Quales
491 4402 673 4449 autem
714 4393 935 4461 fuerint,
974 4409 1041 4450 ex
1085 4394 1185 4449 hoc
1226 4393 1587 4464 cognoscitur,
1628 4402 1686 4447 ut
1714 4389 1833 4461 ipse

247 4487 544 4558 Apostolus
570 4501 670 4558 per
696 4500 757 4543 se
781 4486 885 4542 illis
914 4497 1166 4558 pergeret
1194 4487 1524 4552 ministrare,
1550 4492 1606 4542 et
1632 4483 1833 4557 quibus

1915 1873 1980 1916 se
2006 1873 2128 1914 esse
2162 1867 2467 1911 venturum.
2498 1854 2597 1910 Vel
2625 1862 2805 1916 certe,
2836 1850 3091 1920 quoniam
3120 1849 3368 1904 conscius
3397 1847 3501 1903 sibi

1915 1959 2063 2019 erat,
2104 1948 2455 2005 nihilominus
2494 1945 2697 2001 habere
2742 1958 2803 1999 se
2837 1943 3065 2013 gratiam
3105 1942 3173 1998 ab
3199 1941 3498 2011 aliiszApo-

1915 2041 2096 2099 stolis.

1994 2131 2218 2186 Obsecro
2238 2146 2359 2202 ergo
2376 2145 2483 2197 vos,
2511 2128 2721 2197 fratres,
2744 2140 2831 2195 per
2854 2123 3132 2178 Dominum
3152 2130 3383 2177 nostrum
3412 2123 3444 2177 ,1
3452 2140 3508 2177 e-

1918 2243 2033 2284 sum
2070 2224 2349 2280 Christum.
2396 2222 2571 2291 Rogat
2612 2228 2669 2274 ut
2703 2232 2801 2289 pro
2835 2231 2902 2273 eo
2941 2226 3051 2271 tota
3087 2218 3351 2270 instanter
3385 2224 3510 2270 oret

1921 2320 2167 2378 Ecclesia
2196 2337 2210 2373 :
2242 2317 2368 2388 quia
2399 2315 2553 2370 novit
2580 2314 2807 2369 multum
2836 2310 3021 2366 valere
3050 2324 3245 2380 preces
3274 2310 3329 2363 in
3355 2321 3511 2363 com-

1922 2414 2072 2472 muni
2102 2412 2417 2468 multorum.
2443 2408 2646 2465 Jacobo
2666 2406 2809 2462 enim
2838 2405 3036 2470 occiso,
3063 2407 3259 2463 Petrus
3283 2402 3512 2458 fratrum

1920 2507 2175 2580 precibus
2196 2505 2265 2561 de
2284 2518 2505 2560 carcere
2526 2502 2783 2558 liberatur
2807 2516 2822 2552 :
2848 2498 2937 2567 qui
2966 2512 3072 2552 non
3095 2506 3202 2554 tam
3228 2497 3327 2561 illi,
3349 2512 3511 2567 quam

1926 2600 2028 2658 sibi
2060 2596 2380 2655 beneﬁcium
2411 2594 2802 2666 praestiterunt,
2834 2589 3049 2646 scilicet
3074 2598 3134 2645 ut
3157 2589 3274 2659 ejus
3303 2590 3515 2659 possint

1925 2693 2170 2750 doctrina
2199 2689 2423 2746 ﬁrmari.

2000 2785 2069 2841 Et
2102 2802 2193 2857 per
2225 2782 2527 2838 charitatem
2561 2781 2729 2836 sancti
2755 2779 2988 2849 Spiritus
3021 2795 3040 2834 .'
3069 2788 3127 2833 ut
3152 2778 3406 2848 adjuvetis
3432 2795 3516 2833 me

1925 2882 1983 2937 in
2006 2878 2323 2935 orationibus
2342 2878 2520 2931 vestris
2546 2892 2639 2948 pro
2660 2891 2739 2929 me
2758 2875 2826 2928 ad
2846 2872 3033 2928 Deum.
3048 2872 3351 2943 Spiritualis
3368 2872 3514 2929 enim

1929 2972 2165 3030 charitas
2191 2970 2342 3037 facit,
2370 2978 2430 3024 ut
2461 2985 2556 3040 pro
2582 2969 2812 3024 invicem
2843 2967 3101 3023 exoretis.

2009 3067 2078 3123 Ut
2107 3065 2292 3120 liberer
2318 3064 2382 3118 ab
2403 3062 2731 3133 inﬁdelibus,
2760 3062 2850 3133 qui
2880 3070 2999 3116 sunt
3026 3061 3079 3113 in
3102 3059 3293 3115 Judaza
3320 3076 3337 3116 :
3363 3068 3411 3113 et
3431 3057 3521 3113 ob-

1846 3158 1899 3223 (Ξ
1932 3163 2097 3235 sequii
2134 3162 2234 3215 mei
2261 3159 2450 3215 oblatio
2488 3166 2698 3228 accepta
2744 3156 2835 3226 ﬁat
2882 3156 2938 3209 in
2976 3154 3268 3209 Jerusalem
3306 3156 3520 3210 sanctis.

1932 3256 2062 3314 Sive
2096 3262 2155 3310 ut
2193 3267 2382 3309 omnes
2414 3251 2637 3307 credant
2669 3266 2683 3304 :
2712 3249 2831 3304 sive
2872 3246 3124 3303 ﬁdelibus
3152 3245 3469 3301 ministrans
3501 3264 3515 3300 :

1931 3348 1988 3405 in
2016 3361 2205 3404 manus
2232 3344 2534 3402 inﬁdelium
2564 3356 2674 3399 non
2703 3341 3001 3408 incurram,
3026 3354 3096 3394 ne
3113 3338 3181 3393 ad
3206 3351 3305 3394 vos
3325 3338 3515 3394 venire

1932 3456 2041 3499 non
2069 3439 2295 3512 possim.

2011 3530 2077 3588 Ut
2099 3531 2296 3586 ueniam
2319 3528 2386 3582 ad
2410 3542 2495 3581 vos
2516 3527 2571 3580 in
2603 3522 2798 3595 gaudio
2830 3537 2921 3593 per
2959 3520 3270 3576 voluntatem
3306 3520 3519 3587 Dei,"et

1933 3626 2207 3698 refrigerer
2235 3619 2514 3676 vobiscum.
2546 3616 2699 3673 Tunc
2722 3615 2779 3671 in
2802 3614 2998 3686 gaudio
3026 3614 3266 3683 veniam,
3295 3613 3339 3668 si
3364 3613 3517 3670 obla-

1934 3718 2015 3775 tio
2040 3730 2160 3771 mea
2188 3714 2255 3768 ab
2284 3711 2363 3767 eis
2389 3718 2608 3780 accepta
2634 3706 2812 3776 fuerit,
2837 3716 2893 3763 et
2918 3721 3143 3763 securus
3167 3705 3393 3762 verbum
3421 3705 3518 3761 Dei

1935 3804 2299 3867 abundantius
2323 3804 2533 3875 loquar.
2556 3800 2797 3859 Tristitia
2819 3799 2963 3857 enim
2982 3798 3148 3856 animi
3168 3799 3400 3855 multum
3423 3797 3515 3855 im-

1935 3900 2088 3974 pedit
2112 3898 2180 3955 ad
2201 3896 2519 3953 doctrinam.

2014 3991 2155 4047 Deus
2193 4001 2364 4047 autem
2401 3990 2543 4061 pacis
2582 3989 2649 4043 sit
2686 4003 2804 4042 cum
2842 3987 3074 4042 omnibus
3114 3986 3289 4052 uobis,
3333 3986 3518 4042 Amen.

1945 4086 2092 4142 Deus
2121 4084 2272 4155 pacis
2306 4099 2413 4138 non
2451 4081 2556 4137 nisi
2584 4082 2636 4136 in
2669 4080 2908 4151 paciﬁcis
2941 4087 3043 4137 est.
3075 4079 3306 4136 Pulchre
3332 4089 3515 4137 autem

1939 4179 2137 4248 ﬁnivit,
2172 4176 2380 4235 duobus
2407 4175 2622 4248 populis
2648 4174 2703 4230 in
2741 4172 3087 4233 concordiam
3113 4172 3403 4231 revocatis.

2530 4342 2754 4401 CAPUT
2793 4342 2932 4400 XVI.

2014 4483 2326 4543 Commendo
2370 4490 2539 4538 autem
2579 4480 2719 4535 vobis
2763 4477 2991 4534 Phwben
3028 4494 3251 4534 sororem
3271 4486 3520 4535 nostram.

247 4556 584 4637 oblationem
620 4593 773 4635 suam
812 4556 934 4634 esse
973 4556 1124 4650 optat
1159 4588 1430 4651 acceptam
1470 4597 1483 4633 :
1526 4578 1580 4634 id
1621 4556 1731 4648 est,
1771 4588 1835 4634 ut
1864 4556 1919 4621 D
1942 4578 2063 4642 iam
2108 4581 2262 4653 quasi
2292 4579 2447 4635 ﬁnito
2487 4584 2639 4632 textu
2670 4572 2942 4644 Epistolaa,
2974 4582 3033 4626 ut
3062 4571 3224 4640 solet,
3251 4587 3526 4629 commen-

251 4684 367 4727 eam
393 4671 685 4743 dignentur
709 4670 1291 4742 accipereﬁostendens
1318 4673 1418 4728 hoc
1440 4686 1549 4728 non
1574 4678 1681 4727 tam
1706 4686 1833 4744 pro-

254 4762 407 4820 desse
434 4763 849 4835 accipientibus,
883 4780 1041 4835 quam
1071 4764 1341 4821 dantibus.
1367 4765 1481 4821 Hoc
1501 4776 1688 4823 contra
1710 4768 1831 4824 illos

255 4855 399 4923 facit,
428 4858 517 4929 qui
546 4856 776 4928 gloriam
806 4855 1151 4926 perfectionis
1177 4852 1510 4928 impugnant.

326 4950 685 5006 Probavcrunt
714 4952 847 5005 enim
877 4948 1188 5006 Macedonia
1215 4961 1263 5007 et
1288 4952 1484 5007 Achaia
1511 4953 1834 5010 collationem

262 5042 479 5111 aliquam
495 5047 687 5117 facere.
704 5046 1073 5103 Probavcrunt
1096 5049 1198 5105 hoc
1217 5049 1317 5106 sibi
1341 5049 1470 5106 utile
1496 5049 1637 5118 fore,
1659 5052 1706 5108 si
1729 5052 1840 5108 ccl-

266 5131 511 5194 lationem
541 5139 779 5211 aliquam
809 5149 1117 5212 sumptuum
1146 5141 1390 5199 facerent
1410 5143 1629 5200 sanctis.

340 5227 403 5284 In
429 5251 674 5305 pauperes
703 5247 1017 5306 sanctorum,
1045 5240 1134 5310 qui
1159 5249 1276 5294 sunt
1298 5239 1351 5293 in
1375 5234 1682 5295 Jerusalem.
1705 5238 1837 5295 Pla-

278 5320 379 5373 cuit
406 5327 531 5381 enim
560 5330 652 5384 eis.
676 5327 811 5398 Quia
840 5341 1061 5403 propter
1088 5343 1402 5390 sanctorum
1432 5332 1843 5390 aediﬁcationem

278 5423 397 5468 esse
431 5430 684 5490 pauperes
712 5423 1020 5480 voluerunt.
1064 5424 1192 5483 Sive
1221 5425 1544 5498 simpliciter
1574 5441 1841 5499 pauperes

282 5513 574 5565 sanctorum
603 5513 863 5586 intellige.

354 5591 417 5648 Et
447 5598 685 5659 debitores
716 5619 834 5662 sunt
864 5624 1057 5664 eorum.
1082 5610 1338 5684 Exemplo
1370 5626 1556 5670 eorum
1588 5621 1846 5685 provocat

288 5680 546 5791 humanos
575 5694 641 5750 ad
666 5698 841 5757 simile
869 5714 1026 5772 opus,
1050 5680 1339 5762 ostendens
1362 5704 1464 5766 hoc
1485 5680 1726 5767 illis'non
1746 5706 1847 5766 im-

287 5786 475 5845 merito
499 5786 784 5858 placuisse.

696 5887 974 5953 Paruon.
1010 5889 1219 5962 XXX.

1946 4679 2184 4736 dationis
2213 4672 2441 4746 gratiam
2477 4669 2663 4727 subter
2690 4666 2965 4722 annexuit.
2990 4663 3125 4720 Item
3152 4665 3240 4721 hic
3265 4676 3530 4724 monstrat

1944 4768 2272 4841 Apostolus,
2306 4780 2414 4820 non
2442 4759 2807 4831 accipiendam
2827 4799 2842 4824 ,
2874 4767 2967 4813 aut
3002 4756 3307 4828 eligendam
3337 4773 3529 4829 perso-

1945 4877 2074 4920 nam
2102 4874 2221 4916 esse
2249 4858 2374 4923 viri,
2397 4854 2485 4910 vel
2509 4852 2749 4920 feminae,
2772 4849 2990 4921 quando
3013 4850 3271 4907 Romanis
3291 4866 3391 4922 per
3412 4867 3531 4908 mu-

1942 4953 2137 5012 lierem
2171 4949 2253 5020 (ut
2279 4946 2474 5013 fertur)
2511 4944 2723 4998 litteras
2764 4940 2949 4998 mittit.
2978 4940 3037 4997 In
3078 4940 3269 4999 eadem
3292 4942 3536 5015 Epistola

1950 5044 2076 5101 aliis
2106 5038 2323 5097 feminis
2349 5034 2566 5092 mandat
2592 5033 2841 5088 salutem.

2033 5140 2160 5208 Quae
2174 5143 2247 5191 est
2270 5135 2323 5189 in
2338 5128 2617 5187 ministerio
2638 5126 2906 5195 Ecclesiaz,
2921 5143 3035 5199 quae
3053 5137 3129 5184 est
3148 5130 3202 5184 in
3222 5127 3534 5189 Cenchrceis.

1951 5234 2115 5295 Sicut
2137 5228 2298 5286 etiam
2343 5237 2484 5281 nunc
2523 5221 2581 5278 in
2609 5219 2974 5277 Orientalibus
3003 5220 3327 5278 diaconissa:
3355 5224 3413 5278 iu
3438 5236 3538 5279 suo

1953 5342 2091 5386 sexu
2127 5321 2433 5379 ministrare
2462 5314 2711 5372 videntur
2737 5313 2792 5370 in
2825 5314 3090 5385 baptismo
3110 5359 3125 5383 ,
3155 5316 3268 5371 sive
3297 5314 3353 5371 in
3380 5316 3539 5371 mini-

1954 5421 2133 5478 sterio
2161 5414 2339 5480 verbi,
2369 5412 2490 5483 quia
2520 5410 2773 5481 privatim
2805 5408 3051 5465 docuisse
3081 5409 3307 5465 feminas
3333 5411 3543 5469 inveni-

1956 5531 2117 5581 :mus,
2152 5511 2289 5568 sicut
2318 5506 2615 5563 Priscillam
2634 5549 2648 5573 ,
2680 5504 2832 5576 cujus
2858 5504 2939 5558 vir
2968 5503 3159 5574 Aquila
3190 5504 3508 5562 vocabatur.

2043 5607 2109 5664 Ut
2133 5620 2243 5659 eam
2272 5599 2569 5671 suscipiatis
2606 5599 2661 5652 in
2687 5596 2909 5652 Domino
2931 5597 3085 5669 digne
3113 5598 3326 5666 sanctis,
3354 5607 3400 5651 et
3421 5598 3549 5653 assi-

1967 5700 2113 5757 statis
2136 5698 2180 5751 ei
2202 5696 2255 5749 in
2282 5708 2600 5766 quocumque
2621 5690 2821 5763 negotio
2843 5689 2996 5743 vestri
3018 5688 3318 5759 indiguerit.
3345 5689 3554 5746 Etenim

1960 5797 2086 5868 ipsa
2116 5806 2315 5865 quoque
2362 5786 2553 5847 assistit
2590 5784 2762 5846 multis
2792 5795 2835 5845 et
2864 5782 2991 5839 inihi
3032 5783 3152 5850 ipsi.
3187 5782 3259 5844 Ut
3286 5783 3556 5859 adjuvetis

2997 5875 3077 5942 23
