4030 6202
546 237 649 293 715

1558 226 1618 295 s.
1660 221 2038 291 HlERONYtll
2077 217 2361 295 apsumi
2399 211 2764 289 meumst.

3704 204 3825 261 716

548 367 691 418 eam,
734 352 848 415 είνθ
885 358 1192 420 sumptuum
1234 341 1444 413 opibus,
1488 340 1602 407 sive
1642 338 1839 411 solatio
1873 355 1884 389 :
1917 336 2038 410 quia
2068 343 2122 389 et
2146 335 2200 413 Α
2225 333 2361 395 nias,
2384 328 2699 393 etsabbaut,
2724 333 2777 389 et
2798 332 3025 397 cmteras
3044 319 3457 420 let'ias,‘ven_tris
3474 321 3649 420 gratia
3673 338 3826 420 ira:-

552 445 666 513 ipsa
700 443 952 511 quamdiu
985 439 1187 501 habuit,
1217 434 1400 505 plures
1426 428 1650 501 adjuvit.

626 536 863 590 Salutate
908 531 1143 597 Priscam
1179 531 1227 593 et
1268 524 1551 597 Aquilam,
1595 522 1856 597 adjutores
1894 536 2030 592 mea;
2070 519 2124 583 in

554 627 755 683 Christo
791 623 934 683 Jesu.
966 622 1068 691 Qui
1105 618 1475 681 conformasse
1502 631 1562 677 se
1589 613 1846 686 ApOStolo
1874 613 2125 685 dicuntur

555 724 607 775 in
650 719 754 773 ﬁde
796 734 809 769 :
853 730 990 787 quos
1032 724 1088 775 et
1123 712 1243 775 ideo
1279 710 1562 780 adjutores
1599 708 1864 781 appellat,
1910 705 2031 776 quia
2072 706 2124 759 in

555 826 720 881 opere
753 807 1143 873 doctrinarum,
1174 804 1265 867 ubi
1300 805 1417 874 ipse
1444 800 1743 864 laborabat,
1772 808 1829 863 et
1858 796 1948 855 isti
1974 796 2128 867 juve-

551 912 700 963 runt.

629 996 733 1063 Qui
751 1011 846 1067 pro
864 994 1038 1057 anima
1058 1008 1171 1055 mea
1187 1008 1307 1058 sunt
1333 989 1546 1057 cervices
1572 994 1948 1060 supposuerunt
1961 1001 1979 1039 ε
1994 984 2123 1057 (λαί-

549 1091 641 1151 bus
668 1106 771 1145 non
791 1089 959 1153 solum
978 1105 1068 1159 ego
1096 1086 1292 1159 gratias
1319 1100 1436 1157 ago,
1469 1081 1559 1138 sed
1589 1090 1637 1139 et
1656 1088 1854 1143 cuncta:
1878 1076 2127 1143 Ecclesia:

553 1183 805 1254 gentium.
820 1180 1103 1241 Probando
1122 1195 1299 1241 meam
1319 1175 1640 1244 doctrinam,
1662 1189 1723 1229 se
1742 1172 1982 1244 periculo
2001 1171 2128 1235 sub—

550 1279 818 1346 jecerunt,
854 1284 1068 1344 propter
1094 1272 1236 1343 quod
1275 1270 1386 1328 illis
1421 1284 1609 1331 omnes
1648 1266 1903 1335 Ecclesiae
1930 1266 2129 1338 gratias

556 1379 719 1439 agunt
748 1387 764 1424 :
790 1368 915 1438 quia
946 1383 1040 1437 per
1065 1366 1185 1421 illos
1214 1379 1315 1435 ego
1338 1371 1583 1419 servatus
1605 1375 1745 1429 sum.

627 1461 692 1519 Et
721 1461 1054 1519 domesticam
1088 1456 1375 1517 Ecclesium
1406 1470 1606 1517 eorum.
1635 1449 1882 1523 Ostendit
1907 1463 2131 1526 congre-

550 1554 823 1624 gationem
854 1551 1092 1615 ﬁdelium
1115 1592 1129 1617 ,
1162 1550 1459 1619 Ecclesiam
1490 1544 1776 1615 nominari.

625 1646 869 1709 Salutate
896 1644 1197 1717 Epwnetutu
1224 1644 1471 1701 dilatum
1493 1642 1619 1695 mitti
1650 1658 1669 1697 :
1698 1642 1786 1711 qui
1812 1648 1885 1697 est
1909 1638 2130 1713 primiti—

2228 424 2499 488 dicabant,
2531 420 2909 489 dissentientes
2931 420 2998 475 ab
3021 416 3313 490 apostolica
3335 416 3602 489 doctrina,
3627 426 3683 473 et
3706 415 3827 475 fra-

2229 522 2399 591 tribus
2432 518 2749 589 edendicula
2780 524 3165 599 praeparante;

2301 612 2367 685 Et
2395 632 2484 687 per
2513 612 2689 683 dulces
2728 626 3013 683 sermones,
3055 619 3100 677 et
3150 604 3524 673 benedictiones
3566 602 3825 663 seducunt

2229 706 2388 773 corda
2427 705 2792 771 innocentium.
2850 701 2952 759 Pa
2992 698 3359 769 blandimenta
3388 709 3444 755 et
3474 696 3822 771 adulationes

2230 809 2447 870 compto
2475 811 2727 865 sermone
2751 786 3101 869 compositas-

2310 891 2491 947 Vestra
2526 890 2662 959 enim
2704 886 2991 957 obedientia
3027 885 3083 953 in
3119 885 3259 949 omni
3289 884 3402 941 loco
3427 883 3692 956 divulgata
3717 892 3819 939 est.

2228 988 2288 1055 Si
2319 986 2426 1055 illis
2454 979 2713 1043 obedistis
2744 981 2936 1053 quibus
2964 995 3071 1039 non
3108 978 3374 1055 debuiSIis
3408 996 3420 1034 :
3455 988 3654 1051 quanto
3696 993 3821 1043 ma-

2224 1081 2313 1153 εῐε
2351 1078 2505 1151 nobis
2546 1076 2765 1149 abetﬁre
2806 1075 3051 1147 debetis!
3081 1074 3213 1141 Nam
3245 1085 3300 1131 et
3326 1074 3398 1143 illi
3430 1084 3715 1151 propterea
3745 1072 3818 1129 ad

2233 1190 2328 1235 vos
2353 1178 2637 1241 venerunt,
2651 1169 2776 1243 quia
2799 1168 3043 1239 sciebant
3066 1183 3280 1241 vesper
3298 1168 3669 1239 obedientiam
3694 1167 3819 1223 sitn-

2232 1269 2423 1340 plicem
2453 1267 2559 1322 cito
2590 1281 2750 1336 posse
2786 1265 2993 1321 seduci.

2300 1361 2513 1429 Gaudeo
2538 1360 2697 1432 igitur
2732 1359 2788 1412 in
2822 1358 2959 1429 vobis
2988 1372 3008 1413 ἰ
3028 1357 3123 1425 sed
3154 1358 3266 1421 vota
3306 1374 3390 1419 vos
3416 1359 3677 1427 sapientes
3705 1374 3818 1413 esse

2231 1455 2285 1508 in
2314 1455 2467 1521 bono,
2499 1462 2547 1505 et
2573 1451 2834 1519 simplices
2861 1451 2915 1519 in
2938 1449 3096 1511 situla.
3123 1450 3263 1509 Deus
3287 1458 3452 1517 autem
3474 1454 3615 1523 pagi;
3637 1461 3822 1515 εοηιε.

2230 1559 2311 1609 rat
2348 1548 2597 1605 Satanam
2637 1545 2726 1617 sub
2768 1545 2983 1619 pedibus
3008 1547 3183 1607 vestris
3210 1547 3462 1615 uelociter.
3488 1544 3673 1616 Gratia
3699 1545 3816 1607 Do-

2231 1643 2357 1709 mini
2398 1641 2558 1697 nostri
2595 1637 2721 1697 Iesu
2758 1638 2950 1699 Christi
2972 1638 3247 1705 vobiscum.
3279 1639 3487 1697 Salutat
3510 1655 3597 1709 uos
3626 1636 3814 1701 Timot-

550 1759 641 1801 uus
670 1742 918 1799 Ecclesia:
945 1742 1081 1801 Asia!
1106 1742 1160 1799 in
1192 1739 1393 1805 Christo
1418 1735 1565 1799 Iesu.
1597 1736 1838 1801 Salutate
1868 1734 2123 1800 Mariam,
2154 1735 2202 1809 Β
2230 1733 2397 1804 tlteus,
2423 1732 2632 1802 adjutor
2655 1747 2816 1801 meus,
2842 1740 2887 1799 ct
2915 1730 3132 1794 Lucius,
3159 1740 3206 1795 et
3230 1727 3412 1799 lason,
3440 1741 3492 1792 et
3519 1730 3814 1802 Sosipater,

550 1854 666 1907 aute
698 1836 925 1897 multum
962 1834 1217 1895 labarauit
1245 1833 1300 1887 ia
1328 1832 1489 1889 vobis.
1521 1829 1833 1896 Primitivos
1877 1827 2131 1889 Ecclesia:

553 1933 718 1997 Asiae,
744 1930 875 1987 istos
912 1941 1100 1987 omnes
1142 1938 1275 1999 quos
1303 1924 1529 1990 salutat,
1560 1920 1907 1990 intelligimus
1935 1934 2001 1991 ex
2034 1934 2131 1974 no-

552 2021 788 2076 minibus
825 2019 985 2073 luisse
1022 2015 1333 2087 peregrinos
1378 2033 1391 2071 :
1434 2030 1530 2085 per
1568 2029 1796 2085 quorum
1828 2015 2130 2085 exemplum

545 2124 710 2182 atque
747 2109 1084 2173 doctrinam,
1122 2123 1233 2167 non
1275 2107 1507 2175 absurde
1547 2106 1921 2173 exutimamus
1958 2105 2133 2167 credi-

545 2204 692 2259 disse
732 2206 1024 2261 Ronanos.

618 2296 860 2357 Salutate
892 2295 1246 2355 Andronicum
1269 2300 1315 2353 et
1346 2289 1558 2353 Iuniam
1584 2300 1847 2364 cognatos,
1874 2300 1924 2346 et
1947 2306 2134 2361 coaeq-

546 2392 711 2459 ptivos
738 2405 877 2447 meos
909 2388 1041 2459 :gui
1068 2395 1188 2445 sunt
1220 2385 1410 2443 nobiles
1438 2385 1492 2441 iu
1531 2384 1795 2455 apostolis,
1833 2384 1925 2455 qui
1948 2393 1996 2445 et
2017 2394 2133 2455 aute

545 2502 624 2545 me
650 2486 859 2563 {uerunt
885 2484 942 2541 in
968 2480 1173 2541 Christo
1211 2480 1358 2545 Jesu.
1401 2480 1638 2539 Salutate
1668 2477 2005 2551 Ampliatum,
2048 2480 2132 2539 di-

546 2578 880 2637 lectissimum
916 2576 1044 2630 mitti
1081 2576 1135 2629 in
1164 2572 1410 2629 Domino.
1452 2572 1692 2629 Salutate
1721 2571 2006 2640 Urbanum,
2039 2572 2134 2639 ad-

539 2673 769 2742 jutorem
797 2678 1027 2722 nostrum
1055 2668 1107 2722 in
1130 2666 1332 2722 Christo
1352 2664 1516 2720 Jesu:
1545 2675 1592 2720 et
1617 2665 1867 2736 Stacltyu,
1890 2664 2134 2725 dilectum

547 2778 731 2823 meum.
767 2759 1008 2816 Salutate
1036 2760 1271 2829 Apellen,
1304 2758 1521 2829 probum
1557 2758 1611 2813 in
1640 2756 1863 2820 Christo.
1899 2756 2135 2813 Salutate

547 2868 655 2918 eos,
671 2850 760 2921 qui
780 2860 900 2913 sunt
920 2867 983 2906 ea:
1000 2849 1281 2909 Aristobuli
1302 2850 1474 2904 domo.
1500 2848 1742 2917 Salutate
1763 2849 2130 2917 Herodiouem,

551 2951 826 3011 cognatum
869 2957 1060 2995 meum.
1105 2939 1348 3001 Salutate
1389 2958 1474 2996 eos
1509 2942 1599 3013 qui
1635 2952 1755 3005 sunt
1793 2958 1856 3011 ea
1904 2941 2137 3001 Narcisii

550 3032 725 3099 domo,
767 3032 854 3101 qui
886 3041 1005 3085 sunt
1040 3031 1096 3084 in
1133 3027 1375 3088 Domina.
1420 3030 1657 3099 Salutate
1695 3032 2056 3103 Triphamam,
2085 3042 2132 3089 et

2232 1825 2438 1895 cognati
2478 1823 2597 1877 mei.
2630 1822 2814 1878 Saluto
2842 1838 2927 1876 vos
2966 1839 3057 1892 ego
3092 1821 3321 1886 Tertius,
3353 1823 3438 1895 qui
3468 1823 3648 1894 scripsi
3679 1821 3812 1894 Ερᾴν

2230 1920 2415 1989 stolam
2452 1919 2590 1983 hanc
2613 1962 2628 1986 ,
2657 1920 2710 1975 in
2740 1918 2986 1987 Domino.
3023 1918 3233 1987 Salutat
3270 1934 3359 1973 vos
3402 1916 3589 1987 Cuius,
3634 1916 3816 1991 hospes

2230 2028 2395 2077 meus,
2421 2020 2467 2067 et
2498 2012 2733 2067 universa
2758 2010 3010 2077 Ecclesia.
3038 2008 3172 2089 Quia
3202 2009 3344 2069 bona
3369 2018 3452 2069 est
3484 2006 3812 2081 obedientia,

2234 2103 2331 2161 sed
2370 2103 2418 2161 si
2459 2102 2792 2173 rationabilis
2836 2100 2907 2159 sit
2947 2119 2961 2155 :
3007 2110 3061 2160 et
3096 2100 3218 2161 ideo
3260 2100 3381 2163 volo
3426 2115 3525 2159 vos
3550 2099 3815 2179 sapientes

2230 2212 2354 2255 esse
2405 2195 2458 2267 in
2510 2195 2682 2264 bono,
2722 2204 2787 2261 ut
2836 2196 3037 2253 malum
3080 2195 3413 2269 nescientes,
3454 2193 3555 2251 sub
3593 2192 3816 2264 pedibus

2236 2289 2555 2345 innocentia:
2584 2286 2865 2357 deponatis
2891 2286 3185 2355 inimicum.
3212 2285 3288 2345 ita
3317 2285 3460 2349 enim
3491 2283 3637 2349 dedit
3661 2284 3816 2345 nobis

2233 2381 2491 2437 Dominus
2519 2389 2838 2453 potestatem
2864 2378 3107 2447 calcandi
3132 2394 3295 2451 super
3316 2379 3622 2449 scorpiones
3648 2388 3813 2445 atque

2228 2485 2532 2546 serpentes,
2571 2484 2625 2531 et
2665 2488 2885 2547 omnem
2920 2471 3178 2541 virtutem
3220 2472 3420 2529 inimici
3452 2489 3466 2527 :
3496 2469 3549 2525 id
3587 2478 3690 2538 est,
3738 2484 3811 2535 ne

2232 2570 2392 2631 nobis
2421 2568 2735 2645 praevaleat,
2766 2577 2819 2623 et
2844 2566 3100 2637 omnibus
3127 2581 3288 2637 super
3316 2582 3434 2623 eum
3463 2563 3721 2631 membris
3748 2562 3813 2621 li-

2232 2660 2379 2717 beris
2404 2675 2468 2716 ac
2492 2660 2682 2715 solutis
2714 2658 2988 2723 ambulare
3017 2658 3311 2730 possimus.

2306 2753 2515 2809 Salutat
2552 2769 2639 2807 vos
2667 2752 2884 2807 Erastus
2915 2736 3150 2807 arcarius
3190 2751 3453 2813 civitatis:
3495 2766 3543 2809 et
3574 2749 3814 2819 Quartus

2234 2848 2413 2919 frater.
2448 2845 2546 2907 Hic
2587 2844 2854 2903 arcarium
2899 2860 2967 2901 ex
3010 2844 3225 2903 arcario
3256 2842 3427 2899 dicit:
3459 2841 3597 2913 sicut
3632 2851 3814 2919 gentes

2233 2941 2524 3011 credentes
2555 2954 2620 2994 ex
2652 2938 2902 3011 gentibus
2929 2952 3069 3007 Str-pe
3096 2933 3327 3003 vocavit,
3360 2933 3657 2990 secundum
3688 2948 3813 2987 con-

2235 3034 2574 3093 suetudinem
2600 3032 2757 3111 legis,
2785 3049 2904 3103 quae
2932 3029 3163 3102 Abigail,
3192 3043 3416 3087 uxorem
3442 3028 3611 3091 Nabal
3640 3028 3811 3089 adhuc

551 3122 894 3197 Tryphosam,
922 3139 1036 3197 quia
1065 3121 1302 3178 laborant
1332 3124 1385 3177 in
1408 3123 1651 3187 Domino.
1684 3122 1925 3193 Salutate
1954 3124 2132 3181 Persi-
2154 3123 2203 3190 Ο
2233 3128 2485 3200 appellat,
2537 3143 2659 3183 cum
2703 3128 2813 3197 jam
2860 3127 2951 3181 illo
2982 3136 3194 3180 mortuo
3224 3124 3278 3179 in
3317 3123 3485 3185 David
3534 3123 3809 3185 matrimo-

551 3217 668 3289 detn
708 3214 1085 3285 charissimam,
1125 3232 1239 3289 qua:
1280 3217 1495 3285 multum
1537 3216 1857 3273 laborauitiu
1886 3216 2129 3287 Domino.

552 3308 789 3381 Salutate
824 3309 1045 3381 Rufum,
1083 3309 1297 3365 electum
1330 3310 1386 3364 in
1411 3307 1637 3379 Domino
1664 3326 1684 3365 :
1711 3320 1756 3364 et
1785 3321 1995 3366 matrem
2022 3314 2133 3385 ejus

553 3414 601 3456 et
628 3418 814 3456 meam.
847 3401 1057 3468 rEtate,
1085 3418 1195 3457 non
1237 3412 1393 3471 partu
1438 3409 1663 3456 matrem
1692 3402 1943 3473 salutate.
1974 3402 2039 3461 Hi
2066 3418 2132 3459 ex

549 3494 755 3565 Judzeis
797 3504 953 3551 erant
973 3535 988 3564 ,
1018 3504 1077 3565 et
1118 3496 1243 3567 quia
1272 3495 1432 3565 simul
1460 3511 1581 3551 cum
1609 3496 1776 3553 Paulo
1802 3496 2011 3552 fuerant
2041 3498 2132 3551 tri-

550 3587 716 3659 bulati
738 3626 753 3652 ,
798 3602 898 3655 nec
929 3585 1103 3642 territi
1146 3604 1162 3641 :
1207 3585 1333 3655 ideo
1379 3586 1587 3643 nobiles
1617 3588 1718 3643 hoc
1748 3588 1941 3645 merito
1968 3587 2135 3645 babe-

550 3681 777 3753 bantur,
802 3680 893 3751 qui
922 3680 989 3749 ad
1017 3680 1315 3753 proiectum
1342 3680 1707 3738 Romanorum
1734 3681 1880 3737 inter
1906 3692 2133 3739 caeteros

552 3772 773 3844 fuerant
815 3772 1093 3845 destinati,
1137 3776 1335 3845 quique
1372 3774 1588 3847 priores
1615 3774 1784 3832 Paulo
1812 3774 2129 3846 credidisse,

555 3864 725 3933 ipsius
755 3863 1062 3918 testimonio
1092 3862 1418 3921 referuntur.

626 3956 865 4015 Salutate
894 3958 1246 4031 Asynoritum,
1269 3954 1633 4031 Phleqoutem,
1655 3957 1925 4027 Hermum,
1947 3957 2135 4015 Patro-

554 4050 692 4118 baut,
735 4049 994 4123 Hermeu,
1027 4061 1075 4109 et
1109 4052 1196 4120 qui
1232 4067 1347 4105 cum
1376 4052 1447 4106 eis
1488 4062 1605 4109 sunt
1645 4054 1855 4125 fratres.
1897 4053 2134 4113 Salutate

550 4144 889 4219 Philologum
928 4153 975 4213 et
1011 4143 1231 4221 Juliaut,
1276 4144 1503 4200 Nereum
1546 4156 1595 4202 et
1638 4163 1865 4203 sororem
1905 4147 2043 4221 ejus,
2086 4155 2135 4201 et

555 4238 911 4309 Olympiadem
945 4253 965 4291 :
990 4248 1036 4292 et
1066 4255 1237 4292 omnes
1269 4240 1356 4308 qui
1386 4255 1501 4293 cum
1529 4240 1600 4293 eis
1630 4248 1751 4293 sunt
1777 4249 1998 4292 sanctos.
2025 4239 2133 4293 Suo

550 4332 797 4401 exemplo
838 4346 936 4385 nos
976 4331 1136 4387 docet
1172 4332 1364 4401 quales
1391 4332 1593 4389 aulicos
1633 4331 1922 4387 debeamus
1952 4329 2007 4384 in
2040 4346 2135 4383 ttu-

550 4424 677 4480 stris
700 4424 894 4480 litteris
933 4425 1165 4479 salutare
1195 4442 1207 4477 :
1240 4440 1345 4480 non
1385 4423 1579 4479 divites
1622 4422 1833 4488 saeculi,
1868 4423 2135 4477 facultati-

2237 3223 2385 3279 nium
2412 3222 2716 3281 transisset.

2308 3312 2489 3367 Gratia
2514 3312 2724 3368 Domini
2758 3311 2920 3369 nostri
2947 3304 3074 3375 Iesu
3102 3308 3293 3367 Christi
3321 3326 3438 3381 cum
3468 3309 3702 3369 omnibus
3731 3325 3814 3367 vo-

2238 3408 2334 3463 bis.
2368 3406 2550 3461 Amen.
2586 3407 2710 3462 llaec
2739 3417 2821 3473 est
2850 3403 3178 3474 subscriptio
3206 3418 3398 3461 utanus
3422 3403 3537 3491 eius
3568 3404 3620 3458 in
3651 3402 3814 3465 omni-

2236 3498 2339 3558 bus
2367 3500 2647 3572 Epistolis,
2679 3510 2739 3559 ut
2780 3501 2834 3557 in
2863 3515 2927 3557 ea
2956 3501 3116 3559 etiam
3149 3510 3515 3573 commoneret
3553 3499 3811 3556 beneﬁcia

2236 3594 2463 3651 Christi.

2306 3685 2376 3740 Ei
2395 3695 2569 3743 autem
2589 3688 2675 3759 qui
2700 3697 2878 3763 potens
2900 3695 2975 3747 est
2998 3704 3083 3753 vos
3106 3687 3429 3759 conﬁrmare.
3454 3686 3629 3759 Signis
3654 3695 3813 3773 atque

2237 3780 2518 3837 doctrinis.
2550 3780 2684 3836 Item
2724 3781 2810 3836 hic
2840 3779 3014 3835 Patris
3060 3795 3347 3849 personam
3395 3789 3676 3835 monstrat.
3713 3779 3815 3863 De—

2238 3872 2502 3933 scendens
2532 3880 2711 3928 autem
2742 3870 2892 3941 dicit,
2920 3869 3323 3931 manifeStatum
3354 3870 3493 3933 hunc
3527 3884 3626 3941 per
3662 3868 3812 3925 Scri-

2237 3975 2423 4034 pturas
2455 3961 2793 4034 prOpheticas
2816 3961 3107 4035 secundum
3139 3962 3418 4035 imperium
3450 3950 3637 4021 aeterni
3670 3958 3765 4017 Dei
3796 3977 3812 4020 :

2239 4058 2495 4129 Spiritum
2526 4066 2771 4113 sanctum
2813 4056 3102 4135 signiﬁcat.
3132 4053 3266 4123 item
3307 4052 3502 4108 infert:
3528 4049 3817 4124 Cognitum

2238 4162 2324 4205 est
2353 4150 2453 4206 soli
2482 4150 2707 4221 sapienti
2742 4149 2850 4205 Deo
2880 4165 2974 4218 per
2997 4147 3271 4205 Christum
3294 4144 3499 4214 Jesum,
3532 4148 3616 4200 cui
3650 4145 3813 4216 gloria

2239 4242 2293 4303 in
2327 4243 2539 4298 saecula.
2577 4242 2685 4296 lloc
2713 4241 2832 4297 loco
2867 4239 3077 4296 Patrem
3110 4250 3165 4295 et
3194 4237 3389 4294 Filium
3424 4236 3702 4295 manifeste
3731 4238 3811 4295 lo-

2240 4336 2443 4409 quitur.
2470 4334 2621 4404 Quod
2651 4345 2828 4389 autem
2851 4332 2983 4389 dicit
3008 4352 3020 4386 :
3046 4333 3329 4407 Cognitum
3352 4343 3436 4389 est
3459 4332 3556 4388 soli
3584 4329 3815 4403 sapienti

2241 4431 2353 4484 Deo
2378 4446 2392 4484 :
2422 4430 2473 4483 in
2504 4427 2773 4483 communi
2801 4442 3047 4498 munere,
3096 4427 3338 4499 mysterii
3370 4424 3639 4501 signiﬁcat
3665 4422 3817 4480 trini-

548 4516 671 4585 bus,
716 4518 799 4571 vel
838 4515 1190 4586 dignitatibus
1232 4517 1527 4572 honoratos
1559 4534 1571 4569 :
1605 4514 1702 4571 sed
1738 4516 1911 4587 gratia
1938 4530 2001 4571 ac
2028 4516 2132 4572 ﬁde
2157 4521 2211 4599 D
2242 4533 2428 4575 tatem.

548 4604 890 4676 locupletem;

621 4699 857 4754 Salutate
885 4700 1100 4754 invicem
1128 4699 1181 4753 in
1202 4700 1378 4755 osculo
1404 4708 1606 4755 sancto.
1636 4699 1880 4755 Salutant
1909 4716 1995 4755 vos
2019 4718 2129 4756 om-

546 4808 635 4847 nes
679 4791 922 4847 Ecclesia:
966 4791 1179 4861 Christi.
1227 4792 1343 4848 Non
1393 4794 1539 4862 ﬁcte,
1573 4792 1656 4849 vel
1689 4794 1938 4863 subdole,
1970 4795 2130 4865 quale

544 4890 710 4944 Judas
744 4889 963 4944 tradidit
1002 4888 1288 4947 Salvatori.
1334 4887 1459 4943 Ideo
1498 4889 1642 4944 enim
1674 4890 1726 4945 in
1758 4888 1999 4945 Ecclesia
2029 4906 2128 4961 pax

546 4980 723 5048 primo
768 4981 1116 5035 annuntiatur
1158 4997 1173 5033 :
1218 4990 1275 5034 nt
1321 4980 1571 5036 ostendat
1616 4996 1675 5037 se
1717 4995 1839 5038 cum
1882 4982 2130 5038 omnibus

546 5088 666 5124 esse
723 5071 1039 5140 paciﬁcum,
1091 5075 1180 5145 qui
1233 5072 1450 5145 corpori
1502 5073 1999 5130 communicaturus
2048 5085 2132 5130 est

546 5164 770 5219 Christi.

617 5260 763 5331 Rogo
785 5267 955 5313 autem
971 5277 1076 5333 vos,
1103 5260 1311 5332 fratres,
1334 5266 1390 5314 ut
1411 5260 1677 5317 observetis
1698 5276 1802 5327 eos,
1828 5262 1913 5333 qui
1934 5261 2131 5317 dissen—

536 5359 727 5425 siones,
753 5368 800 5412 et
817 5354 1127 5424 oﬁendicula
1150 5367 1337 5429 printer
1363 5357 1671 5425 doctrinam,
1704 5374 1858 5429 quam
1880 5375 1962 5412 ros
1985 5358 2123 5412 didi-

534 5452 696 5517 cistis,
728 5454 942 5523 faciunt,
975 5460 1023 5507 et
1045 5452 1294 5507 declinate
1322 5451 1384 5504 ab
1416 5450 1541 5507 illis.
1569 5451 1947 5524 Hujuscemadi
1978 5454 2117 5507 enim

534 5540 735 5597 Christo
780 5543 999 5597 Domino
1037 5554 1215 5599 nostro
1258 5560 1362 5597 non
1398 5545 1654 5607 serviunt,
1685 5544 1776 5597 sed
1813 5560 1905 5598 suo
1936 5547 2117 5600 uentri.

534 5633 612 5687 De
642 5636 746 5692 illis
774 5638 925 5701 dicit,
949 5642 1039 5708 qui
1083 5654 1151 5694 ex
1180 5637 1595 5694 circumcisione
1632 5638 1723 5693 illo
1746 5649 1987 5709 tempore
2028 5655 2123 5696 ve-

532 5738 751 5796 nerunt,
779 5730 983 5801 jejunis
1014 5742 1068 5788 et
1095 5731 1476 5792 abstinentiam
1506 5731 1872 5801 destruentes,
1901 5750 2116 5795 neomc-

2308 4613 2473 4669 Juxta
2510 4612 2846 4687 Evangelium
2894 4630 3080 4680 meum,
3129 4622 3177 4668 et
3222 4612 3642 4686 prazdicationem
3694 4606 3816 4667 Iesu

2238 4706 2452 4764 Christi.
2484 4705 2551 4763 Ut
2588 4707 2666 4761 sic
2704 4707 2915 4772 vivatis,
2962 4709 3235 4779 quomodo
3264 4724 3365 4783 ego
3396 4705 3601 4765 Christi
3639 4721 3819 4765 exem-

2241 4804 2353 4875 plo,
2384 4802 2783 4858 etauctoritate
2803 4802 3053 4872 gentibus
3082 4803 3393 4875 prmdicavi.

2316 4894 2612 4951 Secundum
2640 4896 2999 4951 reuelationem
3023 4896 3269 4966 mysterii.
3298 4894 3608 4963 Mysterium
3635 4884 3704 4949 de
3723 4908 3816 4947 vo-

2240 4988 2454 5043 catione
2476 4988 2846 5044 universarum
2874 4987 3112 5059 gentium
3141 4991 3189 5043 in
3217 4986 3358 5055 Lege
3384 4983 3475 5039 diu
3522 4986 3698 5055 fuerat
3722 5000 3813 5049 oc-

2240 5081 2526 5148 cultatum,
2577 5079 2718 5153 quod
2751 5098 2891 5137 nunc
2932 5097 3028 5154 per
3056 5081 3273 5136 Paulum
3304 5076 3583 5132 evidenter
3612 5079 3815 5159 patefa-

2239 5185 2387 5229 ctum
2420 5182 2502 5230 est
2526 5170 2871 5245 Evangelium
2904 5162 2953 5230 in
2983 5172 3197 5229 Christo
3225 5187 3321 5245 per
3347 5169 3654 5227 testimonia
3688 5169 3813 5229 Pro-

2246 5269 2571 5337 phetarum:
2624 5269 2745 5339 quia
2793 5269 3035 5341 quamvis
3064 5266 3130 5323 de
3176 5263 3425 5341 gentibus
3466 5275 3595 5322 ante
3647 5266 3811 5333 multa

2238 5361 2504 5419 dixisset:
2539 5372 2717 5418 tamen
2766 5363 3035 5433 quomodo
3064 5372 3116 5418 et
3158 5360 3209 5416 in
3258 5358 3472 5417 Christo
3514 5374 3681 5414 unum
3727 5360 3812 5415 tie-

2236 5464 2390 5521 rent,
2420 5463 2473 5509 et
2498 5452 2665 5508 Judaei
2685 5495 2699 5519 ,
2729 5469 2888 5509 nemo
2935 5464 3042 5511 tam
3075 5466 3259 5528 aperte
3287 5461 3638 5523 cognoverat.
3680 5450 3808 5508 Exi-

2232 5548 2458 5601 stimare
2487 5546 2630 5599 enim
2655 5556 2905 5614 poterant
2926 5550 3187 5620 quosdam
3214 5547 3281 5604 ad
3305 5546 3461 5604 ﬁdem
3490 5545 3642 5618 quasi
3664 5560 3811 5618 pros-

2236 5638 2416 5711 elytos
2448 5634 2832 5692 admittendos.

2308 5728 2642 5801 Temporibus
2672 5729 2873 5786 cateruis
2900 5732 3065 5802 taciti,
3095 5732 3231 5804 quod
3253 5749 3388 5791 nunc
3412 5736 3727 5808 patefacutm
3744 5739 3811 5791 est
