4030 6202
280 213 384 274 717

844 249 851 257 -
903 216 1444 278 COMMENTARIBS
1481 218 1549 277 IN
1584 218 1970 280 EHSMAM
2008 221 2031 280 l
2078 221 2170 281 AD
2207 219 2634 280 CORlNTHIOS.
2670 220 2826 278 CAP.
2864 221 2906 277 l.

3336 224 3531 283 ’ΉΒ

276 352 371 406 per
395 335 695 407 Scriptura:
715 334 1113 405 Prnpltetarum.
1131 337 1470 396 Descendens
1489 346 1667 393 autem
1698 337 1852 405 dicit,
1879 339 1935 398 A
1959 338 2107 399 boni.
2144 337 2226 393 vel
2258 338 2534 403 sapientes
2559 350 2684 394 esse
2716 349 3043 406 possumus:
3078 335 3168 395 ille
3193 346 3406 395 natura.
3433 338 3531 394 Cui

273 430 401 501 quid
428 439 509 486 est
538 431 883 499 patefactum.

349 524 645 579 Secundum
682 534 991 596 proruptum
1028 527 1213 581 tetsrni
1238 525 1354 581 Dei.
1388 526 1652 597 Pracepit
1689 526 1848 593 Deus,

275 625 334 667 nt
364 631 553 673 omnes
576 628 769 689 gentes
790 620 1066 685 obediant,
1091 629 1144 675 et
1170 620 1342 677 Deum
1365 629 1684 692 agnoscant,
1710 620 1852 692 quod

271 704 512 763 futurum
542 709 871 782 quandoque
898 710 1048 767 solus
1068 719 1197 767 ante
1214 712 1440 780 sciebat,
1468 711 1561 783 qui
1583 712 1733 769 solus
1750 727 1850 768 na-

270 801 521 857 turaliter
545 802 783 873 sapiens,
816 804 960 859 sicut
1004 804 1323 860 naturaliter
1361 804 1575 861 bonus:
1608 820 1729 860 cum
1774 815 1856 860 ta-

1958 445 2056 501 per
2081 428 2264 484 Jesum
2293 425 2567 483 Christum
2597 428 2769 498 gloria
2803 440 2863 487 et
2897 427 3073 485 honor
3101 428 3157 483 in
3201 430 3401 489 sarcula
3429 446 3532 486 sa:-

1951 523 2217 581 culorum.

2024 616 2105 670 Ad
2134 614 2475 672 obeditionem
2500 616 2621 685 ﬁdei
2645 616 2702 671 in
2743 615 2939 671 cunctis
2972 616 3226 686 gentibus.
3264 616 3521 688 Spiritum

1953 718 2200 771 sanctum
2226 708 2512 779 signiﬁcat.
2545 707 2677 764 Item
2710 708 2909 764 infert:

2026 800 2228 872 Cognili
2254 800 2351 855 soli
2377 802 2601 870 sapienti
2632 799 2740 855 Deo
2770 818 2859 871 per
2889 801 3070 857 Iesum
3095 801 3361 857 Christum
3386 818 3405 860 :
3432 802 3528 858 Cui

268 906 420 961 men,
461 899 519 950 et
546 892 711 950 homo
740 892 958 951 dicatur
994 894 1193 961 bonus,
1237 893 1335 953 sed
1380 908 1483 951 nos
1508 894 1855 951 institutione
1956 893 2125 949 honor
2154 902 2202 955 et
2225 892 2394 965 gloria
2420 893 2475 947 in
2496 893 2685 948 alecula
2712 894 3036 950 saeculorum
3065 894 3246 951 Amen.

670 1186 795 1269 IN
865 1182 1335 1269 PRIMAM
1408 1181 2064 1268 EPISTOLAM
2138 1180 2301 1263 AD
2373 1178 3126 1273 COBINTHIOS.

771 1461 1003 1521 CAPUT
1039 1463 1328 1523 PRIMUM.

339 1552 564 1609 Paetus.
593 1554 814 1625 Paulus,
846 1557 989 1628 quod
1020 1573 1216 1614 nomen
1248 1558 1516 1630 praeponit
1542 1557 1597 1614 in
1627 1558 1842 1629 Episto-

2025 1460 2160 1529 Qltia
2186 1462 2240 1517 in
2268 1462 2507 1519 omnibus
2530 1463 2712 1519 diuites
2742 1465 2869 1534 facti
2890 1467 3017 1520 estis
3038 1467 3099 1520 in
3124 1466 3231 1522 illo.
3270 1466 3324 1522 In
3352 1469 3529 1523 omni-

1947 1549 2051 1606 bus
2072 1552 2382 1619 virtutibus,
2412 1569 2509 1624 per
2535 1555 2880 1622 sapientiam,
2913 1571 3035 1625 qua:
3073 1558 3277 1615 amicos
3308 1558 3422 1625 Dei,
3475 1569 3531 1612 et

245 1646 347 1712 lis,
376 1649 715 1705 auctoritatis
742 1666 871 1706 esse
893 1653 1250 1709 noscendum.
1275 1653 1407 1709 item
1433 1654 1621 1709 aliter:
1646 1654 1843 1709 Paulus
1872 1638 1920 1701 Β
1945 1642 2243 1713 Prophetas
2265 1647 2565 1704 constituit.
2589 1647 2721 1705 Item
2743 1648 2901 1704 aliter
2927 1667 2939 1701 :
2970 1649 3086 1705 Hoc
3112 1650 3360 1717 dicendo,
3388 1650 3532 1721 Apo-

242 1741 558 1807 apostolus,
585 1751 917 1798 connectens
952 1744 1008 1799 in
1048 1745 1284 1813 Epistola
1326 1744 1555 1799 lratrum
1600 1745 1837 1809 nomine.

253 1833 357 1888 vel
396 1833 759 1890 humilitatem
795 1852 948 1890 suam
980 1837 1270 1908 signiﬁcat,
1317 1838 1405 1892 vel
1434 1848 1841 1908 cooperator-em

242 1940 384 1982 esse
410 1941 535 1981 eum
563 1927 878 1995 apostolicae
906 1929 1312 1997 praedicationis
1336 1930 1595 1986 ostendit.

338 2018 561 2073 Vacalus
588 2018 863 2090 Apostolus
894 2018 1023 2075 Jesu
1042 2020 1258 2089 Christi,
1280 2038 1370 2091 per
1388 2022 1700 2077 voluntatem
1722 2019 1839 2075 Dei.

247 2109 553 2166 Voluntate
584 2111 683 2166 Dei
725 2121 950 2167 vocatur
979 2114 1211 2185 quisque
1252 2114 1323 2168 ad
1370 2114 1552 2181 tidem,
1604 2113 1699 2170 sed
1748 2128 1844 2169 sua

243 2214 478 2272 sponte,
508 2211 571 2256 et»
592 2216 693 2256 suo
718 2203 946 2259 arbitrio
974 2204 1147 2259 credit
1174 2222 1191 2258 :
1220 2206 1363 2261 sicut
1390 2207 1469 2262 ait
1494 2207 1547 2260 in
1578 2205 1840 2261 Actibus:

242 2311 373 2352 non
400 2294 479 2349 lui
507 2296 817 2351 incredulus
848 2298 1061 2353 caelesti
1089 2299 1310 2353 visioni.

278 2410 283 2415 τ
324 2385 401 2440 Et
446 2386 753 2450 Sosthenes.
781 2394 945 2459 frater
970 2389 1218 2447 Ecclesia:
1256 2391 1374 2447 Dei.
1406 2392 1615 2457 Frater,
1648 2389 1840 2461 inquit,

238 2495 365 2535 non
394 2480 690 2549 apostolus.
734 2480 887 2535 "Illic
917 2492 1099 2536 autem
1130 2483 1337 2538 idcirco
1378 2497 1565 2539 secum
1596 2482 1841 2538 scriben-

246 2581 376 2626 tem
417 2570 663 2626 inducit:
694 2573 822 2642 qnia
858 2587 924 2627 ex
964 2574 1098 2643 ipsis
1146 2572 1335 2629 doctor
1376 2583 1488 2641 est,
1519 2582 1573 2630 ct
1617 2588 1717 2644 pro
1760 2572 1845 2633 his

241 2663 419 2719 valde
448 2662 739 2718 sollicitus.

331 2754 465 2820 Qua:
494 2764 567 2808 est
594 2753 847 2809 Corinthi.
879 2755 1145 2825 Ostendit,
1173 2759 1263 2829 qui
1294 2767 1422 2815 sunt
1449 2758 1693 2814 Ecclesia
1722 2757 1843 2822 Dei,

239 2845 429 2900 sancti
472 2845 679 2900 scilicet
709 2856 765 2901 et
813 2848 1142 2903 inmaculati
1170 2867 1182 2902 :
1214 2848 1341 2919 quia
1392 2849 1632 2904 Ecclesia
1673 2864 1845 2918 neque

241 2936 527 2993 maculam
560 2936 743 3002 habet,
796 2955 975 3011 neque
1020 2956 1229 3011 rugam,
1259 2954 1311 2995 et
1365 2941 1488 2996 ideo
1536 2941 1622 2995 his
1660 2941 1849 2995 scribit

1946 1739 2118 1795 stolas
2146 1739 2387 1795 ostendit
2409 1754 2527 1804 eos,
2556 1741 2770 1810 quando
2798 1740 2864 1795 ad
2889 1740 3053 1795 ﬁdem
3067 1740 3264 1796 Christi
3288 1755 3533 1801 accesse-

1943 1838 2108 1898 runt,
2160 1831 2307 1886 omni
2352 1830 2520 1901 gratia
2566 1841 2693 1887 tunc
2739 1832 2975 1888 ditatus:
3009 1848 3152 1889 nunc
3190 1846 3373 1895 autem
3420 1851 3527 1890 non

1940 1920 2099 1989 juxta
2122 1920 2279 1979 tidem
2303 1930 2713 1989 conversantes,
2733 1923 3103 1985 vacuefactam
3127 1935 3396 1987 monsuat
3417 1942 3532 1998 gra-

1943 2015 2095 2078 tiam,
2128 2028 2292 2084 quam
2330 2022 2711 2084 perceperunt.

2020 2104 2089 2160 In
2117 2107 2254 2161 ωηιιὶ
2278 2107 2427 2162 verbo
2456 2116 2506 2162 et
2524 2107 2581 2162 in
2609 2107 2750 2165 omni
2780 2106 3015 2165 scientia.
3044 2106 3105 2169 Id
3134 2116 3238 2176 est,
3283 2118 3526 2183 nontam

1942 2198 2069 2255 novi
2101 2212 2262 2268 quam
2292 2198 2492 2257 veteris
2521 2198 2877 2255 Testamenti.

2015 2288 2163 2345 Sicut
2186 2288 2535 2349 testimonium
2559 2287 2754 2346 Christi
2777 2290 3149 2357 conﬁrmatum
3195 2292 3349 2346 estin
3369 2292 3525 2348 vobis.

1942 2379 2334 2436 Testimonium
2361 2398 2473 2452 quo
2493 2382 2569 2439 ait
2599 2400 2609 2435 :
2640 2382 2828 2438 Omnis
2852 2382 3029 2438 scriba
3058 2383 3250 2441 doctus
3278 2385 3329 2438 in
3358 2400 3523 2455 regno

1944 2473 2209 2533 cmlorum
2239 2475 2431 2531 similis
2458 2484 2542 2530 est
2570 2473 2775 2530 homini
2817 2475 3216 2543 patrifamilias,
3260 2477 3351 2547 qui
3403 2492 3528 2546 pro-

1944 2564 2048 2627 iert
2068 2567 2135 2622 de
2166 2566 2422 2623 thesauro
2450 2581 2549 2623 suo
2575 2582 2711 2622 nova
2739 2574 2795 2620 et
2824 2576 3029 2622 vetera.
3322 2640 3323 2643 η

2018 2656 2106 2713 Ιια
2133 2668 2191 2713 ut
2217 2658 2348 2714 nihil
2371 2661 2511 2715 vobis
2534 2660 2665 2715 desit
2687 2661 2740 2712 in
2768 2660 2881 2713 ulla
2906 2660 3095 2730 gratia.
3127 2660 3285 2718 Unde
3321 2664 3397 2721 ait
3422 2663 3523 2718 Sa-

1945 2750 2129 2809 lomon
2154 2767 2171 2804 :
2200 2750 2475 2809 Venerunt
2506 2750 2638 2807 mihi
2665 2751 2842 2806 omnia
2871 2751 3011 2807 bona
3040 2754 3241 2823 pariter
3269 2769 3391 2810 cum
3409 2754 3520 2821 illa,

1947 2839 2001 2895 id
2029 2849 2133 2905 est,
2163 2855 2283 2896 cum
2311 2841 2596 2911 sapientia.

2019 2932 2449 3005 Expectantibus
2493 2934 2861 2990 reuelationem
2913 2933 3129 2999 Domini
3181 2939 3342 2993 nostri
3392 2938 3521 2999 Jesu

242 3028 353 3097 qui
382 3030 645 3098 integram
677 3029 852 3086 adhuc
880 3034 1194 3097 semitam,
1221 3049 1333 3087 ηοη
1363 3034 1457 3102 qui
1494 3032 1843 3102 perdiderunt
1870 3024 1921 3087 C
1947 3022 2161 3079 Christi.
2190 3024 2290 3079 Ille
2312 3041 2437 3081 vere
2463 3035 2741 3096 exspectat
2766 3026 3057 3083 adventum
3083 3027 3305 3095 Christi,
3338 3030 3428 3100 qui
3463 3032 3515 3084 in

243 3122 623 3176 sanctitatem.
656 3122 785 3176 Nam
820 3125 951 3179 istos
980 3126 1208 3179 honorat
1251 3127 1463 3191 litteris,
1495 3127 1615 3180 illos
1656 3136 1841 3181 aucto-

241 3217 419 3270 ritate
450 3216 816 3270 commendat.

330 3307 689 3376 Sancti/iratis
715 3309 773 3364 in
814 3306 1018 3364 Clu-isto
1053 3308 1201 3377 Iesu,
1245 3312 1439 3366 vocans
1474 3313 1685 3367 sanctis.
1733 3310 1839 3366 Per

237 3400 563 3470 baptismum
589 3402 943 3467 sanctiﬁcatis.
970 3401 1099 3457 Cum
1118 3403 1347 3457 omnibus
1359 3407 1451 3475 qui
1478 3404 1721 3458 invocant
1738 3420 1834 3459 uo-

237 3507 367 3546 metr
385 3490 601 3557 Domini
622 3489 752 3546 ,σωκ
777 3491 988 3547 Christi.
1017 3493 1246 3563 Proprie
1275 3494 1617 3550 sacerdotum
1646 3504 1732 3551 est
1753 3495 1835 3550 in-

234 3600 448 3640 vocare
498 3584 825 3647 Dominum:
865 3586 1071 3654 Quibus
1117 3587 1349 3643 dicitur:
1394 3588 1484 3644 Sic
1532 3587 1836 3644 benedicite

241 3680 377 3735 ﬁliis
400 3679 588 3746 lsrael,
627 3680 945 3735 invocantes
976 3694 1177 3736 nomen
1204 3696 1383 3736 meum
1405 3696 1569 3751 super
1595 3682 1737 3736 illos.
1767 3681 1837 3737 Et

238 3772 538 3828 Psalmista
568 3772 738 3829 dicit:
774 3774 839 3829 Et
863 3773 1087 3830 Samuel
1139 3776 1284 3829 inter
1325 3789 1424 3830 eos
1450 3774 1541 3843 qui
1584 3775 1836 3830 invocant

238 3880 446 3920 nomen
495 3866 630 3933 ejus.
665 3865 835 3933 Quem
866 3866 1204 3921 sacerdotem
1247 3867 1417 3922 fuisse
1455 3866 1547 3920 illa
1585 3882 1674 3922 res
1704 3882 1831 3937 pro-

235 3957 336 4013 bat
363 3976 377 4011 :
411 3956 540 4025 quia
565 3966 621 4011 et
639 3958 904 4013 sacerdoti
934 3958 1216 4020 successit,
1240 3966 1293 4012 et
1318 3957 1522 4012 hostias
1548 3956 1829 4013 oﬂ‘erebat.

238 4052 321 4106 De
347 4064 460 4119 quo
489 4049 649 4103 etiam
676 4049 967 4104 secundum
1010 4049 1293 4105 historiam
1324 4049 1529 4104 dictum
1558 4057 1672 4105 est:
1698 4049 1831 4106 SIB-

236 4143 433 4200 oitaho
470 4141 602 4196 mihi
632 4140 970 4197 sacerdotem
1004 4141 1238 4197 ﬁdelem.
1274 4140 1402 4211 Qui,
1434 4143 1679 4211 quamvis
1724 4158 1830 4199 non

239 4236 314 4292 sit
360 4250 431 4289 ex
475 4246 677 4302 genere
705 4233 908 4296 Aaron,
957 4240 1139 4289 tamen
1187 4232 1257 4289 de
1286 4234 1427 4289 tribu
1458 4233 1587 4289 Levi
1626 4248 1748 4290 esse
1777 4236 1830 4289 in

238 4326 704 4395 Paralipomenon
750 4325 946 4395 legitur
975 4342 988 4378 :
1017 4326 1143 4395 quia
1172 4324 1290 4393 ipse
1340 4324 1483 4381 hunc
1528 4326 1824 4393 constituit,

1941 3119 2192 3172 omnibus
2240 3132 2571 3188 praeparatus
2612 3131 2715 3178 est.
2758 3120 3033 3179 Bevelatio
3089 3132 3273 3181 autem
3323 3125 3519 3185 dicitur

1936 3208 2150 3275 Domini
2186 3211 2493 3269 adventus:
2524 3212 2647 3283 quia
2695 3213 2856 3279 mdo
2901 3229 2933 3268 a
2978 3214 3136 3277 nobis
3195 3215 3517 3271 abscondita

1937 3313 2040 3359 est.
3466 3360 3471 3367 .

2009 3397 2115 3465 Qui
2135 3407 2184 3452 et
2214 3399 2540 3468 conﬁrmabit
2566 3415 2663 3457 vos
2681 3415 2843 3467 usque
2872 3401 2925 3453 in
2962 3400 3117 3468 finem
3144 3401 3255 3455 sine
3282 3401 3517 3466 crimine,

1934 3490 1990 3553 in
2018 3491 2101 3544 die
2150 3490 2397 3545 adventus
2424 3488 2639 3547 Domini
2664 3492 2829 3549 nostri
2855 3488 2983 3553 Iesu
3015 3490 3233 3549 Christi.
3267 3492 3369 3547 Per
3406 3496 3507 3547 do-

1933 3581 2185 3648 ctrinam,
2208 3583 2353 3645 sicut
2375 3580 2627 3645 aitDavid
2649 3597 2664 3639 :
2684 3582 2954 3637 Conlirtna
2979 3599 3065 3640 me
3092 3584 3149 3640 in
3169 3585 3351 3642 verbis
3375 3586 3501 3643 tuis.

1935 3677 2004 3732 Et
2029 3678 2221 3741 iterum
2255 3692 2269 3730 :
2313 3674 2423 3732 Pas
2454 3676 2621 3730 multa
2649 3675 2994 3746 diligentibus
3035 3680 3210 3749 legem
3242 3688 3410 3743 tuam,
3455 3682 3510 3737 et

1935 3783 2044 3831 non
2072 3776 2155 3824 est
2180 3766 2290 3827 illis
2315 3766 2649 3827 scandalum.
2683 3766 2817 3831 item
2847 3769 3003 3826 aliter
3029 3789 3042 3825 :
3074 3770 3212 3827 Orat
3238 3788 3334 3842 pro
3358 3773 3507 3844 ipsis,

1933 3871 1997 3923 ut
2021 3877 2190 3939 usque
2214 3863 2285 3921 ad
2308 3863 2469 3921 linem
2494 3862 2619 3919 vita:
2640 3878 2751 3920 suae
2793 3865 3294 3935 irreprehensihiles
3336 3870 3387 3924 in
3417 3869 3511 3925 ad-

1932 3954 2394 4015 ventuvaomini
2425 3954 2603 4017 nostri
2621 3954 2749 4012 Jesu
2779 3955 2982 4013 Christi
3016 3970 3386 4026 permaneant.

2006 4044 2206 4099 Fidelis
2237 4045 2396 4111 Deus,
2440 4062 2530 4115 per
2556 4062 2706 4117 quem
2743 4050 2909 4103 vocati
2954 4050 3075 4106 estis
3115 4050 3168 4104 in
3213 4051 3506 4107 societatem

1933 4134 2065 4197 Filii
2095 4140 2208 4210 ejus
2242 4137 2452 4207 Christi,
2498 4137 2710 4195 Domini
2753 4143 2943 4197 nostri.
2983 4142 3149 4210 Quam
3192 4144 3503 4201 societatem

1932 4230 2174 4293 Joannes
2201 4230 2444 4299 exponit,
2474 4230 2698 4293 dicens:
2730 4232 3003 4301 Quoniam
3029 4236 3168 4292 Deus
3191 4234 3285 4293 lux
3310 4246 3413 4301 εει,
3447 4244 3503 4292 et

1934 4322 2169 4385 tenebrae
2198 4323 2253 4379 in
2279 4337 2346 4383 eo
2374 4337 2482 4381 non
2509 4336 2635 4381 sunt
2659 4326 2802 4385 υιιω.
2831 4326 2888 4382 Si
2920 4328 3218 4385 dixerimus
3244 4331 3367 4398 quia
3408 4345 3499 4385 so-
3524 4384 3535 4401 κ

239 4421 331 4489 qni
364 4428 417 4475 et
448 4418 619 4478 illum.
670 4417 746 4475 lta
775 4418 916 4475 enim
948 4416 1129 4475 Aaron
1157 4416 1344 4488 elegit,
1390 4428 1448 4473 ut
1475 4418 1617 4475 alios
1640 4426 1827 4488 postea
1856 4409 2479 4481 Dcietatemlhabemus
2525 4434 2645 4474 cum
2676 4433 2765 4485 eo,
2796 4430 2851 4474 et
2895 4421 2948 4474 in
2992 4420 3228 4479 tenebris
3260 4421 3499 4478 ambula-

238 4512 483 4584 eiigendi
514 4529 618 4569 non
649 4512 890 4571 amiserit
912 4521 1260 4584 potestatem.

314 4606 378 4661 In
407 4606 548 4661 omni
565 4606 677 4659 loco
706 4606 937 4672 ipsorum
958 4615 1007 4660 et
1038 4616 1231 4661 nostro.
1264 4606 1401 4674 Quia
1426 4606 1741 4666 sacerdotes
1769 4616 1827 4664 et

241 4713 360 4769 suo,
391 4709 446 4759 et
475 4697 869 4768 Apostolorum
894 4698 1016 4757 loco
1050 4698 1362 4768 funguntur.
1403 4699 1631 4767 Propter
1673 4699 1821 4769 quod

245 4795 403 4847 etiam
437 4791 797 4848 Ecclesiarum
819 4792 1049 4861 apostoli
1070 4794 1439 4849 nosninantur.
1474 4792 1603 4849 hem
1629 4793 1821 4850 aliter:

244 4885 526 4945 Universis
575 4885 834 4942 Ecclesiis
884 4885 1178 4957 provincia:
1218 4885 1439 4943 Achaiae
1485 4889 1722 4943 ostendit
1763 4901 1824 4945 se

249 4979 345 5037 has
368 4983 587 5039 litteras
616 4981 853 5037 mittere.

322 5074 493 5129 Gratia
524 5076 685 5142 vobis,
714 5084 878 5147 elpaa:
900 5090 932 5128 a
958 5073 1067 5131 Deo
1098 5073 1260 5130 Patre
1292 5084 1491 5141 nostra,
1521 5086 1573 5132 et
1595 5073 1821 5131 Domina

258 5162 376 5223 Iesu
398 5167 619 5227 Christo.
651 5167 761 5227 Pax
786 5168 1015 5239 gratiam
1040 5176 1250 5235 servat,
1277 5184 1437 5239 quam
1474 5168 1697 5238 quidam
1720 5168 1819 5224 ha-

270 5254 391 5309 bere
419 5261 691 5317 nolebant.
1672 5320 1673 5323 η

330 5346 527 5407 Gratias
554 5370 651 5424 ago
692 5353 801 5415 Deo
841 5371 951 5411 meo
980 5371 1176 5427 semper
1222 5371 1317 5427 pro
1363 5354 1524 5420 vobis,
1551 5353 1606 5413 in
1652 5353 1823 5426 gratia

265 5435 377 5501 Dei,
399 5457 505 5505 qua:
532 5445 653 5500 data
677 5457 751 5499 est
778 5446 919 5502 nobis
946 5448 998 5501 in
1027 5446 1228 5503 Christo
1264 5445 1409 5505 Iesu.
1453 5447 1690 5507 Primum
1731 5460 1821 5507 so-

262 5530 357 5591 lito
385 5531 642 5593 laudando
664 5549 921 5606 provocat
948 5541 1012 5597 ad
1042 5539 1365 5609 profectum,
1391 5548 1445 5596 et
1464 5539 1596 5595 dicit
1620 5553 1679 5594 se
1701 5540 1820 5606 qui-

262 5621 379 5689 dem
407 5628 633 5693 gaudere
656 5630 722 5695 de
753 5646 937 5693 eorum
975 5632 1195 5695 scientia
1225 5649 1238 5686 :
1266 5633 1359 5689 sed
1390 5636 1529 5695 scire
1560 5634 1679 5693 illos
1725 5632 1822 5687 dc-

261 5711 406 5784 bete,
430 5719 551 5789 quia
570 5736 696 5783 vena
724 5722 985 5795 sapientia
1012 5739 1119 5785 non
1148 5724 1322 5794 inﬂat,
1352 5739 1525 5798 neque
1549 5725 1818 5789 dissentit.

1930 4522 2073 4575 mus,
2104 4508 2415 4569 mentimur.
2457 4508 2524 4569 Et
2567 4509 2767 4573 Paulus
2806 4511 2919 4564 ait:
2955 4509 3013 4567 Si
3050 4513 3379 4569 commortui
3407 4528 3496 4570 su—

1928 4619 2086 4665 mus:
2116 4614 2171 4661 et
2200 4604 2592 4663 convivemus:
2617 4608 2664 4662 si
2694 4606 3051 4671 sustinemus,
3097 4618 3151 4664 et
3198 4624 3495 4680 conregna-

1924 4696 2124 4756 himus.
2156 4698 2254 4754 Hic
2286 4699 2436 4765 locus
2462 4710 2652 4755 contra
2683 4700 2912 4755 Arianos
2952 4701 3109 4765 facit,
3155 4704 3245 4772 qui
3295 4705 3352 4761 in
3397 4706 3498 4763 hoc

1925 4792 2188 4847 minorem
2215 4806 2336 4846 esse
2361 4790 2559 4846 Filium
2591 4792 2798 4858 volunt,
2845 4809 2955 4865 quo
2984 4810 3081 4865 per
3110 4795 3284 4866 ipsum
3315 4801 3491 4861 omnia

1921 4881 2061 4938 facta
2094 4880 2421 4949 referuntur,
2452 4897 2572 4938 cum
2615 4883 2715 4938 hoc
2753 4888 2913 4940 etiam
2948 4887 3002 4941 in
3044 4885 3258 4944 Patrem
3289 4892 3483 4947 cadat:

1922 4990 2023 5046 per
2051 4990 2211 5045 quem
2239 4976 2293 5029 in
2334 4977 2648 5033 societatem
2697 4978 2820 5033 Filii
2851 4979 2968 5050 ejus
2999 4981 3283 5040 credentes
3310 4995 3483 5057 vocat.

1923 5068 2056 5126 Item
2086 5069 2268 5124 aliter:
2303 5069 2415 5123 Hoc
2435 5079 2622 5125 contra
2641 5069 2871 5126 Arianos
2893 5073 3052 5141 valet,
3075 5076 3164 5145 qui
3185 5077 3485 5136 ministrum

1925 5172 2315 5236 praceptorum
2341 5163 2513 5218 Patris
2566 5161 2755 5218 Filium
2782 5165 2967 5220 dicunt
3004 5183 3018 5225 :
3056 5171 3306 5239 quoniam
3352 5174 3489 5227 scri-

1922 5262 2070 5327 ptum
2101 5265 2222 5312 est:
2255 5255 2444 5313 Omnia
2489 5271 2581 5326 per
2612 5257 2785 5328 ipsum
2813 5258 2953 5315 facta
2995 5269 3139 5317 sunt.
3169 5264 3265 5318 llic
3302 5274 3482 5321 autem

1922 5350 2257 5416 ostenditur,
2299 5352 2421 5422 quia
2473 5366 2569 5420 per
2610 5350 2777 5406 Deum
2810 5352 3023 5409 Patrem
3055 5358 3228 5411 vocati
3257 5368 3384 5412 sunt
3430 5359 3487 5416 in

1923 5444 2360 5500 communionem
2390 5441 2518 5498 Jesu
2546 5442 2749 5498 Christi
2780 5443 2997 5500 Domini
3035 5446 3228 5503 nostri.
3260 5447 3374 5504 Hoc
3395 5466 3489 5507 us-

1923 5552 2031 5609 que
2055 5548 2175 5591 cum
2204 5535 2362 5593 laude
2383 5534 2650 5605 praelatio.

1999 5630 2223 5687 Obsecro.
2264 5638 2435 5684 autem
2475 5644 2591 5697 uos,
2643 5629 2852 5700 fratres.
2901 5629 2984 5687 Ad
3025 5644 3184 5688 unam
3227 5635 3492 5694 sentiendi

1926 5722 2271 5782 concordiam
2301 5729 2539 5795 revocat,
2569 5730 2626 5780 et
2666 5729 2729 5780 ut
2754 5723 3070 5795 ipsiaornnes
3093 5725 3241 5786 idem
3280 5732 3502 5803 loquan-
