4030 6202
563 235 671 300 ⁸119

1490 230 1509 281 ί
1589 232 1649 288 S.
1691 224 2073 286 HIERONYMI
2108 218 2393 280 OPERUM
2436 213 2805 273 MANTISSA.

3734 204 3857 266 720

569 368 682 426 tur,
713 357 980 415 hortatur.
1021 352 1153 409 Item
1184 346 1344 405 aliter
1376 363 1389 399 :
1428 343 1526 399 llic
1550 342 1658 413 jam
1706 355 1922 397 causam
1966 347 2153 395 contra
2178 338 2227 399 Α
2322 333 2397 388 Ut
2422 349 2525 386 ηοη
2564 339 2833 386 “Win?
2851 340 2978 383 οτυίο
3002 322 3216 384 οάτίδιί·
3250 322 3527 426 “aquam
3550 322 3704 381 θυίω
3726 324 3857 382 Vim

574 450 968 507 dissensionem
996 440 1318 513 aggreditur.

650 543 756 598 Per
800 556 983 597 nomen
1011 534 1222 592 Domini
1256 532 1419 586 nostri
1447 528 1483 583 1
1488 546 1574 585 esu
1595 527 1804 583 Christi.
1847 527 1903 582 In
1926 540 2030 597 quo
2058 539 2156 599 no-

580 639 725 697 mine
748 636 935 692 salvati
960 632 1110 697 estis,
1139 638 1195 687 et
1222 630 1371 700 signa
1399 626 1515 682 ﬁeri
1538 621 1911 694 conspexistis.

2255 425 2448 489 crucis,
2479 422 2569 493 qui
2600 436 2759 477 aures
2782 419 3171 476 declamatione
3192 416 3548 487 permulcent.

2332 519 2553 573 Verbum
2568 518 2700 572 enim
2727 515 2893 571 crucis
2915 512 3242 585 pereuntibus
3261 511 3471 583 quidem
3495 510 3725 566 stultitia
3747 520 3852 567 est.

2256 610 2576 669 Praedicatio
2602 607 2775 666 crucis
2809 623 2915 663 non
2960 604 3383 675 intelligentibus
3422 604 3680 661 virtutem
3723 603 3852 669 Dei,

652 730 721 785 Ut
749 731 969 800 idipsum
990 695 1178 781 dicatis
1207 695 1401 780 omnes.
1437 720 1505 777 Ut
1534 735 1697 776 unum
1723 716 1969 774 sentiatis
1997 724 2156 787 atque
2254 705 2479 762 stultitia
2500 704 2711 760 videtur
2739 701 2835 757 Dei
2857 699 3047 755 Filium
3073 698 3257 755 dicere
3281 697 3627 753 cruciﬁxum:
3652 695 3854 800 fideles

580 822 791 881 dicatis.

2258 810 2439 855 autem
2480 796 2780 867 intelligunt
2816 794 2915 851 Dei
2957 807 3079 850 esse
3106 792 3380 860 virtutem,
3406 807 3509 865 qua
3542 806 3694 848 mors
3730 789 3853 848 vita

650 917 720 973 Et
758 933 860 971 non
888 916 990 970 sint
1013 915 1069 968 in
1095 912 1235 968 vobis
1268 908 1569 966 schismata.
1614 905 1914 962 Schismata
1944 916 2159 972 semper
2258 901 2364 956 est,
2392 899 2448 946 et
2466 889 2709 945 diabolus
2733 894 3016 958 superatus
3035 893 3139 941 est.

582 1025 649 1067 ex
682 1008 1028 1065 contentione
1056 1013 1367 1062 nascuntur.

2335 984 2434 1039 His
2465 992 2635 1037 autem
2678 981 2769 1053 qui
2796 980 2922 1035 salvi
2948 980 3097 1049 ﬁunt,
3129 978 3184 1032 id
3212 987 3286 1033 est
3322 979 3488 1048 nobis,
3532 976 3633 1034 Dei
3676 979 3847 1035 virtus

654 1102 781 1158 Sitis
812 1109 981 1155 autem
1016 1099 1227 1170 perfecti
1272 1098 1327 1151 in
1374 1096 1552 1151 eodem
1580 1110 1752 1160 sensu,
1795 1100 1841 1146 et
1886 1092 1941 1145 in
1987 1089 2162 1145 eadem
2264 1088 2356 1134 est.
2390 1077 2548 1133 Fides
2573 1077 2715 1132 enim
2744 1089 2929 1131 eorum
2956 1088 3049 1129 €05
3073 1072 3253 1128 salvos
3279 1072 3427 1128 Ῑθοίιο

583 1194 814 1250 scientia.
859 1194 916 1249 Si
947 1208 1113 1248 unum
1143 1189 1385 1247 sentiatis
1425 1197 1480 1244 et
1525 1185 1830 1258 proferatis,
1882 1194 2009 1239 tunc
2036 1196 2164 1238 vere

584 1286 811 1356 potestis
836 1298 955 1340 esse
986 1282 1228 1353 perfecti.

640 1379 1026 1451 .Signiﬁcatum
1052 1386 1126 1431 est
1147 1378 1280 1431 enim
1306 1375 1431 1430 mihi
1466 1375 1528 1431 de
1566 1374 1721 1442 vobis,
1752 1372 1932 1443 fratres
1957 1368 2077 1433 mei,
2103 1366 2165 1420 ab

586 1475 668 1528 his
689 1474 776 1545 qui
815 1482 934 1526 sunt
963 1468 1146 1525 Chloes
1175 1486 1193 1524 .'
1223 1469 1342 1540 quia
1373 1467 1721 1523 contentiones
1750 1471 1869 1518 sunt
1906 1463 2037 1517 inter
2056 1474 2164 1511 νοε.

586 1570 858 1638 Quazritur
887 1568 1156 1640 quomodo
1206 1566 1498 1637 Apostolus
1532 1561 1823 1620 crediderit
1865 1554 2062 1627 aliquid
2100 1554 2168 1608 de

591 1662 928 1727 absentibus,
961 1675 1081 1715 cum
1113 1659 1365 1729 scriptum
1398 1659 1468 1713 sit
1514 1673 1527 1709 :
1568 1655 1684 1710 Non
1733 1651 1921 1708 credes
1966 1644 2168 1705 auditui

2338 1172 2602 1244 Scriptum
2621 1179 2696 1225 est
2725 1169 2860 1223 enim
2887 1184 2907 1222 :
2936 1166 3154 1221 Perdant
3180 1166 3487 1239 sapientiam
3508 1166 3848 1239 sapientium.

2264 1266 2380 1322 Hoc
2402 1268 2455 1320 in
2480 1264 2708 1320 adventu
2731 1258 3023 1319 Salvatoris
3050 1260 3244 1317 asserit
3262 1258 3631 1331 adimpletum,
3659 1259 3714 1315 id
3738 1269 3851 1327 est,

2266 1360 2333 1415 ad
2365 1357 2591 1413 nihilum
2618 1356 2878 1427 redigam.

2340 1453 2407 1508 Et
2430 1451 2753 1525 prudentiam
2781 1448 3107 1522 prudentium
3132 1446 3424 1517 reprobabo.
3458 1444 3721 1518 Eligendo
3768 1445 3855 1516 pi-
3896 1502 3909 1511 ,

2268 1558 2529 1614 scatores,
2554 1556 2723 1601 artem
2748 1542 3091 1609 rhetoricam,
3122 1549 3175 1597 et
3200 1539 3614 1613 philosophicam
3645 1551 3851 1607 repro-

2269 1639 2434 1696 bavit.
2467 1638 2736 1707 Quaeritur
2765 1635 2942 1707 plane,
2974 1633 3116 1689 unde
3136 1632 3206 1688 sit
3229 1632 3339 1687 hate
3367 1631 3648 1702 sapientia,
3671 1644 3856 1700 quam

586 1769 748 1811 vano.
778 1755 845 1810 Et
872 1755 1062 1809 iterum
1096 1770 1109 1805 :
1136 1719 1267 1820 Qua:
1296 1750 1527 1806 viderint
1549 1748 1687 1804 oculi
1719 1746 1815 1814 tui,
1842 1745 2080 1813 loquere,
2112 1747 2166 1794 et

2278 1731 2521 1802 reprobat
2550 1731 2714 1785 Deus.
2746 1726 3013 1796 Scriptum
3043 1734 3127 1781 est
3154 1724 3316 1789 enim,
3356 1723 3498 1793 quod
3541 1719 3724 1777 omnis
3750 1733 3853 1775 sa-

585 1861 801 1907 etetera.
844 1848 949 1905 Sed
988 1848 1128 1902 hanc
1153 1846 1377 1915 gratiam
1409 1842 1665 1909 habebat,
1696 1852 1857 1894 nosse
1882 1846 1943 1891 ut
1970 1834 2167 1890 absens

583 1943 710 2015 quid
752 1943 804 1997 in
855 1940 1079 2011 singulis
1112 1936 1366 1993 Ecclesiis
1408 1944 1676 2006 ageretur.
1731 1931 1881 1987 Sicut
1926 1928 2056 1984 dicit
2100 1925 2168 1982 ad

582 2034 969 2090 Colosscnses:
1017 2029 1083 2084 Et
1114 2028 1160 2084 si
1187 2043 1413 2098 corpore
1437 2027 1633 2082 absens
1675 2039 1823 2088 sum,
1856 2020 1950 2076 sed
1978 2018 2168 2091 spiritu

581 2139 843 2197 praesens,
870 2120 1129 2195 gaudens,
1164 2129 1219 2176 et
1262 2121 1450 2175 videns
1479 2119 1721 2174 ordinem
1764 2125 2023 2180 vestrum,
2061 2122 2166 2167 etc.

587 2216 723 2283 Quia
754 2229 884 2286 ergo
914 2213 1117 2270 sciebat
1148 2212 1456 2268 Corinthios
1490 2211 1562 2265 ita
1591 2223 1749 2280 agere
1768 2249 1782 2274 ,
1809 2217 1869 2262 ut
1894 2204 2166 2271 audiebat,

582 2324 690 2366 non
714 2307 943 2365 credidit
970 2309 1087 2363 sine
1112 2320 1275 2362 causa
1304 2304 1458 2377 quasi
1480 2304 1549 2360 de
1579 2302 1914 2371 absentibus,
1937 2315 2169 2373 quorum

582 2404 1046 2461 conversationem
1078 2402 1129 2456 in
1153 2400 1342 2471 spiritu
1373 2397 1750 2469 cognoscebat.

654 2496 773 2552 Hoc
810 2505 981 2551 autem
1011 2495 1158 2561 dico,
1186 2496 1319 2563 quod
1361 2493 1709 2562 unusquisque
1747 2496 1968 2543 vestrum
2003 2487 2170 2541 dicit:

583 2590 698 2663 Ego
726 2590 932 2663 quidem
962 2606 1075 2644 sum
1101 2587 1280 2653 Pauli,
1328 2603 1418 2658 ego
1456 2594 1631 2640 autem
1668 2583 1877 2653 Apollo,
1915 2598 2004 2652 ego
2052 2595 2169 2633 vero

583 2683 792 2754 (Iephte,
826 2699 918 2754 ego
943 2689 1111 2736 autem
1140 2679 1351 2733 Christi.
1386 2678 1497 2735 Sub
1522 2677 1742 2732 nomine
1771 2674 2165 2745 apostolorum,

583 2774 1064 2846 pseudoapostolos
1093 2772 1283 2843 tangit,
1334 2771 1425 2841 qui
1471 2784 1566 2825 eos
1598 2784 1693 2839 per
1719 2766 2036 2838 sapientiam
2066 2767 2172 2821 cir-

586 2874 974 2923 cumvenerant
994 2864 1204 2931 mundi,
1246 2872 1304 2918 ut
1330 2862 1701 2933 unusquisque
1729 2860 1845 2931 ejus
1872 2874 1931 2915 se
1964 2859 2171 2914 diceret

585 2973 731 3026 esse,
760 2959 913 3029 cujus
940 2956 1238 3013 doctrinam
1267 2955 1551 3025 elegisset,
1598 2955 1689 3023 qui
1732 2953 1955 3008 adversa
2004 2951 2172 3005 doce-

587 3052 736 3106 bant.
768 3050 826 3107 Si
856 3064 984 3120 ergo
1009 3063 1106 3103 nec
1134 3048 1203 3103 de
1230 3046 1377 3101 veris
1403 3046 1665 3115 apostolis
1687 3044 1789 3098 hoc
1817 3043 1921 3099 dici
1950 3041 2172 3114 permit-

588 3141 675 3209 tit,
709 3145 911 3210 quanto
947 3137 1117 3207 magis
1147 3136 1214 3191 de
1243 3134 1395 3190 falsis
1419 3150 1525 3189 non
1552 3134 1774 3189 licebit!

665 3233 873 3289 Divisae
901 3240 976 3287 est
1005 3229 1277 3286 Christus?
1312 3228 1578 3285 Dividitur
1606 3240 1830 3297 corpus,
1854 3240 1976 3281 cum
2003 3238 2173 3281 mem-

589 3329 685 3385 bra
716 3326 1059 3383 dissentiunt.

660 3420 926 3490 Numquid
948 3417 1149 3474 Paulus
1180 3417 1455 3488 cruciﬁmus
1485 3424 1558 3470 est
1587 3431 1684 3485 pro
1706 3414 1865 3481 vobis,
1890 3422 1983 3469 aut
2005 3415 2061 3469 in
2078 3431 2173 3469 no-

590 3516 728 3569 mine
757 3511 914 3568 Pauli
946 3512 1194 3583 baptisati
1223 3511 1343 3566 estis
1373 3511 1397 3565 ἱ)
1422 3509 1607 3565 Potest
1632 3507 1775 3562 istud
1813 3507 1917 3561 dici
1951 3508 2031 3561 his
2059 3508 2170 3577 qui,

598 3607 796 3662 relicto
833 3604 1030 3660 Christi
1061 3603 1339 3675 exemplo,
1371 3610 1587 3658 sanctos
1615 3600 1816 3657 veteris
1837 3600 2174 3656 Testamenti

600 3699 656 3753 in
694 3698 824 3752 solis
855 3695 1053 3751 divitiis
1081 3699 1302 3767 cupiunt
1327 3695 1522 3751 imitari
1551 3713 1565 3747 :
1604 3695 1869 3766 Numquid
1902 3695 2174 3749 Abraham

594 3787 885 3844 cruciﬁxus
914 3798 996 3843 eSt
1017 3802 1116 3859 pro
1143 3789 1314 3854 vobis,
1345 3798 1436 3844 aut
1467 3789 1522 3843 in
1549 3787 1767 3843 nomine
1791 3787 1892 3844 Job
1919 3788 2174 3857 baptizati

596 3880 775 3937 estis?
806 3880 874 3935 Et
901 3879 1033 3934 illud
1065 3880 1299 3949 Domini,
1350 3879 1440 3935 ubi
1483 3878 1741 3935 docemur
1781 3894 1889 3935 non
1926 3894 2174 3950 quaerere

596 3973 724 4045 quid
754 3972 845 4028 alii
875 3971 1140 4042 discipulo
1164 3972 1437 4043 iubeatur,
1462 3970 1689 4029 dicentis
1711 3972 1911 4029 Petro:
1940 3970 2075 4039 Quid
2104 3970 2175 4027 ad

592 4066 687 4121 te?
718 4073 773 4120 tu
804 4079 891 4120 me
918 4078 1166 4134 sequere.

664 4157 871 4213 Gratias
900 4172 994 4228 ago
1020 4155 1129 4210 Deo
1151 4171 1284 4218 meo,
1311 4158 1450 4227 quod
1489 4158 1738 4211 neminem
1766 4164 1987 4211 vestrum
2007 4156 2175 4225 bapti-

597 4251 710 4304 zavi
735 4292 750 4317 ,
776 4249 878 4303 nisi
904 4246 1143 4319 Crispum
1166 4258 1213 4303 et
1244 4248 1431 4303 Caium
1475 4266 1493 4303 :
1522 4266 1587 4303 ne
1611 4250 1724 4318 quis
1747 4249 1912 4312 dicat,
1949 4249 2087 4318 quod
2121 4248 2177 4302 in

592 4343 795 4397 nomine
817 4358 928 4398 meo
956 4343 1197 4412 baptizari
1224 4343 1356 4396 sitis.
1380 4341 1649 4414 Baptizati
1676 4348 1850 4395 autent
1871 4349 1915 4394 et
1949 4340 2175 4413 Stepha-

592 4451 677 4489 πω
714 4436 923 4489 domum
949 4450 969 4490 .°
997 4443 1239 4491 ueterum
1278 4435 1470 4502 nescio,
1519 4438 1563 4488 si
1591 4450 1737 4504 quem
1768 4433 1931 4487 alium
1957 4443 2177 4488 uestrum

2269 1824 2524 1896 pientiaa
2553 1821 2779 1877 Domino
2804 1819 2915 1876 Deo
2957 1819 3071 1874 sit:
3114 1816 3167 1872 id
3212 1824 3316 1885 est,
3359 1814 3428 1871 de
3472 1815 3617 1870 bona
3652 1819 3854 1868 natura

2268 1918 2415 1974 ducit
2442 1914 2740 1971 exordium.
2792 1913 2905 1969 Hoc
2950 1911 3095 1968 enim
3142 1909 3305 1965 habet
3331 1922 3519 1965 sensus
3558 1906 3850 1974 humanus,

2269 2019 2326 2065 ut
2354 2021 2693 2079 quocumque
2719 2020 2842 2061 eum
2871 2001 3186 2065 tetenderis,
3219 2009 3605 2071 consequatur,
3638 2006 3693 2054 et
3722 2012 3854 2067 pau-

2270 2102 2419 2157 latim
2447 2097 2755 2156 meditando
2788 2096 3051 2168 proficiat.
3083 2095 3212 2151 lnde
3234 2104 3341 2163 est,
3369 2093 3512 2165 quod
3541 2091 3701 2149 multi
3726 2091 3855 2147 illit-

2269 2194 2423 2250 terati
2467 2203 2718 2265 poemata
2747 2199 3081 2261 componunt
3118 2197 3226 2245 tam
3278 2187 3566 2258 exquisita,
3600 2200 3721 2258 qua:
3748 2184 3853 2241 viri

2269 2287 2622 2343 eruditissimi
2660 2284 3014 2341 admirentur.
3046 2284 3201 2339 Hunc
3247 2297 3378 2352 ergo
3421 2295 3659 2348 sensum,
3691 2295 3853 2351 quem

2269 2378 2413 2435 Deus
2445 2378 2512 2436 ad
2539 2394 2598 2435 se
2624 2394 2690 2433 ex
2719 2376 2983 2434 creaturis
3014 2374 3472 2447 cognoscendum,
3503 2384 3559 2430 et
3587 2388 3734 2429 suam
3756 2388 3856 2431 vo-

2270 2473 2529 2528 luntatem
2554 2470 2921 2541 inquirendam
2944 2469 3197 2526 dederat:
3224 2470 3304 2525 illi
3325 2468 3392 2524 ad
3414 2467 3736 2539 inquirenda
3756 2482 3850 2523 su-

2271 2567 2477 2638 perflua
2498 2576 2552 2621 et
2582 2566 2792 2621 curiosa
2835 2572 3132 2620 verterunt.
3172 2563 3433 2619 Similiter
3452 2561 3521 2618 de
3553 2561 3755 2616 divitiis
3791 2575 3854 2616 ac

2272 2659 2608 2724 fortitudine,
2638 2668 2692 2713 et
2712 2659 2780 2715 de
2816 2659 3066 2714 omnibus
3092 2656 3285 2729 quibus
3315 2656 3457 2713 male
3479 2656 3700 2725 utimur,
3728 2669 3854 2727 pos-

2273 2768 2458 2809 sumus
2485 2752 2821 2809 existimare.

2351 2846 2450 2902 Ubi
2475 2846 2698 2917 sapiens,
2723 2844 2813 2899 ubi
2839 2844 3029 2899 scriba.
3060 2842 3118 2899 Id
3145 2852 3251 2912 est,
3281 2843 3489 2899 doctor.

2350 2938 2449 2994 Ubi
2487 2938 2762 3009 inquisitor
2807 2937 2962 3006 hujus
2997 2937 3212 2991 saeculi?
3254 2935 3444 2990 Nonne
3481 2934 3701 2990 stultam
3740 2932 3853 3003 fecit

2276 3031 2418 3087 Deus
2448 3032 2755 3103 sapientiam
2791 3029 2943 3100 hujus
2990 3029 3209 3083 mundi?
3234 3028 3334 3096 Qui
3372 3028 3603 3098 acquirit
3644 3027 3853 3098 sapien-

2200 3122 2248 3187 C
2279 3126 2411 3181 tiam
2457 3124 2795 3191 saecularem,
2828 3122 2916 3180 vel
2955 3122 3272 3193 quicumque
3318 3121 3437 3177 aliis
3474 3120 3545 3175 de
3570 3118 3733 3176 rebus
3759 3118 3852 3175 ob-

2278 3219 2449 3276 scuris
2477 3218 2713 3289 inquirit.

2356 3312 2495 3367 Nam
2520 3312 2640 3382 quia
2667 3313 2723 3365 in
2744 3310 2843 3366 Dei
2868 3311 3117 3381 sapientia
3139 3326 3242 3365 non
3266 3312 3501 3384 cognovit
3518 3308 3740 3364 mundus
3765 3324 3852 3379 per

2279 3405 2586 3477 sapientiam
2613 3401 2800 3458 Deum.
2832 3402 3061 3460 Factura
3088 3403 3296 3471 mundi,
3343 3401 3443 3458 Dei
3476 3400 3739 3473 sapientia
3767 3408 3848 3456 est

2279 3498 2534 3554 fabricata
2562 3516 2576 3553 :
2604 3497 2659 3554 in
2678 3512 2782 3568 qua
2803 3512 2900 3567 per
2928 3498 3243 3569 sapientiam
3281 3495 3601 3563 naturalem,
3634 3509 3750 3565 qua:
3777 3494 3846 3549 ad

2283 3594 2386 3648 hoc
2411 3592 2537 3647 data
2566 3601 2623 3645 et
2663 3603 2844 3647 creata
2885 3591 3078 3661 fuerat,
3120 3590 3306 3649 debuit
3344 3589 3594 3663 cognosci
3620 3590 3733 3659 ipse
3760 3588 3850 3659 qui

2282 3684 2491 3740 fecerat
2518 3702 2531 3735 :
2556 3683 2652 3738 sed
2681 3684 2934 3754 quoniam
2965 3698 3072 3738 non
3103 3692 3439 3754 agnoverunt
3456 3682 3719 3749 homines,
3748 3680 3851 3735 alia

2279 3775 2393 3832 illis
2437 3776 2705 3832 medicina
2756 3777 3107 3832 succurritur.
3154 3776 3285 3833 Item
3336 3776 3539 3831 aliter:
3577 3775 3690 3832 Hoc
3739 3774 3851 3829 loco

2282 3869 2600 3939 sapientiam
2643 3869 2758 3937 Dei,
2801 3869 3143 3926 ordinatione
3191 3878 3573 3933 creaturarum,
3620 3880 3743 3936 quae
3783 3865 3853 3920 vi-

2281 3964 2501 4034 dentur,
2533 3964 2772 4021 ostendit
2802 3984 2816 4021 :
2849 3980 2916 4022 ex
2961 3966 3154 4037 quibus
3183 3964 3349 4021 Deum
3385 3970 3663 4019 auctorem
3690 3976 3851 4019 vene-

2281 4059 2415 4124 rari,
2441 4069 2496 4114 et
2524 4071 2818 4129 agnoscere
2845 4058 3164 4115 debuerunt.

2360 4152 2573 4207 Placuit
2609 4151 2723 4209 Deo
2751 4170 2841 4223 per
2875 4153 3146 4208 stultitiam
3174 4150 3557 4222 praedicationis
3586 4150 3747 4206 salvos
3772 4149 3846 4220 [ac

2281 4261 2397 4302 cere
2421 4247 2702 4302 credentes.
2727 4246 2847 4302 Non
2874 4246 3018 4317 quod
3047 4261 3175 4301 vere
3208 4246 3434 4301 stultitia
3456 4246 3528 4301 sit
3552 4243 3848 4318 praedicatio

2280 4339 2498 4396 crucis:
2529 4340 2624 4395 sed
2647 4340 2768 4410 quia
2798 4340 2939 4410 apud
2972 4341 3093 4395 illos
3120 4341 3191 4395 ita
3222 4340 3533 4396 haberetur.

2359 4431 2617 4499 Quoniam
2643 4442 2689 4487 et
2708 4432 2884 4487 Judaei
2909 4432 3057 4502 signa
3082 4441 3280 4505 petunt.
3327 4432 3499 4488 Judaei
3534 4445 3605 4488 ex
3634 4446 3850 4489 consue-

601 4526 983 4597 baptizaverim.
1011 4526 1166 4594 Quod
1193 4526 1265 4579 ita
1295 4524 1543 4596 contigit,
1566 4534 1627 4581 ut
1648 4526 1772 4581 illos
1799 4540 2000 4595 paucos
2038 4527 2171 4597 bap-
2196 4522 2255 4585 D
2280 4524 2472 4580 tudine
2492 4525 2879 4595 Prophetarum
2902 4527 3051 4597 signa
3067 4534 3411 4597 petunt,qua:
3431 4527 3594 4582 etiam
3616 4525 3849 4583 videntes

602 4618 826 4674 tizarem
848 4660 864 4687 ,
896 4618 989 4690 qui
1016 4633 1075 4673 se
1096 4632 1203 4673 non
1234 4617 1423 4672 dicunt
1442 4617 1497 4671 in
1532 4632 1657 4673 meo
1684 4617 1903 4673 nomine
1932 4617 2171 4690 baptiza—

593 4726 696 4775 tos.
746 4719 877 4776 ltem
922 4719 1126 4775 aliter:
1169 4718 1385 4775 illorum
1435 4718 1681 4788 ipsorum
1723 4722 2016 4791 neminem,
2066 4723 2172 4780 nlsi

596 4832 734 4888 quos
761 4818 1057 4875 numeravi.

668 4916 791 4974 Non
819 4921 955 4975 enim
987 4918 1125 4975 misit
1165 4933 1243 4973 me
1272 4916 1505 4975 Christus
1537 4918 1817 4992 baptizare,
1848 4923 1937 4978 sed
1959 4940 2173 4998 evange-

600 5019 903 5077 lizare.Nou
919 5022 1197 5093 usurpavit
1223 5023 1434 5080 minora
1461 5023 1663 5093 facere,
1690 5026 1782 5097 qui
1812 5035 2019 5096 poterat
2044 5030 2169 5085 offl-

593 5126 677 5180 cia
706 5124 936 5197 implere
975 5125 1202 5196 majora.
1244 5127 1395 5185 Sicut
1439 5126 1601 5184 hodie
1630 5140 1685 5185 et
1725 5129 2033 5202 episcopus,
2082 5133 2171 5190 vel

597 5222 877 5293 sacerdos,
912 5224 961 5280 si
986 5225 1239 5296 voluerit,
1270 5229 1482 5285 diaconi
1504 5231 1704 5301 poterit
1738 5231 1964 5302 implere
2008 5234 2170 5292 mini-

588 5323 835 5382 sterium.

660 5426 787 5484 Non
809 5428 865 5483 in
884 5425 1140 5500 sapientia
1160 5432 1316 5486 verbi.
1349 5431 1486 5489 Cum
1509 5433 1725 5503 possint
1752 5436 1979 5506 apostoli
2005 5438 2169 5495 etiam

592 5538 870 5582 sermones
899 5526 1181 5597 sapientia:
1224 5531 1522 5601 praedicare
1553 5550 1568 5587 :
1598 5533 1915 5605 simpliciter
1947 5536 2167 5605 docent,

586 5636 658 5678 ne
703 5625 913 5681 astutiae
961 5623 1360 5694 praedicationis
1408 5631 1710 5691 ascribatur
1756 5635 2067 5707 prudentia,
2111 5650 2167 5701 et

584 5730 873 5780 evacuatur
901 5737 1037 5781 crux
1064 5722 1281 5786 Christi.
1556 5736 1565 5741 “

2284 4618 2510 4675 credere
2538 4619 2843 4675 noluerunt.

2359 4710 2425 4765 Et
2447 4708 2625 4766 .erci
2662 4712 2964 4783 sapientiam
2998 4720 3252 4783 quaerunt.
3278 4711 3423 4767 Artis
3447 4709 3773 4780 dialecticae,
3800 4719 3851 4767 et

2288 4801 2540 4858 humanae
2570 4803 2846 4873 sapientiae
2874 4803 3159 4860 rationem.

2363 4894 2477 4949 Nos
2506 4904 2674 4949 autem
2715 4894 3052 4966 prazdicamus
3078 4895 3331 4950 Christum
3352 4892 3675 4961 cruciﬁxum.
3719 4890 3849 4948 Mul-

2286 4998 2401 5044 tum
2440 5002 2592 5044 suam
2629 4987 2927 5045 doctrinam
2973 4988 3041 5044 ab
3080 4986 3292 5043 illorum
3336 4998 3499 5041 sensu
3543 4982 3852 5055 discrepare

2285 5084 2638 5139 demonstrat.

2357 5184 2555 5239 Judteis
2596 5184 2801 5255 quidem
2842 5182 3165 5239 scandalum.
3211 5179 3655 5238 Scandalizantur
3690 5181 3735 5237 si
3763 5196 3851 5237 au-

2289 5280 2445 5337 diunt
2475 5276 2745 5334 Christum
2768 5294 2799 5333 a
2820 5295 2881 5335 se
2907 5277 3242 5336 crucifixum.
3266 5278 3396 5333 Sive
3418 5275 3730 5331 scandalum
3753 5274 3848 5332 illis

2291 5381 2378 5428 est
2406 5371 2594 5427 audire
2619 5371 2890 5427 Christum
2934 5371 3071 5428 mori
3100 5371 3339 5443 potuisse
3358 5413 3373 5438 ,
3401 5384 3561 5439 quem
3591 5369 3669 5423 illi
3709 5368 3847 5439 quasi

2287 5463 2652 5519 immortalem
2692 5474 3029 5533 exspectant.
3062 5465 3189 5522 Inde
3215 5475 3331 5530 est,
3363 5462 3510 5535 quod
3549 5461 3793 5518 dicebant
3832 5478 3844 5513 :

2292 5556 2402 5614 Nos
2431 5554 2737 5613 audivimus
2766 5573 2829 5611 ex
2864 5559 2978 5629 lege
2998 5603 3014 5627 ,
3056 5561 3179 5631 quia
3217 5559 3465 5615 Christus
3498 5567 3680 5613 manet
3709 5558 3757 5611 in
3784 5570 3849 5611 te-

2288 5658 2502 5704 ternum
2534 5663 2546 5699 :
2576 5662 2679 5701 non
2713 5648 3114 5719 intelligenles,
3159 5652 3284 5721 quia
3312 5650 3543 5723 primum
3567 5648 3679 5721 pati
3704 5648 3838 5705 illum

2289 5739 2606 5812 oportebat,
2637 5750 2691 5799 et
2721 5740 2797 5798 sic
2830 5740 2884 5800 in
2913 5742 3142 5813 gloriam
3170 5758 3325 5802 suam
3346 5743 3593 5805 introire.
