4030 6202
210 249 312 308 72!

947 252 1477 311 COMMENTARIUS
1516 252 1582 310 IN
1620 251 2000 311 EPISTOLAM
2037 254 2059 310 I
2097 255 2188 310 AD
2224 254 2381 310 COR.
2422 255 2576 312 CAP.
2617 255 2681 310 ll.
2733 289 2738 297 ι

3361 257 3468 313 722

283 367 532 424 Gentibus
569 377 741 425 autem
779 367 1072 424 stultitiam.
1120 369 1428 426 Secundum
1460 370 1786 426 mundanam
1813 372 1869 432 Α
1959 370 2028 425 Et
2066 372 2427 440 sanctiﬁcatio,
2474 380 2520 425 et
2566 371 2868 443 redemptio.
2897 371 3222 446 Redemptio
3264 379 3465 428 nostrae

205 462 562 531 sapientiam,
609 462 835 519 stultitia
869 462 1080 519 videtur
1119 463 1290 518 Deum
1341 463 1565 520 credere
1608 465 1786 520 cruci-

205 555 398 611 ﬁxum.

285 648 426 721 Ipsis
445 659 616 704 autem
639 651 834 706 uocatis
853 695 866 718 ,
898 649 1098 706 Judteis
1115 660 1266 723 atque
1291 652 1507 718 Grtecis,
1533 651 1791 708 Christum

205 741 313 796 Dei
331 744 587 809 virtutem,
627 752 674 797 et
709 743 810 797 Dei
830 746 1151 816 sapientiam.
1187 745 1286 801 Hic
1315 762 1422 801 non
1449 745 1788 802 divinitatem

203 833 435 902 ChriSti,
467 834 599 890 dicit
626 834 720 891 Dei
746 836 1003 892 virtutem
1037 845 1094 891 et
1122 837 1441 907 sapientiam
1476 855 1490 892 :
1523 837 1618 892 sed
1647 838 1792 892 ordi-

204 927 488 984 nationem
521 928 703 984 crucis
728 947 740 980 :
765 930 901 984 Item
940 929 1098 985 aliter
1124 946 1138 982 :
1170 929 1276 998 Ipsi
1301 929 1497 996 Judaei,
1527 941 1580 984 et
1603 940 1792 1001 gentes

203 1036 335 1078 cum
369 1021 724 1087 crediderint,
756 1022 1062 1093 intelligunt
1089 1021 1344 1078 virtutem
1379 1024 1473 1079 Dei
1501 1037 1644 1087 esse,
1667 1039 1786 1093 qua:

213 1115 434 1172 devicta
464 1123 639 1170 morte
667 1116 940 1171 hominem
971 1117 1246 1169 revocavit
1274 1115 1340 1169 ad
1369 1115 1540 1168 vitam
1567 1155 1582 1178 ,
1615 1125 1668 1168 et
1706 1129 1792 1168 sa-

211 1210 484 1280 pientiam
515 1224 634 1279 quae
646 1213 774 1285 [hos
811 1223 840 1261 a
885 1207 1254 1263 dominatione
1277 1206 1476 1261 diaboli
1519 1205 1788 1271 liberavit,

213 1303 370 1372 quod
413 1311 537 1358 ante
584 1317 677 1373 per
718 1302 1148 1357 incredulitatem
1195 1301 1500 1370 intelligere
1546 1315 1654 1355 non
1695 1315 1788 1354 va-

212 1395 424 1450 lebant.

284 1485 421 1552 Quia
440 1485 576 1550 quod
596 1485 808 1539 stultum
829 1494 902 1540 est
930 1483 1046 1550 Dei,
1071 1484 1350 1556 sapientius
1372 1493 1444 1538 est
1476 1485 1788 1538 hominibus.

203 1578 366 1648 Quod
391 1578 613 1634 stultum
639 1588 854 1648 putatur
876 1579 993 1642 Dei,
1021 1593 1238 1633 omnem
1263 1577 1550 1632 humanam
1574 1577 1791 1647 sapien-

205 1672 339 1728 tiam
373 1672 644 1728 antecedit
674 1690 687 1724 :
725 1673 848 1742 quia
889 1672 1157 1741 sapientia
1186 1686 1281 1725 sua
1314 1671 1530 1726 liberari
1559 1686 1664 1725 non
1694 1685 1792 1739 p0-

202 1776 463 1835 tuerant,
493 1767 580 1837 qui
606 1781 702 1835 per
729 1767 909 1820 crucis
933 1765 1247 1835 mysterium
1285 1774 1408 1818 sunt
1436 1765 1648 1817 salvati.

279 1858 358 1912 Et
394 1859 531 1930 quod
568 1858 832 1926 inﬁrmum
872 1867 943 1910 est
975 1855 1109 1922 Dei,
1147 1857 1331 1926 fortius
1371 1864 1444 1910 est
1478 1855 1787 1909 hominibus.

213 1953 449 2008 Mortem
477 1965 639 2020 quam
669 1964 768 2004 nec
797 1950 1040 2018 gigantes
1064 1947 1294 2003 evadere
1322 1957 1644 2017 potuerunt,
1672 1960 1794 2000 cru-

210 2042 372 2099 ciﬁxi
405 2039 688 2096 infirmitas
716 2041 1009 2110 superavit.

289 2132 478 2188 Videte
515 2133 651 2186 enim
692 2132 1007 2186 vocationem
1047 2140 1300 2194 vestram,
1346 2131 1550 2200 fratres.
1599 2131 1794 2187 Exem-

206 2226 360 2298 plum
399 2224 614 2295 accepit
649 2239 716 2280 ex
755 2224 839 2278 his
880 2223 970 2294 qui
1005 2223 1380 2289 crediderant,
1420 2233 1482 2277 ut
1522 2224 1790 2290 ostendat,

207 2319 337 2390 quia
381 2330 488 2371 non
519 2315 740 2386 prodest
772 2316 1024 2386 gloriatio
1055 2316 1286 2371 carnalis
1337 2314 1403 2369 ad
1451 2313 1613 2369 ﬁdem
1635 2354 1650 2378 ,
1699 2314 1796 2368 sed

209 2415 390 2482 magis
415 2410 591 2477 obest,
624 2408 748 2464 dum
784 2408 1035 2478 superbia
1079 2409 1381 2479 sapientiae,
1413 2415 1468 2462 et
1493 2406 1791 2461 nobilitatis

211 2504 426 2568 inflati,
455 2501 704 2557 homines
731 2500 831 2557 Dei
861 2501 1139 2570 sapientiae
1173 2501 1455 2569 subjacere
1485 2501 1794 2556 noluerunt.

291 2594 429 2660 Quia
471 2609 575 2647 non
622 2592 770 2646 multi
819 2593 1074 2659 sapientes
1118 2591 1395 2647 secundum
1424 2607 1626 2646 carnem
1653 2608 1671 2646 :
1696 2609 1800 2646 non

212 2686 372 2741 multi
400 2695 650 2757 potentes,
675 2701 776 2740 non
796 2686 943 2740 multi
969 2686 1178 2740 nobiles.
1208 2685 1308 2741 Hic
1326 2695 1515 2740 contra
1545 2686 1669 2740 illos
1689 2687 1800 2756 agit

215 2779 466 2850 oblique,
497 2779 586 2850 qui
615 2793 674 2835 se
694 2779 826 2849 legis
847 2779 1068 2848 peritos,
1094 2788 1147 2834 ct
1167 2780 1417 2835 fortiores
1439 2780 1720 2848 apostolis,
1746 2789 1801 2836 et

213 2872 520 2928 nobiliores
565 2887 633 2928 ex
681 2871 1009 2928 sacerdotali
1056 2873 1225 2944 stirpe
1255 2873 1584 2930 descendere
1627 2874 1799 2943 jacta-

211 2963 368 3020 bant.

291 3056 404 3113 Sed
429 3071 542 3126 quae
579 3055 739 3111 stulta
767 3064 887 3110 sunt
913 3057 1092 3110 mundi
1120 3057 1267 3126 elegit
1305 3056 1471 3122 Deus,
1500 3067 1557 3111 ut
1585 3061 1803 3128 confun-

1889 465 2098 522 salutis.

1964 562 2032 618 Ut
2068 564 2496 632 quemadmodum
2525 563 2771 635 scriptum
2797 572 2871 618 est
2908 579 2926 617 :
2957 564 3060 632 Qui
3085 564 3364 638 gloriatur,
3412 567 3468 620 in

1888 655 2112 710 Domino
2137 656 2398 727 glorietur.
2430 657 2548 712 Non
2575 657 2629 712 in
2662 657 2974 730 semetipso,
3014 665 3107 714 aut
3135 660 3188 714 in
3219 659 3470 731 superius

1891 751 2318 822 comprehensis.

2522 887 2749 945 CAPUT
2769 888 2833 945 II.

1961 1023 2031 1077 Et
2055 1040 2146 1098 ego
2172 1041 2287 1080 cum
2311 1027 2552 1080 renissem
2586 1026 2655 1080 ad
2676 1043 2784 1095 vos,
2818 1028 3025 1097 fratres.
3056 1027 3188 1096 Quia
3219 1028 3473 1085 ostende-

1890 1123 1975 1171 rat
2000 1131 2108 1171 non
2135 1118 2256 1173 illos
2284 1117 2483 1173 debere
2511 1119 2800 1174 humanam
2829 1121 3146 1190 sapientiam
3183 1121 3467 1187 admirari,

1889 1224 1989 1265 suo
2010 1224 2221 1280 quoque
2244 1212 2347 1266 hoc
2362 1212 2611 1281 exemplo
2627 1213 2932 1280 confirmat,
2962 1230 3029 1270 eo
3052 1214 3196 1285 quod
3229 1216 3346 1286 ipse
3371 1232 3480 1271 non

1889 1316 1987 1372 per
2016 1301 2302 1356 humanam
2327 1302 2647 1371 sapientiam
2679 1303 3044 1370 praedicasset.

1964 1393 2086 1448 Non
2115 1395 2225 1447 veni
2252 1409 2342 1465 per
2369 1394 2731 1447 sublimitatem
2762 1396 3031 1459 sermonis,
3059 1405 3151 1450 aut
3181 1397 3472 1468 sapientiae,

1891 1487 2200 1540 annuntians
2225 1487 2362 1540 vobis
2393 1486 2732 1541 testimonium
2761 1485 2975 1541 Christi.
3007 1487 3166 1543 Nolui
3209 1493 3479 1559 pompati-

1892 1593 2013 1634 cum
2044 1578 2371 1648 eloquentiae
2394 1577 2599 1647 jactare
2646 1591 2954 1634 sermonem
2997 1579 3050 1634 itt
3095 1580 3484 1649 praedicatione

1891 1672 2090 1728 divina.

1818 1759 1869 1820 B
1968 1763 2091 1816 Non
2130 1763 2263 1816 enim
2289 1764 2521 1834 judicavi
2551 1779 2631 1818 me
2657 1766 2788 1819 scire
2836 1766 3033 1836 aliquid
3062 1766 3199 1822 inter
3239 1785 3349 1837 vos,
3378 1769 3484 1825 nisi

1895 1856 2073 1910 Jesum
2103 1857 2379 1911 Christum.
2404 1856 2463 1911 id
2493 1867 2598 1922 est,
2627 1873 2735 1914 non
2756 1873 2874 1914 sum
2901 1859 3168 1930 gloriatus
3193 1860 3249 1918 in
3275 1863 3476 1935 aliquo,

1896 1950 1998 2005 nisi
2028 1950 2082 2002 in
2109 1949 2345 2003 Christo.

1968 2043 2038 2096 Et
2076 2043 2212 2095 hunc
2252 2041 2574 2111 crucifixum.
2607 2041 2762 2111 Quod
2799 2044 3022 2100 stultum
3063 2047 3205 2115 apud
3232 2047 3484 2106 homines

1897 2148 2018 2190 esse
2043 2133 2276 2188 videtur.

1969 2227 2034 2281 Et
2057 2243 2152 2299 ego
2167 2228 2221 2280 in
2250 2227 2551 2296 inﬁrmitate
2575 2236 2622 2281 et
2651 2228 2852 2294 timore,
2881 2237 2930 2284 et
2959 2237 3180 2285 tremore
3215 2233 3378 2288 multo
3400 2235 3480 2305 fui

1898 2321 2034 2392 apud
2059 2335 2168 2374 vos.
2194 2318 2381 2388 Neque
2412 2320 2555 2375 enim
2599 2321 2708 2376 alio
2737 2320 2897 2376 modo
2935 2322 3106 2378 Deum
3141 2335 3473 2382 convenerat

1897 2412 2179 2483 praedicari
2214 2430 2228 2465 :
2260 2428 2364 2468 non
2390 2413 2671 2482 jactantia,
2707 2431 2882 2486 neque
2902 2415 3076 2485 gloria
3105 2419 3331 2474 carnali.

1971 2501 2039 2557 Et
2059 2519 2225 2559 sermo
2254 2520 2416 2570 meus,
2442 2512 2488 2558 et
2528 2503 2828 2574 praedicatio
2861 2522 2995 2562 mea.
3028 2506 3163 2575 Quia
3203 2507 3480 2566 dialectici

1901 2607 2058 2656 erant
2083 2597 2384 2666 Corinthii,
2417 2599 2588 2654 noluit
2617 2601 2757 2670 apud
2807 2601 2933 2657 illos
2973 2602 3338 2673 disputatione
3366 2607 3468 2676 uti,

1901 2705 1970 2746 ne
1999 2691 2102 2746 hoc
2123 2703 2338 2761 quoque
2381 2691 2487 2746 illis
2515 2707 2652 2748 nova
2684 2692 2860 2762 aliqua
2887 2693 3227 2768 philosophia
3255 2698 3475 2756 videre-

1901 2791 2008 2850 tur,
2047 2781 2143 2838 sed
2188 2781 2359 2852 magis
2402 2782 2509 2837 illis
2553 2783 2808 2850 virtutes,
2860 2795 2914 2841 et
2954 2785 3208 2844 miracula
3249 2789 3475 2847 demon-

1902 2879 2116 2934 stravit.

1973 2969 2100 3025 Non
2142 2972 2196 3024 in
2237 2971 2656 3041 persuasibilibus
2694 2971 2933 3029 humatus
2966 2973 3238 3042 sapientia:
3289 2978 3476 3048 verbis,

1905 3063 1993 3116 sed
2034 3063 2087 3115 in
2117 3061 2402 3116 ostensione
2429 3063 2639 3133 spiritus
2669 3071 2714 3116 et
2759 3063 2984 3118 virtutis.
3015 3064 3151 3132 Quia
3203 3066 3472 3124 rhetorica

217 3152 310 3205 dat
335 3152 616 3222 sapientes,
645 3159 691 3204 et
718 3149 929 3216 infirma
956 3150 1135 3202 mundi
1161 3151 1310 3219 elegit
1339 3148 1496 3216 Deus,
1521 3161 1576 3204 ut
1597 3153 1805 3222 confun-
1831 3147 1876 3212 C
1907 3156 2067 3212 habet
2102 3157 2309 3212 colores
2350 3159 2721 3226 persuasorios
2765 3159 2821 3214 in
2862 3174 3186 3230 unaquaque
3228 3161 3472 3215 materia.

218 3248 310 3300 dat
337 3246 497 3316 fortia
519 3261 537 3297 :
567 3252 617 3298 et
637 3242 886 3315 ignobilia
915 3243 1116 3306 mundi,
1149 3253 1196 3297 et
1225 3245 1619 3314 conternptibilia
1655 3246 1806 3317 elegit

215 3339 386 3396 Deus.
413 3340 548 3406 Quia
595 3339 725 3395 dum
751 3339 806 3393 in
836 3339 1140 3408 semetipsis
1169 3353 1276 3394 non
1307 3339 1673 3405 confidebant,
1719 3355 1806 3396 ce-

217 3435 393 3489 lerius
431 3433 802 3489 crediderunt.
835 3433 1062 3503 Semper
1094 3433 1234 3488 enim
1264 3432 1607 3503 sapientium,
1643 3441 1697 3488 et
1727 3433 1805 3487 di-

217 3526 418 3593 vitum,
473 3536 528 3583 et
554 3527 774 3583 fortium
819 3528 990 3597 gloria
1020 3526 1351 3596 increpatur,
1383 3527 1521 3582 sicut
1562 3527 1631 3582 ait
1675 3527 1806 3582 Pro-

227 3619 395 3691 pheta
427 3637 441 3675 :
471 3619 587 3676 Non
614 3620 876 3692 glorietur
899 3620 1113 3690 sapiens
1134 3620 1187 3674 in
1219 3620 1476 3689 sapientia
1496 3635 1613 3684 sua,
1633 3635 1806 3688 neque

224 3712 382 3769 fortis
405 3712 460 3768 in
489 3711 804 3768 fortitudine
826 3727 946 3778 sua,
979 3727 1155 3783 neque
1176 3711 1329 3767 dives
1354 3714 1406 3766 in
1431 3711 1628 3766 divitiis
1653 3713 1766 3766 suis
1792 3731 1803 3764 :

223 3806 323 3860 sed
353 3805 473 3875 ipse
494 3805 753 3861 Dominus
779 3805 921 3875 quod
956 3819 1054 3874 per
1080 3803 1406 3873 Prophetam
1439 3804 1665 3869 dixerat,
1692 3805 1808 3873 ipse

224 3896 290 3951 ad
314 3906 560 3953 nostrum
588 3898 884 3967 complevit
909 3897 1233 3967 exemplum.
1265 3896 1545 3951 Nascendo
1569 3897 1711 3950 enim
1741 3897 1808 3950 de

223 3999 402 4045 matre
446 4005 701 4060 paupere,
728 3990 942 4044 divitias
969 3989 1298 4057 reprohavit.
1347 3989 1480 4042 Dum
1506 3996 1688 4042 autem
1722 3988 1809 4042 lit-

223 4090 372 4136 teras
401 4095 509 4135 non
533 4081 713 4148 discit,
737 4080 938 4135 refutat
965 4081 1286 4149 sapientiam
1310 4079 1648 4134 saecularem.
1673 4078 1808 4133 Cum

222 4187 360 4229 vero
386 4171 618 4226 traditus
641 4187 746 4226 non
773 4171 1000 4238 resistit,
1032 4173 1126 4226 sed
1148 4171 1418 4240 patienter
1437 4172 1668 4226 sustinet
1687 4186 1810 4226 cru-

223 4280 370 4334 cem,
400 4263 456 4318 in
483 4263 717 4318 humana
745 4261 1058 4318 fortitudine
1083 4262 1334 4332 prohibet
1353 4262 1596 4333 gloriari.
1621 4262 1810 4317 Humi-

225 4359 358 4414 lient
379 4372 513 4429 ergo
546 4371 607 4413 se
635 4357 748 4412 Deo
774 4355 1108 4425 huiusmodi,
1137 4356 1183 4412 si
1211 4356 1400 4411 volunt
1441 4364 1496 4412 et
1539 4357 1644 4426 ipsi
1687 4370 1808 4410 cum

229 4452 444 4508 czeteris
476 4449 722 4506 liberari.

1981 3247 2048 3303 Ut
2072 3247 2202 3317 ﬁdes
2223 3257 2392 3303 vestra
2416 3265 2519 3303 non
2541 3251 2608 3303 sit
2634 3251 2690 3303 in
2716 3251 2972 3320 sapientia
2992 3251 3278 3318 hominum,
3305 3252 3394 3306 sed
3425 3253 3480 3306 in

1906 3340 2092 3394 virtute
2114 3339 2234 3395 Dei.
2263 3339 2539 3411 Sapientia
2576 3341 2808 3396 hominis
2837 3342 3174 3412 temporalis,
3208 3343 3275 3396 ad
3303 3343 3468 3400 breve

1903 3434 2145 3505 prodest.
2175 3432 2361 3488 Virtus
2389 3441 2565 3488 autem
2596 3434 2694 3489 Dei
2723 3443 2785 3489 ut
2813 3445 3039 3504 aeterna,
3067 3435 3160 3490 dat
3201 3436 3321 3493 sine
3365 3437 3474 3494 fine

1905 3525 2228 3595 profectum.

1897 3601 1900 3604 Δ
1977 3618 2304 3690 Sapientiam
2329 3626 2495 3670 autem
2518 3616 2774 3687 loquimur
2800 3619 2935 3674 inter
2964 3619 3234 3691 perfectos.
3258 3619 3337 3678 Ne
3366 3636 3467 3693 pu-

1907 3713 2035 3765 tetis
2060 3719 2115 3765 et
2144 3724 2244 3764 nos
2289 3709 2608 3780 sapientiam
2637 3726 2743 3768 non
2783 3712 2983 3770 habere
3007 3731 3022 3767 :
3045 3714 3310 3771 habemus
3329 3715 3474 3772 divi.

1907 3815 2051 3870 nam,
2085 3801 2180 3855 sed
2227 3815 2322 3856 vos
2363 3802 2473 3870 jam
2509 3813 2639 3859 tunc
2689 3820 2886 3875 capere
2914 3805 3136 3863 minime
3164 3809 3428 3878 poteratis
3460 3824 3476 3864 :

1907 3909 2027 3964 qua:
2048 3893 2159 3961 jam
2185 3892 2526 3951 credentibus
2552 3897 2810 3965 aperitur.

1980 3984 2300 4056 Sapientiam
2341 4003 2457 4041 vero
2494 4004 2598 4042 non
2638 3990 2791 4064 hujus
2836 3992 3035 4060 saeculi,
3080 4009 3240 4063 neque
3281 3993 3480 4066 princi-

1909 4093 2030 4144 pum
2073 4077 2226 4148 hujus
2265 4079 2475 4146 seaculi,
2524 4081 2612 4150 qui
2660 4081 3016 4142 destruuntur.
3069 4083 3198 4140 Sive
3247 4099 3434 4154 regum
3463 4127 3478 4153 ,

1907 4169 2021 4222 sive
2049 4167 2510 4240 philosophorum,
2553 4173 2644 4242 qui
2686 4173 2740 4229 in
2791 4174 2894 4231 hoc
2936 4175 3138 4232 saeculo
3179 4174 3468 4245 primatum

1909 4262 2187 4332 sapientiae
2233 4272 2417 4320 tenere
2451 4265 2722 4324 videntur.
2749 4268 2852 4336 Qui
2895 4285 3019 4325 cum
3069 4270 3328 4340 sapientia
3379 4284 3478 4327 sua

1910 4366 2008 4422 per
2033 4361 2275 4408 nostrum
2306 4354 2658 4427 Evangelium
2686 4358 3056 4417 destruuntur.

1987 4446 2090 4503 Sed
2116 4446 2374 4518 loquimur
2391 4449 2490 4504 Dei
2515 4452 2824 4524 sapientiam
2849 4455 2904 4509 in
2930 4455 3191 4527 mysterio,
3218 4469 3332 4527 qua
3359 4455 3476 4511 abs-

300 4544 368 4599 Et
388 4562 449 4601 ea
471 4561 586 4616 qua:
606 4561 709 4599 non
733 4553 874 4613 sunt,
898 4552 953 4598 ut
978 4561 1039 4598 ea
1063 4559 1176 4615 qua:
1201 4553 1318 4600 sunt
1348 4545 1650 4600 destrueret.
1678 4545 1809 4613 Quae
1833 4528 1887 4587 D
1912 4540 2117 4594 Condita
2143 4549 2238 4594 est.
2268 4541 2324 4596 In
2351 4541 2644 4614 Evangelia
2669 4563 2681 4598 :
2707 4544 2850 4615 quod
2875 4546 3116 4603 continet
3138 4545 3477 4604 nativitatem

233 4651 336 4693 non
365 4647 492 4694 sunt
520 4637 808 4708 sapientia,
843 4636 1024 4704 fortia,
1055 4637 1288 4702 nobilia;
1338 4647 1398 4693 ut
1433 4653 1553 4709 quae
1577 4646 1704 4694 sunt
1731 4645 1810 4692 ta-

243 4729 307 4785 lia
334 4731 645 4804 dissiparet.

310 4824 378 4880 Ut
397 4842 500 4880 non
528 4823 778 4896 glorietur
807 4825 972 4879 omnis
996 4840 1115 4880 caro
1143 4825 1199 4879 in
1223 4833 1494 4897 conspectu
1523 4825 1650 4894 eius.
1683 4827 1805 4879 0m-

239 4915 322 4970 nis
349 4931 496 4988 caro,
527 4931 637 4974 non
688 4917 954 4987 spiritus:
987 4917 1110 4988 quia
1163 4915 1397 4971 carnalis
1425 4925 1512 4972 est
1555 4915 1659 4970 ista
1699 4915 1812 4986 glo-

242 5009 416 5067 riatio.

315 5101 393 5157 Ex
413 5106 524 5176 ipso
557 5116 734 5161 autem
758 5121 848 5160 uos
877 5105 1001 5159 estis
1023 5105 1080 5157 in
1102 5102 1306 5160 Christo
1331 5101 1477 5157 Iesu.
1510 5099 1568 5157 Si
1593 5115 1722 5171 ergo
1748 5115 1814 5158 ex

250 5193 364 5261 ipso
387 5200 536 5268 estis,
567 5200 734 5256 nolite
763 5213 825 5254 ea
849 5214 966 5270 quae
997 5198 1090 5254 ille
1111 5197 1366 5268 reprobat
1391 5195 1664 5250 admirari.

327 5283 419 5346 Qui
447 5287 632 5345 Factus
654 5299 726 5345 est
739 5290 885 5344 nobis
913 5289 1168 5360 sapientia
1187 5287 1373 5359 aIDeo,
1397 5297 1442 5341 et
1469 5286 1690 5362 iustitia.
1713 5284 1818 5340 No-

1911 4633 2132 4699 Christi,
2164 4636 2495 4704 passionem,
2519 4644 2575 4691 et
2599 4647 2817 4693 caetera.

1983 4724 2150 4791 Quam
2170 4725 2551 4796 prtzdestinavit
2572 4726 2710 4780 Deus
2734 4735 2853 4782 ante
2872 4727 3087 4783 stecula.
3107 4726 3235 4786 Sive
3263 4727 3320 4785 in
3347 4741 3484 4801 pm-

1913 4818 2112 4882 sentia,
2144 4818 2258 4871 sive
2289 4818 2344 4870 in
2375 4817 2516 4888 Lege
2549 4827 2674 4875 ante
2702 4828 2968 4892 tempora.
2999 4820 3152 4878 Multi
3179 4822 3325 4880 enim
3357 4837 3480 4895 pro-

1914 4915 2092 4984 phetae
2113 4913 2396 4981 cupierunt
2425 4913 2636 4980 videre,
2668 4925 2724 4973 et
2751 4931 2860 4973 non
2888 4916 3164 4974 viderunt.

1985 5002 2053 5056 In
2075 5003 2292 5074 gloriam
2332 5012 2581 5058 nostram.
2615 5005 2717 5074 Qui
2743 5008 3016 5065 credimus
3042 5009 3289 5069 Christo.

1919 5084 1930 5093 ’
1989 5096 2158 5163 Quam
2187 5111 2334 5151 nemo
2364 5097 2652 5168 principum
2682 5099 2840 5172 hujus
2878 5103 3057 5158 surculi
3109 5105 3367 5178 cognovit.
3403 5105 3494 5164 Pi-

1916 5191 2078 5258 latus,
2110 5190 2361 5262 Caiphas,
2391 5199 2446 5247 et
2479 5195 2685 5263 caeteri,
2717 5211 2947 5266 quorum
2985 5200 3149 5256 etiam
3175 5199 3486 5272 ignorantia

1920 5283 2204 5339 damnatur
2229 5301 2242 5339 :
2269 5284 2392 5354 quia
2422 5299 2528 5340 non
2555 5286 2859 5346 debuerant
2884 5291 3158 5363 ignorare.

257 5372 338 5428 bis
365 5375 528 5435 factus
556 5392 659 5448 est,
689 5382 793 5438 sibi
818 5397 1037 5454 semper
1062 5382 1161 5438 fuit
1188 5399 1201 5436 :
1232 5390 1291 5436 ut
1326 5380 1534 5438 scilicet
1559 5394 1658 5436 nos
1681 5379 1822 5436 face-

259 5475 343 5520 ret
363 5471 638 5542 sapientes,
662 5485 718 5532 et
742 5478 938 5546 justos,
965 5485 1020 5532 et
1047 5486 1281 5533 sanctos.
1316 5477 1450 5533 item
1481 5475 1584 5531 alia
1610 5475 1822 5546 exposi-

263 5557 374 5612 tio:
403 5560 528 5621 Cum
559 5568 629 5621 sit
655 5569 902 5626 Christus
935 5571 1030 5627 Dei
1067 5571 1240 5627 Patris
1269 5572 1553 5642 sapientia,
1589 5580 1716 5626 tunc
1743 5578 1822 5624 ta-

266 5667 388 5709 men
414 5669 530 5714 cum
555 5663 674 5732 quis
700 5664 758 5723 in
781 5665 934 5726 illum
962 5664 1273 5735 crediderit,
1303 5665 1574 5736 sapientia
1600 5664 1650 5724 ei
1671 5662 1828 5722 Chri-

276 5749 389 5804 stus
414 5748 656 5812 efﬁcitur.

1994 5375 2058 5432 Si
2103 5377 2238 5430 enim
2277 5378 2647 5448 cognovissent,
2672 5398 2952 5454 numquam
2998 5382 3278 5441 Dominum
3311 5387 3494 5460 gloria:

1929 5469 2212 5539 majestatis
2249 5469 2640 5538 cruciﬁxissent.
2678 5471 2792 5528 Hoc
2837 5476 2958 5531 loco
2997 5476 3066 5531 ad
3115 5475 3490 5533 defensionem

1930 5561 2170 5632 perversi
2201 5559 2497 5630 dogmatis,
2522 5562 2642 5617 duae
2671 5563 2902 5622 haereses
2933 5567 3247 5638 abutuntur,
3277 5567 3489 5641 Apolli-

1933 5652 2075 5708 narii
2102 5653 2306 5709 scilicet
2351 5661 2407 5708 et
2440 5654 2573 5711 Arii.
2609 5654 2756 5726 Una,
2787 5667 2846 5715 ut
2881 5659 3176 5730 perfectam
3226 5661 3490 5735 assumpti

1942 5745 2177 5804 hominis
2199 5755 2448 5806 naturam
2471 5748 2732 5808 destmat.
2762 5750 2905 5823 Alia,
2931 5761 2990 5814 ut
3017 5753 3114 5814 Dei
3140 5755 3376 5816 Verbum
3401 5769 3495 5813 ss-
