4030 6202
532 239 638 298 723

1560 227 1617 280 5.
1659 217 2039 278 iilEﬂONYli
2075 213 2358 271 OPBRUH
2400 207 2758 267 MANTISSA.

3700 200 3826 257 72!

538 367 693 413 serat
738 374 860 415 esse
899 351 1172 428 passibile,
1210 358 1388 415 neque
1427 352 1454 381 ι
1484 349 1599 394 erat
1647 337 1975 405 intelligens,
1998 345 2111 386 ma-
2141 330 2191 389 A
2222 326 2466 386 Secundo
2491 335 2837 380 contemnere
2881 320 3114 425 propria.
3146 319 3310 428 bona,
3337 316 3497 422 alteri
3547 314 3806 428 praebere

537 448 758 518 jestatis
807 423 1084 503 Dominum
1139 439 1302 493 etiam
1350 441 1685 500 assumptum
1716 426 1988 482 hominem
2038 423 2120 476 di-

547 554 696 596 ctum
725 561 738 594 :
765 555 935 609 neque
965 539 1061 588 ista
1093 534 1291 595 sciens,
1313 542 1420 582 non
1448 523 1768 583 divinitatis,
1801 519 1896 576 sed
1921 520 2114 572 huma-

546 635 729 688 nitatis
752 629 1056 698 passibiiem
1085 637 1208 678 esse
1232 632 1499 675 naturam.
1530 618 1662 672 Item
1683 616 1792 668 alia
1814 611 2116 680 expositio:

545 725 806 779 Dominus
829 716 1126 788 majestatis
1145 728 1307 768 carne
1327 713 1547 782 patitur,
1573 722 1734 762 carne
1757 703 2118 772 cruciﬁgitur,

543 833 707 872 carne
736 814 981 874 moritur,
999 807 1300 863 substantia
1326 815 1506 861 autem
1532 800 1748 856 deitatis
1774 793 2120 867 impassibilis

542 923 643 967 est.
679 911 743 963 Et
775 906 938 961 simili
974 903 1132 956 modo
1159 899 1318 956 etiam
1351 895 1630 966 apostolus
1661 894 1856 947 Petrus
1893 897 2123 944 testatur

543 1006 594 1058 in
621 1001 858 1071 Epistula
888 1012 982 1052 sua
1011 996 1283 1051 Christum
1307 1003 1406 1062 pro
1427 991 1586 1045 nobis
1605 989 1661 1042 in
1684 1002 1850 1041 carne
1876 989 2116 1054 passum,

545 1096 729 1150 dicens
763 1110 777 1145 :
805 1093 893 1161 qui
929 1095 1149 1160 peccata
1186 1095 1369 1141 nostra
1404 1084 1519 1154 ipse
1548 1081 1785 1149 portavit
1807 1081 1860 1133 in
1893 1091 2123 1144 corpore

544 1203 643 1242 suo
691 1200 852 1254 super
901 1183 1124 1253 lignum.
1164 1180 1300 1235 item
1348 1177 1456 1232 alio
1503 1176 1651 1241 loco,
1700 1172 1920 1227 Christo
1961 1169 2124 1240 igitur

546 1296 711 1351 passo,
735 1279 787 1333 in
819 1293 1008 1334 carne.

615 1372 765 1428 Sicut
787 1373 1037 1441 scriptum
1059 1379 1156 1432 est,
1182 1366 1320 1438 quod
1345 1364 1527 1419 oculus
1546 1375 1648 1416 non
1681 1362 1830 1427 vidit,
1857 1373 1952 1414 nec
1980 1359 2124 1412 amis

545 1463 767 1527 audiuit,
797 1477 891 1516 nec
922 1462 976 1514 in
1005 1476 1093 1514 cor
1121 1457 1345 1512 hominis
1383 1455 1640 1513 ascendit.
1671 1467 1786 1522 autc
1813 1450 2125 1523 pmparavit

549 1555 692 1610 Deus
739 1556 820 1610 his
863 1555 952 1626 qui
996 1553 1224 1626 diligunt
1265 1550 1434 1604 illum.
1469 1550 1888 1604 Memoratorum
1919 1543 2127 1600 scilicet

549 1648 854 1718 principum
889 1661 1042 1700 mens
1073 1647 1187 1699 hazc
1215 1642 1398 1698 videre
1446 1657 1549 1695 non
1581 1639 1755 1708 potuit
1789 1655 1804 1694 ε
1833 1637 1960 1707 quia
1999 1645 2124 1691 ore-

2221 423 2516 483 maxillam,
2542 429 2595 474 et
2619 427 2815 473 uetera
2845 417 2925 470 his
2952 414 3152 470 similia
3182 412 3386 466 Christi
3417 411 3698 465 mandata.

2293 515 2600 580 Spiritualis
2642 523 2811 564 autem
2834 511 3040 580 judicat
3089 509 3283 570 omnia,
3312 518 3360 560 et
3395 508 3505 571 ipse
3535 523 3566 557 (ι
3593 505 3809 558 nemine

2213 609 2482 681 judicatur
2501 623 2521 659 :
2548 607 2676 659 sicut
2705 605 2952 669 scriptum
2981 610 3084 655 est.
3117 599 3334 652 Iudicat
3382 613 3518 652 vana
3565 612 3715 660 esse,
3751 598 3810 650 in

2223 698 2415 768 quibus
2444 697 2690 751 carnales
2721 694 2965 748 homines
2994 691 3357 745 delectantur.
3392 691 3456 743 Et
3488 690 3605 758 ipse
3638 691 3714 742 ita
3750 703 3816 742 se

2225 791 2356 858 agit,
2379 799 2438 842 ut
2485 805 2515 843 a
2548 789 2764 844 nemine
2789 786 3084 854 judicetnr.
3116 784 3251 839 Sive
3291 783 3472 838 omnia
3504 782 3817 852 spiritualis

2225 882 2504 945 discernit,
2529 891 2582 934 et
2613 878 2867 949 intelligit
2901 897 2913 931 :
2949 886 3005 932 et
3034 889 3227 930 sensus
3273 875 3422 929 illius
3470 875 3540 929 ab
3587 874 3820 930 homine

2228 993 2337 1030 non
2365 974 2683 1044 intelligitur
2702 971 2943 1028 animali.
2975 970 3107 1025 Item
3133 968 3240 1023 alia
3261 967 3531 1036 expositio
3566 986 3579 1020 :
3605 967 3806 1022 Omnia

2227 1069 2382 1134 dicit,
2413 1083 2532 1136 quae
2561 1077 2687 1122 sunt
2717 1063 3037 1134 spiritualia.
3063 1060 3180 1116 Non
3212 1061 3356 1116 enim
3388 1070 3535 1114 artes
3563 1069 3618 1114 et
3646 1059 3820 1112 disci—

2225 1160 2399 1232 plinas
2421 1158 2583 1226 hujus
2609 1155 2816 1222 mundi,
2846 1152 3097 1209 animalis
3127 1152 3292 1208 homo
3321 1153 3421 1208 nisi
3452 1151 3817 1222 spiritualiter

2229 1251 2514 1320 intelligat,
2544 1251 2685 1304 scire
2714 1256 2912 1318 potest.

2302 1344 2432 1409 Quis
2463 1344 2597 1396 enim
2628 1343 2863 1412 cognovit
2894 1356 3096 1395 sensum
3129 1337 3378 1402 Domini,
3416 1347 3506 1392 aut
3551 1340 3670 1408 quis
3721 1339 3817 1394 iss-

2231 1437 2417 1492 strutcit
2449 1437 2605 1489 eum?
2636 1434 2864 1488 Sensum
2903 1432 3139 1494 Domini,
3166 1431 3256 1499 qui
3281 1439 3364 1485 est
3400 1431 3452 1484 in
3483 1428 3611 1484 viris
3633 1429 3815 1498 spiri-

2231 1528 2486 1594 tualibus,
2518 1530 2636 1582 sine
2666 1527 2858 1596 spiritu
2891 1525 2986 1579 Dei
3027 1539 3183 1578 nemo
3207 1523 3476 1594 cognovit.
3505 1523 3634 1578 item
3666 1536 3806 1576 sen-

2231 1634 2348 1683 sus,
2376 1619 2462 1674 hic
2493 1619 2906 1686 intelligentiam
2939 1616 3220 1685 signiﬁcat.

549 1708 678 1796 dere
723 1708 1036 1795 noluerunt.
1082 1735 1308 1802 Quidam
1361 1747 1490 1788 sane
1545 1731 1751 1795 dicunt,
1777 1729 1966 1784 oculus
2009 1742 2116 1783 non
2148 1717 2194 1778 Β
2298 1714 2414 1770 Νοε
2447 1724 2619 1768 amem
2655 1730 2861 1769 δεηειυη
2889 1711 3078 1769 alim“
3105 1710 3366 1766 habent“.
3395 1709 3496 1778 Qui
3533 1708 3812 1780 Spiritum

550 1831 686 1887 vidit
713 1831 974 1900 virginem
1014 1827 1314 1898 peperisse,
1347 1839 1446 1878 nec
1495 1825 1642 1878 auris
1691 1821 1898 1876 audivit
1930 1837 1941 1873 :
1970 1820 2123 1876 Tunc

543 1926 674 1994 justi
718 1925 858 1978 sicut
907 1921 991 1976 sol
1034 1921 1333 1989 fulgebunt.
1359 1916 1460 1982 Qui
1503 1915 1665 1970 habet
1709 1928 1889 1977 aures,
1924 1911 2120 1982 inquit,

544 2014 816 2078 audiendi,
847 2012 1033 2067 audiat
1064 2027 1078 2064 :
1128 2018 1184 2064 et
1211 2007 1265 2063 in
1307 2021 1400 2062 cor
1433 2005 1668 2061 hominis
1701 2020 1805 2060 non
1853 2003 2118 2069 ascendit,

546 2105 794 2160 homines
823 2102 1137 2158 cohzcredes
1167 2099 1386 2155 Christo
1417 2099 1644 2153 futuros.

616 2195 783 2252 Nobis
808 2204 980 2251 autem
1008 2194 1244 2248 reuelauit
1275 2193 1414 2247 Deus
1440 2209 1529 2260 per
1550 2192 1794 2260 spiritum
1820 2207 1992 2246 suum.
2017 2191 2125 2247 Νο-

545 2291 652 2354 bis,
680 2291 769 2360 qui
809 2288 916 2344 iide
957 2291 1254 2343 meruimus
1289 2286 1542 2355 spiritum
1588 2285 1682 2340 Dei
1727 2285 2001 2354 accipere,
2031 2285 2124 2354 qui

547 2382 702 2436 nobis
735 2381 1066 2438 voluntatem
1089 2379 1206 2448 eius
1236 2377 1495 2434 ostendit.
1574 2425 1580 2442 ,

616 2475 845 2544 Spiritus
872 2474 1004 2527 enim
1034 2475 1202 2527 omnia
1227 2480 1510 2532 scrutatur,
1538 2472 1694 2524 etiam
1716 2470 1978 2540 profunda
2003 2468 2118 2524 Dei.

549 2569 726 2630 Etiam
749 2581 870 2636 quin
899 2569 950 2622 in
983 2577 1198 2623 secuto
1226 2565 1320 2620 Dei
1349 2564 1580 2618 consilio
1613 2563 2032 2631 conquiescunt.

620 2659 745 2725 Quis
784 2659 922 2711 enim
962 2659 1058 2712 scit
1101 2656 1386 2716 hominum,
1421 2670 1535 2725 qua
1561 2663 1678 2707 sunt
1725 2651 1946 2705 hominis
1979 2667 1998 2705 ,ν
2023 2651 2124 2706 nisi

548 2750 759 2820 spiritus
787 2748 1030 2814 hominis,
1057 2751 1142 2816 qui
1168 2748 1221 2798 in
1248 2748 1361 2816 ipso
1382 2746 1495 2802 est?
1521 2743 1606 2798 Ita
1633 2755 1680 2800 et
1718 2759 1832 2811 qua:
1860 2743 1957 2798 Dei
1981 2754 2124 2806 sunt,

549 2858 694 2895 nemo
740 2843 976 2909 coynovit
1027 2842 1126 2893 nisi
1175 2841 1386 2911 spiritus
1433 2839 1550 2893 Dei.
1594 2840 1725 2905 Qua:
1771 2839 2126 2909 cogitationes

551 2943 836 2990 versentur
880 2934 933 2987 in
974 2933 1213 2988 homine.
1243 2934 1374 2989 item
1407 2934 1512 2988 alia
1552 2934 1819 3004 expositio
1847 2954 1862 2988 :
1894 2934 2128 2989 Praela-

551 3043 674 3083 rum
719 3025 822 3082 hoc
850 3026 1109 3081 adversus
1136 3025 1445 3091 hereticos,
1477 3028 1568 3097 qui
1619 3038 1924 3083 creaturam
1955 3027 2127 3098 Spiri-

2226 1817 2468 1864 sanctum
2496 1808 2827 1878 accepimus.

2834 1963 3059 2022 CAPUT
3090 1963 3180 2020 Ill.

2297 2103 2363 2158 Et
2393 2118 2510 2174 ego,
2545 2105 2756 2173 fratres,
2784 2113 2889 2155 non
2925 2098 3072 2172 potui
3098 2096 3241 2152 vobis
3281 2095 3422 2166 loqui
3445 2092 3600 2168 quasi
3639 2093 3802 2162 spiri-

2226 2195 2472 2260 tualibus,
2500 2195 2592 2248 sed
2625 2194 2776 2263 quasi
2814 2191 3129 2246 carnalibus.
3159 2189 3315 2244 Modo
3346 2189 3564 2250 timens.
3597 2201 3666 2242 ne
3702 2202 3812 2255 pu-

2226 2295 2342 2344 tent
2371 2287 2472 2342 hoc
2493 2286 2668 2340 solum
2693 2285 2896 2340 habere
2923 2297 3146 2338 sensum
3182 2281 3421 2348 Domini,
3445 2278 3591 2350 quod
3619 2277 3722 2350 ipsi
3750 2287 3812 2332 ut

2226 2380 2432 2448 parvuli
2483 2378 2769 2432 audierant
2802 2393 2818 2430 ε
2851 2390 2980 2440 non,
3016 2374 3208 2444 inquit,
3244 2374 3296 2426 in
3331 2385 3419 2426 me
3460 2385 3650 2425 sensus
3695 2371 3802 2424 Da-

2227 2471 2356 2525 mini
2390 2471 2608 2529 defecnt.
2640 2472 2733 2524 sed
2766 2469 2918 2522 vobis
2948 2469 3115 2521 virtus
3144 2466 3318 2521 defuit
3351 2464 3635 2519 audiendi.
3667 2463 3800 2518 Item

2226 2565 2328 2618 alia
2378 2563 2690 2640 expositio:
2721 2563 2913 2632 Arguit
2954 2562 3249 2630 Apostolus
3289 2558 3626 2622 Corinthios,
3659 2557 3802 2626 quod

2226 2658 2452 2727 gratiam
2501 2670 2662 2726 quam
2713 2656 2766 2708 in
2820 2654 3094 2723 principio
3141 2653 3430 2708 credentes
3458 2661 3805 2720 acceperunt,

2228 2748 2581 2821 perdiderint.
2613 2749 2837 2804 Videtur
2869 2757 3050 2803 autem
3098 2745 3200 2802 hoc
3249 2746 3370 2800 loco
3423 2746 3703 2802 universos
3752 2745 3808 2798 in

2227 2859 2514 2900 commune
2562 2844 2868 2911 increpare.
2907 2840 3041 2895 Cum
3086 2839 3138 2894 hi
3183 2838 3687 2909 reprehendantur,
3714 2837 3808 2908 qui

2227 2953 2334 2992 non
2355 2937 2510 3007 juxta
2542 2934 2700 2990 ﬁdem
2721 2944 3134 2988 convcrsnntur.

2301 3029 2580 3098 Tamquam
2622 3028 2852 3098 paruulis
2890 3027 2941 3080 in
2977 3024 3205 3080 Christo.
3231 3022 3348 3079 Non
3379 3032 3543 3080 aetate
3577 3023 3802 3089 carnali,

550 3129 664 3178 tum
695 3118 1160 3182 sanetumdicunt.
1187 3117 1337 3172 Unde
1361 3118 1449 3172 hic
1473 3118 1784 3173 ostenditur
1809 3133 1914 3172 non
1945 3119 2122 3174 solum
2151 3103 2197 3170 Ο
2226 3122 2320 3178 sed
2347 3124 2402 3184 in
2429 3121 2668 3177 Christo.

552 3221 855 3267 creaturam
883 3224 988 3264 non
1017 3223 1160 3275 esse,
1194 3224 1385 3270 verum
1424 3209 1610 3273 etiam,
1641 3210 1786 3278 quod
1836 3210 1950 3276 ipse
1978 3210 2128 3266 solus

552 3301 807 3358 interiora
832 3300 952 3367 Dei,
988 3308 1042 3355 et
1067 3299 1339 3369 profunda
1370 3300 1598 3356 rimetur
1634 3317 1645 3352 :
1679 3301 1879 3370 quippe
1910 3308 1967 3354 ut
1991 3301 2131 3369 ejus-

559 3393 681 3450 dem
709 3402 913 3448 natura!
940 3404 1102 3464 atque
1131 3393 1448 3452 substantia
1469 3392 1539 3446 sit
1561 3407 1682 3446 cum
1708 3392 1946 3446 Christo.

623 3485 737 3539 Nos
783 3495 954 3540 autem
995 3503 1099 3539 non
1136 3485 1376 3557 spiritum
1400 3484 1558 3556 hujus
1585 3486 1764 3536 mundi
1811 3486 2127 3554 occepimus,

554 3580 641 3633 sed
691 3579 927 3645 spiritum
976 3580 1151 3648 quies:
1201 3580 1310 3634 Deo
1353 3588 1448 3632 est.
1485 3577 1825 3647 Quicumque
1854 3578 2127 3635 mundana

553 3674 716 3742 sapit,
747 3687 856 3726 non
886 3672 1138 3740 spiritum
1166 3672 1262 3726 Dei
1294 3672 1508 3732 videtur
1533 3672 1753 3737 habere,
1779 3673 1873 3727 sed
1917 3675 2124 3729 mundi.

629 3764 697 3820 Ut
725 3764 944 3818 sciamus
971 3779 1082 3832 qua
1104 3783 1136 3818 a
1166 3766 1275 3819 Deo
1303 3765 1494 3818 donata
1519 3776 1641 3820 sunt
1688 3767 1852 3820 nobis.
1885 3767 1953 3821 Ut
1993 3768 2130 3822 scia-

555 3871 675 3911 mus
727 3865 924 3926 quanta
983 3857 1137 3909 nobis
1177 3870 1204 3909 a
1252 3855 1364 3910 Deo
1403 3857 1598 3912 collata
1634 3866 1762 3914 sunt
1793 3873 1888 3927 per
1923 3858 2126 3916 Christi

555 3949 866 4014 adventum.

628 4045 758 4111 ραω
794 4052 840 4096 et
867 4041 1127 4110 loquimur
1165 4058 1268 4098 non
1297 4043 1352 4096 in
1385 4043 1551 4097 doctis
1591 4043 1830 4098 humana:
1863 4047 2132 4116 sapientia!

559 4140 740 4201 verbis,
765 4138 852 4193 sed
881 4140 933 4190 in
961 4136 1194 4192 doctrina
1217 4137 1453 4207 spiritus.
1485 4138 1620 4202 Quae
1649 4141 1814 4196 etiam
1843 4139 1998 4194 vobis
2030 4156 2128 4195 an-

557 4233 880 4297 nuutiamus,
915 4246 1023 4288 non
1049 4247 1077 4285 a
1114 4230 1474 4300 ῃιιίιοεοριιίθ,
1501 4232 1585 4286 vel
1615 4232 2006 4301 grammaticis,
2029 4235 2125 4289 sed

555 4342 584 4378 a
620 4327 710 4380 Dei
744 4324 930 4394 spiritu
957 4323 1179 4380 eruditi.

625 4417 998 4486 Spiritualibus
1048 4416 1347 4486 spiritantia
1385 4426 1764 4485 comparantes.
1795 4414 1903 4483 illis
1931 4431 1993 4471 ea
2034 4417 2119 4473 di-

2299 3215 2404 3270 Lac
2433 3214 2572 3268 vobis
2596 3222 2771 3285 potum
2793 3212 2937 3277 dedi,
2956 3227 3057 3265 non
3078 3226 3270 3264 escam.
3293 3209 3539 3263 Nondum
3560 3209 3690 3264 enim
3714 3226 3806 3279 po-

2230 3310 2425 3373 teratis,
2449 3309 2539 3362 sed
2559 3325 2651 3360 nec
2671 3323 2806 3360 nunc
2830 3306 3036 3374 quidem
3063 3307 3273 3376 potestis
3303 3303 3516 3358 :adltuc
3536 3303 3669 3356 enim
3689 3318 3805 3355 car—

2229 3401 2370 3454 nales
2423 3401 2563 3453 estis.
2603 3398 2715 3453 Hoc
2755 3407 2809 3452 et
2853 3399 3042 3452 beatus
3085 3397 3278 3451 Petrus
3321 3396 3434 3450 ait:
3467 3396 3804 3466 Deponentvs

2230 3494 2390 3564 igitur
2416 3507 2632 3548 omnem
2675 3490 2936 3546 malitiam
2985 3495 3042 3544 et
3083 3488 3508 3552 simulationem,
3534 3496 3802 3554 tamquam

2228 3585 2388 3640 modo
2416 3585 2580 3654 geniti
2615 3582 2845 3637 infantes
2889 3581 3267 3649 rationabiles,
3292 3592 3350 3635 et
3393 3581 3509 3634 sine
3551 3578 3676 3632 dolo
3719 3578 3802 3632 lac

2227 3676 2616 3747 concupiscite,
2648 3683 2706 3728 ut
2735 3677 2786 3730 in
2825 3687 2891 3728 eo
2921 3673 3183 3729 crescatis
3208 3673 3262 3727 in
3302 3673 3554 3728 salutem.
3588 3669 3644 3728 Si
3673 3684 3800 3738 ergo

2227 3775 2403 3829 adhuc
2430 3773 2508 3826 illi
2539 3770 2747 3841 parvuli
2776 3777 2904 3824 sunt
2933 3769 3023 3837 qui
3053 3782 3272 3822 omnem
3301 3766 3556 3821 malitiam
3585 3764 3797 3832 abjece-

2228 3876 2372 3928 runt,
2404 3875 2459 3921 et
2489 3865 2572 3934 qni
2607 3863 2847 3917 nondum
2894 3873 3016 3916 sunt
3048 3862 3102 3914 io
3149 3861 3348 3914 virtute
3399 3857 3637 3927 perfecti,
3670 3856 3795 3924 quid

2228 3961 2294 4014 de
2323 3959 2432 4012 illis
2461 3956 2791 4012 censendum
2819 3964 2921 4014 cst.
2954 3955 3154 4024 quibus
3184 3955 3354 4009 omnis
3396 3950 3595 4006 malitia
3625 3947 3793 4004 donti-

2228 4051 2425 4105 natur?

2296 4145 2425 4199 Cum
2448 4146 2582 4199 enim
2603 4145 2669 4198 sit
2689 4145 2826 4196 inter
2848 4157 2936 4200 vos
2960 4141 3098 4194 zelus
3125 4147 3171 4194 et
3194 4138 3470 4205 contentio,
3497 4151 3662 4190 nonne
3688 4151 3794 4188 rar-

2227 4241 2366 4293 itates
2389 4239 2528 4292 estis.
2561 4236 2700 4292 Ecce
2720 4236 2788 4290 tie
2817 4235 3009 4304 quibus
3031 4233 3174 4285 vitiis
3193 4231 3440 4286 carnales
3457 4229 3786 4299 indicantur:

2227 4346 2347 4401 qua:
2377 4346 2485 4385 non
2517 4330 2738 4399 proprie
2763 4343 2861 4398 per
2901 4340 3123 4381 carnem
3151 4324 3315 4390 ﬁunt;
3339 4322 3434 4378 sed
3484 4322 3552 4377 de
3595 4319 3792 4376 carnali

2225 4438 2388 4479 sensu
2415 4422 2534 4476 talia
2560 4420 2914 4476 descendunt.

556 4483 761 4572 centes,
795 4509 886 4577 qui
915 4483 1140 4578 possunt
1181 4506 1372 4562 audire
1401 4523 1412 4557 ε
1441 4483 1547 4562 non
1579 4505 1720 4559 enim
1753 4518 1983 4574 possunt
2017 4509 2121 4564 nisi
2150 4483 2204 4545 D
2299 4513 2366 4567 Et
2403 4512 2678 4568 secundum
2728 4511 2985 4565 hominem
3026 4507 3339 4563 mbulatis?
3366 4507 3468 4573 Qui
3513 4505 3646 4561 nihil
3684 4519 3790 4558 am-

553 4619 581 4656 a
605 4604 704 4658 sibi
737 4601 966 4672 cognitis
995 4611 1048 4655 et
1073 4600 1342 4654 similibus
1367 4597 1776 4665 comprehendi.

620 4696 870 4752 Animalia
889 4704 1062 4750 autem
1088 4694 1239 4748 homo
1257 4708 1362 4746 non
1391 4691 1607 4761 percipit
1636 4707 1716 4760 ea,
1742 4708 1859 4761 qua!
1876 4703 1996 4746 sunt
2016 4697 2123 4763 spi-

552 4793 680 4846 ritus
707 4789 824 4844 Dei.
851 4789 954 4857 Qui
985 4788 1233 4858 spiritum
1263 4786 1357 4841 Dei
1385 4801 1494 4841 non
1521 4785 1702 4852 habet,
1727 4788 1982 4842 animalis
1999 4800 2084 4844 est
2107 4808 2120 4842 :

552 4887 673 4954 quia
717 4883 1028 4938 animalium
1067 4881 1173 4936 ritu
1213 4890 1480 4946 vorsatur,-
1508 4881 1604 4950 qui
1641 4888 1790 4948 putat
1821 4880 1955 4936 nihil
2000 4897 2126 4938 esse

555 4986 672 5046 post
710 4987 961 5031 mortem.
995 4977 1058 5029 Et
1084 4974 1208 5030 ideo
1250 4983 1307 5028 ut
1338 4973 1538 5032 animal
1575 4975 1748 5029 ventri
1806 4974 2120 5045 libidinique

553 5069 837 5125 committit
865 5084 942 5135 se,
972 5077 1170 5124 aeterna
1194 5077 1371 5124 morte
1402 5069 1693 5135 periturus.

622 5163 858 5220 Stultitia
879 5164 1012 5218 enim
1037 5174 1113 5217 est
1137 5161 1240 5228 illi,
1268 5171 1318 5216 et
1348 5177 1449 5218 non
1473 5171 1638 5230 potest
1667 5161 1981 5233 intelligere,
1999 5167 2120 5234 quia

554 5256 899 5329 spiritualiter
924 5257 1274 5310 examinatus.
1307 5254 1544 5312 Stultitia
1583 5255 1658 5310 illi
1683 5255 1894 5310 videtur
1923 5256 2116 5325 primo,

552 5350 693 5422 quod
731 5350 841 5415 ille,
871 5350 963 5421 qui
1005 5359 1058 5405 et
1092 5363 1302 5419 passus,
1335 5357 1392 5404 et
1431 5357 1676 5403 mortuus
1702 5359 1804 5414 est,
1836 5359 1891 5404 et
1929 5365 2116 5404 resur-

549 5447 684 5503 rexit
716 5463 732 5501 :
771 5448 932 5514 totius
979 5454 1243 5502 creatura:
1288 5457 1427 5498 nunc
1467 5443 1731 5502 Dominus
1766 5444 2114 5512 pradicetur.

624 5656 648 5684 ι
671 5648 1087 5721 ηεερτῑὴεηᾶωη
1117 5650 1334 5704 omnino
1361 5657 1461 5716 est,
1505 5663 1565 5704 ea
1606 5655 1703 5721 pro
1729 5655 1864 5712 erat,
1891 5650 1975 5704 cui
2023 5661 2113 5705 re-

549 5717 796 5783 spondet.
821 5733 981 5786 nutus
1007 5722 1126 5776 ists.
1151 5725 1222 5778 At
1249 5721 1460 5788 quando
1489 5723 1567 5779 ita
1608 5717 1912 5793 halt-erunt
1950 5722 2116 5794 vulgo

2228 4607 2365 4676 plius
2396 4605 2578 4670 habet,
2607 4620 2766 4673 quam
2788 4602 2973 4658 caeteri
3003 4602 3271 4669 homines,
3303 4599 3602 4655 secundum
3629 4599 3795 4654 homi-

2227 4715 2348 4754 nem
2377 4698 2572 4752 dicitur
2601 4696 2880 4751 ambulare
2913 4713 2924 4746 :
2955 4693 3050 4750 sed
3081 4695 3131 4748 in
3159 4692 3262 4747 hoc
3283 4693 3410 4746 loco
3433 4693 3502 4746 ob
3531 4689 3796 4745 defensio-

2225 4808 2346 4847 nem
2373 4791 2706 4860 singulorum
2739 4788 3038 4853 hominum,
3066 4786 3310 4842 homines
3338 4783 3695 4852 appellantur.

2295 4887 2420 4942 Cum
2444 4887 2578 4939 enim
2600 4885 2716 4954 quis
2740 4883 2903 4947 dicat,
2931 4897 3024 4953 ego
3051 4880 3253 4952 quidem
3281 4894 3392 4932 sum
3433 4875 3591 4930 Pauli
3617 4891 3637 4928 :
3663 4875 3790 4928 alius

2225 4991 2418 5044 autem,
2460 4994 2551 5051 ego
2584 4977 2768 5049 Apollo
2801 4993 2819 5029 :
2847 4991 3018 5028 nonne
3064 4974 3288 5026 homines
3334 4966 3638 5022 estis?Vult
3691 4981 3786 5023 nos

2226 5074 2348 5142 plus
2375 5087 2520 5135 esse,
2554 5083 2714 5140 quam
2739 5070 3005 5124 homines.

2295 5166 2432 5232 Quid
2458 5166 2618 5237 igitur
2641 5174 2714 5220 est
2746 5165 2935 5235 Apollo
2951 5163 2976 5215 ?
3002 5157 3125 5232 quid
3153 5171 3274 5209 sero
3305 5153 3502 5210 Paulus
3521 5154 3545 5208 1’
3567 5155 3786 5224 ministri

2221 5263 2330 5330 ejus
2365 5260 2447 5312 cui
2491 5259 2802 5312 credidistis.
2834 5257 2888 5312 Si
2926 5269 3024 5310 nos
3051 5250 3179 5306 nihil
3219 5263 3434 5316 sumus,
3463 5262 3600 5318 quos
3636 5248 3782 5304 mini-

2217 5363 2362 5408 stros
2391 5353 2503 5422 ipse
2531 5353 2829 5417 constituit,
2861 5359 3065 5420 quanto
3094 5343 3267 5415 magis
3295 5343 3371 5399 illi
3401 5340 3492 5415 qui
3523 5343 3577 5397 in
3605 5357 3785 5398 carnav

2217 5446 2355 5503 libus
2382 5444 2714 5516 gloriantur!

2219 5648 2341 5723 libri
2360 5689 2388 5723 ,_
2404 5656 2579 5723 neque
2610 5643 2779 5723 ullum
2808 5655 3046 5701 veterum
3078 5646 3372 5723 editionum
3400 5657 3641 5723 errorem
3673 5656 3780 5698 sus-

2223 5721 2347 5776 tulit
2372 5715 2732 5784 ilartianaeus,
2765 5718 3024 5774 lectorem
3053 5719 3358 5784 monuisse,
3393 5715 3545 5774 satis.
