4030 6202
538 243 644 301 727

1551 234 1632 292 'S.
1674 225 2055 289 HIERONYMI
2089 223 2373 284 OPERUM
2415 223 2775 282 MANTISSA.
2805 250 2808 253 -

3711 224 3824 281 728

610 366 892 437 Scriptum
938 365 1012 415 est
1057 357 1190 410 enim
1233 370 1250 406 :
1294 349 1731 419 Comprehendam
1773 349 2022 418 sapientes
2065 345 2120 398 in
2145 339 2199 399 Α
2295 337 2423 392 Haec
2449 339 2889 437 autemi'fratres,
2915 337 3288 437 transﬁgit-ram
3311 338 3365 393 in
3389 353 3488 407 me,
3523 348 3570 437 et
3598 337 3818 411 Apollo,

545 436 970 512 astutiareorum.
1016 447 1098 502 Ad
1138 443 1495 514 effugiendam
1533 453 1752 495 manum
1797 437 1929 504 Dei,
1978 436 2124 492 nulla

545 552 870 620 suffragatur
896 540 1110 598 astutia.

617 642 685 696 Et
713 642 894 693 iterum
927 648 945 685 :
976 630 1238 685 Dominus
1267 630 1402 682 novit
1433 627 1762 698 cogitationes
1791 625 2118 694 sapientium,

546 731 788 803 quoniam
819 738 961 778 vana:
988 728 1126 775 sunt.
1170 719 1310 773 Nihil
1347 718 1590 773 utilitatis
1624 716 1915 773 conferunt
1944 715 2011 770 ad
2037 729 2124 770 sa-

541 826 734 878 lutem.

617 912 786 967 Nemo
808 912 978 980 itaque
1019 908 1266 981 glorietur
1294 907 1348 959 in
1379 904 1687 959 hominibus.
1709 904 1766 958 ln
1799 904 1948 959 falsis
1977 904 2123 960 scilio

543 1015 629 1062 cet
651 1000 929 1072 apostolis,
962 999 1198 1052 humana
1238 1004 1439 1051 tantum
1480 994 1838 1065 sapientibus,
1870 1009 1992 1050 cum
2023 1011 2124 1052 nec

542 1100 598 1154 in
629 1096 786 1152 nobis
816 1091 1056 1164 quidem,
1091 1091 1190 1147 sed
1216 1091 1270 1146 in
1301 1104 1388 1158 eo,
1420 1089 1573 1159 cujus
1603 1098 1660 1145 et
1689 1087 1790 1160 ipsi
1821 1103 2028 1157 sumus,
2055 1091 2124 1145 sit

542 1186 905 1260 gloriandum.

619 1281 808 1336 Omnia
839 1280 975 1333 enim
1006 1288 1174 1333 vestra
1203 1286 1360 1345 sunt,
1392 1278 1494 1331 sive
1521 1275 1747 1346 Paulus,
1779 1279 1882 1332 sive
1910 1277 2120 1346 Apollo,

541 1374 643 1429 sive
675 1372 897 1443 Cephas,
927 1371 1032 1425 sive
1058 1370 1302 1435 mundus,
1334 1370 1439 1422 sive
1463 1370 1588 1435 vita,
1618 1371 1721 1424 sive
1755 1386 1908 1425 mors.
1933 1369 2122 1425 Omnia

542 1476 722 1524 creata
747 1473 874 1520 sunt
900 1473 1123 1534 propter
1149 1472 1364 1518 sanctos
1383 1503 1397 1529 ,
1429 1461 1516 1532 qui
1546 1476 1668 1516 cum
1696 1461 1830 1516 nihil
1863 1462 2116 1530 habeant,

540 1558 823 1631 possident
851 1564 1062 1612 cuncta.
1095 1555 1393 1612 Possumus
1435 1562 1613 1610 autem
1652 1553 1767 1611 hac
1797 1557 1864 1610 ad
1901 1556 2122 1612 liberta-

543 1659 656 1708 tem
699 1651 907 1707 referre
953 1649 1188 1716 arbitrii,
1236 1658 1298 1704 ut
1342 1648 1488 1720 quod
1517 1649 1684 1705 velint
1723 1649 1960 1721 eligant,
2009 1651 2123 1709 sive

543 1753 806 1810 mortem,
837 1745 955 1798 sive
981 1745 1164 1798 vitam.

617 1839 738 1894 Sive
756 1837 1052 1910 prwsentia,
1081 1837 1185 1890 sive
1205 1836 1401 1904 futura.
1422 1834 1612 1888 Omnia
1642 1835 1775 1889 enim
1797 1843 1961 1890 vestra
1979 1842 2116 1890 sunt.

543 1934 698 2003 Quod
731 1932 955 1999 sanctis,
985 1941 1092 1985 tam
1125 1930 1432 1998 praesentia,
1461 1944 1624 1999 quam
1651 1927 1828 1984 futura
1860 1929 2120 1987 divinitus

539 2030 651 2083 sint
681 2026 934 2081 attributa
967 2043 978 2077 :
1014 2023 1146 2077 item
1167 2022 1367 2077 Christi
1389 2023 1554 2078 vitam
1585 2031 1926 2094 mortemque
1955 2024 2120 2095 signi-

539 2120 685 2174 ﬁcat.
725 2117 990 2185 Quoniam
1034 2124 1257 2185 propter
1288 2129 1388 2170 nos
1418 2123 1474 2170 et
1511 2125 1758 2171 mortuus
1799 2125 1918 2184 est,
1949 2125 2004 2172 et
2033 2130 2120 2172 re-

533 2213 793 2272 surrexit.

621 2308 726 2362 Vos
753 2315 922 2360 autem
946 2305 1160 2361 Christi.
1189 2304 1282 2359 Sic
1309 2311 1394 2358 est
1421 2303 1667 2359 Christus
1688 2302 1807 2372 Dei,
1833 2303 1970 2358 sicut
1993 2302 2119 2359 alibi

536 2402 684 2457 Deus
714 2400 914 2454 dicitur
933 2397 1160 2462 ChriSti,
1182 2395 1364 2452 ethoc
1389 2396 1433 2449 si
1459 2396 1564 2466 lAl.
1597 2394 1722 2465 fide]
1746 2396 1813 2450 de
1839 2396 2119 2453 divinitate

537 2492 674 2549 velis
717 2490 968 2561 intelligi.
1012 2488 1280 2545 Craterum
1328 2487 1417 2543 hic
1463 2487 1532 2542 de
1575 2488 1838 2558 assuntpti
1885 2487 2119 2544 hominis

537 2583 713 2642 forma
744 2591 1024 2649 tractatur,
1069 2580 1364 2638 secundum
1404 2593 1564 2651 quam
1589 2586 1645 2636 et
1671 2579 1868 2636 dicitur
1899 2590 2116 2637 unctus.

612 2676 848 2732 Christus
877 2685 1048 2731 autem
1074 2673 1196 2729 Dei.
1223 2674 1386 2742 Quasi
1409 2674 1592 2730 homo.

1152 2767 1378 2824 CAPUT
1415 2767 1506 2825 IV.
1545 2781 1556 2824 ξ

609 2865 700 2920 Sic
741 2879 837 2918 nos
880 2863 1131 2919 existimet
1172 2863 1362 2929 homo,
1405 2870 1460 2918 ut
1491 2863 1753 2919 ministros
1793 2862 2018 2930 Christi,
2070 2873 2120 2922 et

537 2959 919 3029 dispensatores
970 2954 1370 3011 ministeriorum
1419 2953 1539 3011 Dei.
1599 2954 1716 3013 Non
1773 2966 1832 3013 ut
1885 2958 2118 3030 mquales

535 3051 777 3108 Christo.

2227 438 2432 502 propter
2474 446 2581 484 vos.
2629 427 2701 484 Ut
2736 445 2766 484 a
2800 430 2956 486 nobis
2995 429 3313 486 humilitatis
3359 433 3582 487 sumatis
3623 448 3816 489 exem-

2228 522 2370 593 plum
2405 538 2419 573 :
2447 537 2515 577 ne
2540 536 2702 592 supra
2730 520 3074 592 disciplinam
3099 522 3396 592 Scriptum
3421 525 3623 582 audeat
3649 544 3818 584 unus-

2225 613 2450 683 quisque
2494 613 2750 669 adversus
2793 615 3022 670 alterum
3050 631 3149 686 pro
3177 616 3282 673 alio
3330 617 3538 687 inflari,
3587 620 3815 680 doctore

2227 707 2381 774 mala:
2405 710 2763 764 contentionis
2793 724 3003 766 everso.

2303 804 2370 859 Ut
2414 807 2468 859 in
2511 806 2655 860 nobis
2679 806 2888 860 discatis
2908 847 2924 870 ,
2960 824 3022 860 ne
3048 823 3206 880 supra
3237 823 3391 878 quam
3431 809 3685 882 scriptum
3717 824 3814 878 est,

2225 914 2358 953 unus
2377 899 2620 965 adversus
2649 898 2866 953 alterum
2887 901 3096 970 inﬂetur
3122 916 3217 970 pro
3241 901 3368 956 alio.
3395 901 3510 957 lloc
3537 911 3645 969 est,
3667 907 3814 974 quod

2225 993 2386 1062 dicit,
2430 1011 2499 1050 ne
2527 994 2894 1065 unusquisque
2924 995 3242 1065 magistrum
3291 998 3570 1068 proprium
3619 1000 3814 1069 praedi-

2226 1101 2384 1154 cans,
2410 1086 2547 1142 alter
2577 1087 2832 1142 adversus
2860 1087 3090 1142 alterum
3120 1087 3393 1144 incitetur.

2298 1179 2423 1245 Quis
2463 1181 2596 1234 enim
2635 1189 2680 1234 te
2707 1180 2986 1234 discernit?
3030 1179 3128 1236 Hic
3169 1180 3237 1237 ad
3280 1182 3427 1254 ipsos
3467 1183 3685 1242 inflatos
3715 1202 3813 1257 per

2225 1271 2608 1342 eloquentiam,
2624 1271 2784 1327 verba
2809 1272 3076 1328 convertit
3103 1289 3118 1326 :
3140 1272 3263 1344 quis
3285 1284 3334 1330 te
3355 1274 3632 1344 discernit,
3653 1277 3811 1348 cujus

2225 1365 2482 1420 momenti
2511 1364 2621 1420 sis?

2300 1457 2437 1527 Quid
2472 1467 2644 1513 autem
2681 1457 2854 1526 habes,
2883 1459 3022 1530 quod
3063 1475 3164 1513 non
3196 1460 3470 1530 accepisti?
3491 1459 3628 1529 Quid
3655 1461 3809 1518 enim

2224 1551 2352 1608 boni
2383 1566 2450 1606 ex
2479 1552 2768 1620 temetipso
2797 1551 2985 1619 habes,
3014 1550 3157 1622 quod
3181 1566 3208 1605 a
3233 1552 3375 1608 nullo
3404 1552 3676 1622 didiceris,
3708 1554 3802 1610 vel

2225 1644 2324 1701 Dei
2344 1644 2489 1701 dono
2516 1645 2738 1699 minime
2761 1655 3083 1700 consecutus
3111 1643 3213 1698 sis?

2295 1737 2358 1794 Si
2381 1747 2550 1792 autem
2577 1739 2844 1809 accepisti,
2869 1739 2992 1808 quid
3016 1738 3253 1810 gloriaris
3285 1739 3430 1809 quasi
3453 1755 3557 1794 non
3588 1725 3811 1812 accepee

2223 1829 2340 1883 ris?
2367 1827 2536 1896 Quasi
2561 1827 2614 1883 in
2645 1830 2865 1899 proprio
2898 1828 3169 1900 gloriaris.

2293 1921 2414 1976 Jam
2433 1923 2655 1977 saturati
2679 1924 2822 1990 estis,
2852 1924 2960 1990 iam
2984 1923 3161 1978 divites
3189 1924 3314 1994 facti
3333 1924 3472 1979 estis.
3494 1923 3610 1982 Hoc
3628 1924 3806 1983 incre-

2222 2015 2401 2088 pativo
2432 2015 2596 2071 modo
2620 2016 2907 2087 legendum
2927 2058 2942 2084 ,
2971 2018 3052 2072 vel
3085 2018 3566 2088 pronuntiandum.

2294 2109 2420 2164 Sine
2450 2109 2592 2164 nobis
2621 2111 2864 2181 regnatis.
2900 2110 2955 2164 ln
2985 2109 3133 2167 nullo
3163 2112 3332 2166 nostri
3356 2111 3678 2184 indigentes.

2295 2201 2362 2256 Et
2388 2204 2587 2256 utinam
2615 2204 2866 2272 regnetis,
2899 2213 2955 2258 ut
2992 2213 3039 2257 et
3069 2222 3163 2258 nos
3191 2205 3452 2260 vobiscum
3491 2208 3803 2279 regnemus!

2223 2293 2436 2351 Utinam
2465 2310 2570 2349 non
2612 2297 2801 2351 essetis
2834 2296 2967 2352 falsa
2996 2296 3318 2367 gloriatione
3361 2297 3609 2370 decepti!
3643 2300 3800 2355 forsi-

2223 2395 2314 2444 tan
2350 2388 2509 2444 simul
2541 2405 2910 2461 regnaremus.

2292 2480 2431 2537 Puto
2479 2483 2649 2548 enim,
2682 2484 2818 2553 quod
2858 2482 3001 2538 Deus
3045 2501 3139 2539 nos
3184 2487 3450 2556 apostolos
3503 2488 3799 2544 novissimos

2224 2578 2466 2645 ostendit,
2491 2587 2750 2648 tamquam
2768 2580 2922 2636 morti
2954 2580 3253 2638 destinatos.
3282 2581 3397 2640 Nos
3416 2583 3659 2640 omnium
3681 2583 3797 2640 ulti-

2219 2683 2339 2727 mos
2364 2668 2433 2726 ad
2457 2679 2648 2742 gentes
2669 2681 2936 2746 tamquam
2966 2675 3035 2730 ad
3064 2685 3293 2733 mortem
3324 2676 3546 2735 direxit.

2295 2760 2427 2829 Quia
2453 2765 2799 2832 spectaculum
2821 2767 2946 2836 facti
2977 2783 3156 2824 sumus
3192 2769 3410 2839 mundo,
3433 2779 3479 2826 et
3508 2771 3724 2844 angelis,
3755 2781 3801 2827 et

2222 2852 2531 2911 hominibus.
2559 2856 2758 2914 Omnes
2789 2867 3005 2916 nostras
3035 2860 3252 2929 publice
3281 2871 3531 2932 spectant
3555 2864 3795 2935 injurias,

2219 2945 2337 3003 sive
2361 2961 2489 3004 vere
2513 2948 2710 3020 angeli,
2734 2958 2789 3007 et
2811 2949 3079 3019 homines,
3109 2951 3222 3010 sive
3252 2953 3426 3010 sancti
3450 2953 3721 3026 homines,
3748 2965 3798 3013 et

2219 3046 2552 3109 peccatores.

613 3142 717 3195 Hic
737 3143 856 3214 jam
876 3139 1127 3212 φαεν-ξων
1148 3139 1280 3194 inter
1304 3139 1702 3210 άξερεηωιονεε,
1734 3148 1792 3195 αι
1818 3142 1986 3212 ﬁdem
2005 3143 2115 3213 quis
2141 3132 2189 3198 ο
2296 3130 2410 3186 Nos
2440 3133 2583 3188 stulti
2611 3140 2825 3205 propter
2853 3133 3118 3190 Christum
3148 3152 3167 3191 :
3199 3152 3285 3191 vos
3320 3146 3492 3194 autem
3527 3140 3798 3211 prudentes

535 3233 850 3289 inveniatur.
881 3231 1270 3301 Interrogantis
1289 3245 1392 3287 vox
1419 3242 1506 3288 est
1531 3252 1544 3287 :
1572 3231 1626 3287 id
1655 3242 1760 3299 est,
1782 3232 1892 3304 jam
1914 3232 2004 3290 hic
2023 3248 2117 3292 vos

537 3326 741 3396 putatis
770 3323 1134 3380 conscientias
1157 3323 1408 3394 judicari.

617 3415 751 3470 Mihi
778 3425 947 3470 autem
972 3431 1065 3486 pro
1091 3415 1306 3469 minimo
1329 3422 1421 3482 est,
1465 3423 1576 3469 uta
1611 3415 1752 3470 vobis
1772 3417 2004 3490 judicer,
2030 3427 2120 3475 aut

541 3511 607 3564 ab
634 3508 862 3565 humano
892 3510 996 3562 die.
1020 3508 1325 3563 Humanum
1343 3507 1605 3578 judicium
1635 3508 1831 3564 nullius
1856 3510 1978 3566 dico
2005 3525 2122 3567 mo-

541 3603 744 3668 menti,
794 3603 850 3656 in
892 3615 1002 3672 quo
1047 3615 1193 3672 smpe
1217 3601 1420 3657 veritas
1463 3609 1517 3657 et
1559 3602 1768 3672 iustitia
1800 3602 2114 3661 frustratur.

539 3694 697 3750 Diem
727 3693 870 3748 enim
899 3693 1132 3750 hominis
1162 3707 1272 3750 non
1301 3695 1614 3764 concupivi,
1645 3696 1912 3753 Jeremias
1951 3698 2046 3753 ait.

537 3808 541 3832 ε
616 3784 723 3840 Sed
761 3799 922 3854 neque
950 3786 1200 3855 meipsum
1236 3786 1437 3857 judico.
1474 3787 1588 3859 Ego
1614 3789 1705 3860 qui
1737 3789 2121 3848 conscientiam

539 3890 723 3933 meam
755 3875 960 3944 optime
987 3877 1134 3945 novi,
1165 3877 1296 3932 nihil
1317 3892 1439 3937 esse
1464 3894 1550 3936 me
1576 3880 1781 3951 judico.
1803 3882 1986 3955 Neque
2009 3898 2121 3940 me-

538 3970 720 4042 ipsum
758 3968 959 4040 judico.

613 4061 767 4118 Nihil
794 4062 928 4117 enim
954 4061 1082 4116 mihi
1121 4065 1356 4120 conscius
1385 4080 1516 4121 sum.
1550 4065 1686 4124 Male
1718 4068 1997 4139 sentiunt,
2031 4069 2121 4142 qui

541 4157 732 4214 dicunt
762 4173 775 4211 :
806 4154 977 4212 Nemo
1020 4164 1196 4226 potest
1224 4158 1396 4214 vitare
1421 4171 1718 4230 peccatum.

613 4249 725 4307 Sed
748 4266 852 4305 non
877 4250 931 4304 in
951 4248 1047 4305 hoc
1063 4251 1386 4324 justiﬁcalus
1409 4269 1544 4307 sum.
1560 4252 1674 4310 Hoc
1696 4269 1795 4324 pro
1818 4253 2118 4313 humilitate

539 4343 674 4400 dicit
706 4360 720 4397 :
751 4341 899 4398 Nihil
938 4344 1086 4398 enim
1129 4342 1265 4398 mihi
1301 4357 1419 4399 sum
1447 4345 1699 4400 conscius
1730 4363 1743 4400 :
1773 4347 1919 4403 unde
1954 4362 2117 4418 super

541 4435 795 4492 homines
826 4434 1052 4491 debeam
1080 4435 1323 4507 gloriari.
1345 4435 1400 4493 Si
1424 4433 1528 4492 hoc
1555 4436 1751 4492 Paulus
1779 4437 1908 4494 dicit
1934 4457 1947 4493 :
1975 4438 2114 4509 Quid

2219 3222 2275 3276 in
2301 3221 2526 3281 Christo.
2555 3225 2670 3282 Nos
2699 3227 2894 3296 inﬁrmi
2924 3243 2944 3283 :
2966 3244 3052 3284 vos
3077 3237 3246 3284 autem
3285 3233 3466 3300 fortes.
3512 3231 3618 3287 Vos
3648 3233 3794 3288 nobi-

2221 3317 2295 3372 les
2324 3333 2340 3371 :
2365 3335 2458 3374 nos
2476 3327 2648 3374 autem
2674 3321 2942 3395 ignobiles.
2960 3321 3070 3378 Nos
3100 3333 3368 3394 tamquam
3398 3325 3549 3380 stulti
3581 3336 3795 3397 propter

2219 3406 2492 3466 Christum
2537 3412 2718 3468 omnia
2763 3414 3093 3472 sustinemus
3132 3432 3147 3470 :
3181 3429 3281 3470 vos
3309 3423 3488 3473 autem
3533 3417 3607 3473 ita
3636 3419 3796 3474 vultis

2223 3517 2348 3560 esse
2370 3502 2700 3571 Christiani,
2748 3515 2806 3563 ut
2831 3507 3171 3579 prudentiam
3199 3509 3382 3564 saeculi
3412 3512 3657 3566 teneatis.
3689 3511 3796 3567 Nos

2222 3594 2455 3666 infirmi,
2489 3597 2614 3668 quia
2639 3597 2810 3656 vicem
2841 3599 3072 3658 reddere
3124 3599 3381 3656 nolumus
3413 3618 3428 3658 :
3474 3615 3566 3657 vos
3610 3610 3791 3659 autem

2222 3687 2524 3758 reddendo,
2556 3689 2720 3747 fortes
2747 3706 2843 3749 vos
2872 3707 2994 3749 esse
3029 3692 3355 3765 gloriamini.
3387 3693 3492 3750 Nos
3520 3693 3657 3750 nihil
3697 3694 3795 3752 ha-

2220 3782 2414 3840 benles
2458 3782 2756 3839 voluntaria
2807 3792 3125 3857 paupertate
3183 3784 3379 3856 dejecti
3439 3805 3451 3840 :
3503 3800 3599 3842 vos
3646 3788 3796 3845 vobis

2223 3875 2384 3932 etiam
2418 3873 2753 3932 nobilitatem
2781 3879 2979 3934 terreni
3007 3878 3222 3948 generis
3252 3877 3554 3934 vindicatis.

2297 3967 2467 4036 Usque
2500 3972 2555 4024 in
2592 3969 2725 4025 hanc
2753 3968 2955 4026 horam.
2985 3969 3070 4026 Ab
3098 3970 3249 4027 initio
3278 3969 3670 4043 praedicationis
3694 3985 3795 4029 no-

2220 4068 2349 4118 stris
2376 4075 2544 4132 usque
2570 4060 2626 4118 in
2653 4077 2892 4134 praesens
2920 4072 3152 4134 tempus.

2291 4155 2361 4212 Et
2401 4158 2672 4226 esurimus,
2703 4170 2750 4213 et
2775 4158 2998 4227 sitimus,
3020 4167 3068 4212 et
3099 4157 3226 4213 nudi
3258 4173 3452 4226 sumus,
3486 4168 3535 4214 et
3565 4159 3792 4231 colaphis

2221 4248 2487 4317 ctedimur,
2518 4258 2568 4303 et
2592 4248 2857 4306 instabiles
2883 4266 3077 4305 sumus.
3107 4249 3226 4306 Non
3251 4257 3458 4307 stamus
3500 4252 3555 4306 in
3579 4251 3791 4308 sedibus

2220 4341 2404 4408 certis,
2428 4341 2625 4412 ubique
2649 4341 2923 4414 Evangelii
2943 4342 3264 4399 necessitate
3285 4342 3575 4413 jactamur.

2290 4431 2359 4488 Et
2389 4433 2680 4489 laboramus
2703 4443 2970 4507 aperantes
2997 4433 3231 4490 manibus
3256 4436 3468 4492 nostris.
3501 4435 3594 4492 Sic
3615 4443 3792 4492 tamen

541 4544 577 4586 a
604 4527 762 4585 nobis
791 4526 899 4583 dici
921 4527 1136 4594 debeat,
1157 4525 1500 4598 cogitandum
1523 4536 1627 4582 est.
1656 4527 1764 4585 Sed
1795 4544 1905 4586 non
1933 4531 1988 4586 in
2010 4532 2115 4588 hoc
2136 4521 2192 4585 Ι)
2218 4527 2606 4599 operabantur,
2639 4536 2695 4582 ut
2722 4528 2982 4585 doctrinm
3009 4526 3248 4584 ofﬁcium
3277 4526 3450 4597 magis
3482 4527 3790 4600 implerent.

537 4623 863 4697 justifieatus
892 4635 1032 4675 sum.

615 4716 718 4785 Qui
744 4721 918 4770 autem
939 4711 1140 4784 judicat
1160 4727 1260 4780 me,
1283 4705 1542 4767 Dominus
1557 4719 1651 4768 est.
1673 4713 1788 4770 Non
1819 4715 1873 4773 in
1900 4731 2007 4790 quo
2026 4734 2112 4778 me

537 4811 760 4885 quidam
790 4808 862 4862 ita
893 4804 1156 4860 laudant:
1189 4804 1315 4874 quia
1360 4804 1433 4860 ita
1463 4806 1688 4876 quisque
1728 4807 1906 4866 aliena
1952 4809 2110 4870 laude

532 4918 645 4961 non
671 4899 1016 4972 justilicatur,
1039 4908 1101 4954 ut
1122 4913 1191 4954 ne
1211 4898 1514 4955 maculatur
1539 4899 1776 4958 infamia.
1806 4904 2106 4980 Unicuique

533 4997 681 5055 enim
716 4995 857 5066 apud
889 4995 1058 5051 Deum
1100 4994 1243 5065 quod
1271 5003 1386 5062 est,
1421 5009 1530 5052 non
1558 4998 1701 5069 quod
1729 4999 1958 5072 dicitur,
2000 5005 2102 5062 im-

525 5089 770 5161 putathr.

606 5181 812 5252 Itaque,
838 5184 1054 5254 fratres,
1080 5184 1237 5240 nolite
1264 5194 1383 5241 ante
1411 5192 1606 5255 tempus
1624 5188 1888 5258 judicare,
1910 5208 2104 5263 quous-

2291 4621 2682 4688 Maledlcimur,
2719 4632 2769 4677 et
2797 4621 3162 4679 benedicimus.
3195 4620 3611 4679 Persecutionem
3654 4624 3790 4694 pati-

2216 4735 2354 4788 mur,
2396 4725 2444 4773 et
2493 4717 2818 4773 sustinemus.
2862 4715 3310 4789 Blasphemamur,
3355 4727 3402 4771 et
3443 4716 3787 4775 obsecramus.

2217 4816 2488 4887 Rogamus
2514 4812 2679 4868 Deum
2701 4825 2796 4883 pro
2819 4809 2926 4882 his,
2956 4809 3050 4882 qui
3078 4825 3177 4868 nos
3205 4809 3600 4882 blasphemant.

2288 4910 2569 4982 Tamquam
2614 4914 2955 4978 purgamenta
3007 4903 3166 4978 hujus
3194 4905 3373 4960 mundi
3408 4903 3535 4974 facti
3579 4920 3778 4966 sumus.

2211 5007 2365 5066 Sicut
2408 5001 2670 5071 scriptum
2725 5006 2810 5054 est
2860 5015 2876 5054 :
2925 4996 3111 5053 Justus
3159 4997 3465 5056 immundus
3508 5005 3591 5054 est
3633 5003 3778 5071 apud

2204 5103 2523 5253 a(itfiuium
2558 5198 2844 5270 peripsema
2881 5211 3042 5268 usque
3081 5192 3275 5251 adhuc.
3304 5191 3554 5250 Omnium
3584 5189 3783 5248 humil-

527 5292 628 5350 que
650 5275 816 5330 veniat
844 5275 1096 5332 Dominus
1121 5293 1141 5332 :
1163 5279 1251 5345 qui
1280 5288 1327 5334 et
1347 5279 1664 5336 illuminabit
1691 5282 1993 5340 abscondita
2029 5295 2104 5343 te-
2201 5289 2318 5348 limi
2346 5301 2508 5362 atque
2529 5291 2777 5364 subjecti.

522 5369 836 5435 nebrarum,
875 5377 924 5423 et
963 5370 1310 5439 manifestabit
1357 5372 1575 5427 consilia
1621 5376 1872 5434 cordium.
1921 5377 2092 5435 Homo

525 5467 676 5523 videt
705 5466 757 5520 in
785 5465 954 5532 facie,
981 5465 1124 5523 Deus
1150 5475 1331 5524 autem
1358 5470 1412 5526 in
1441 5471 1624 5529 corde.

599 5560 668 5615 Et
693 5570 811 5613 tunc
838 5560 954 5614 laus
981 5561 1076 5615 erit
1103 5561 1378 5632 unicuique
1407 5582 1438 5617 a
1473 5565 1602 5621 Deo.
1631 5567 1727 5626 Ille
1751 5585 1882 5628 vero
1908 5574 2089 5632 lauda-

522 5650 650 5705 bilis
677 5661 782 5718 est,
823 5654 912 5721 qui
958 5654 1053 5708 Dei
1093 5653 1400 5711 testimonio
1447 5658 1716 5729 laudatur,
1763 5667 1902 5736 apud
1929 5684 2085 5740 quem

525 5752 614 5794 om
625 5741 712 5795 nia
739 5743 951 5798 occulta
969 5784 983 5808 ,
1008 5753 1062 5799 et
1089 5745 1256 5801 invisa
1286 5758 1412 5806 sunt
1434 5754 1665 5823 cognita.

2276 5385 2400 5442 Non
2429 5396 2483 5440 ut
2515 5386 2828 5458 confundam
2873 5400 2990 5451 vos,
3024 5385 3131 5439 htec
3164 5382 3333 5438 scribo
3361 5397 3381 5436 :
3405 5381 3495 5437 sed
3540 5389 3597 5435 ut
3637 5380 3773 5449 ﬁlios

2193 5500 2332 5539 meos
2371 5482 2697 5536 charissimos
2739 5497 2936 5537 moneo.
2969 5480 3228 5536 Poterant
3267 5475 3521 5533 confundi
3563 5476 3634 5533 de
3671 5492 3767 5533 sua

2191 5574 2387 5646 gloria,
2419 5572 2466 5628 si
2487 5587 2582 5628 eos
2609 5587 2716 5628 non
2740 5573 3026 5630 relevarct.
3058 5570 3176 5626 Non
3207 5568 3353 5624 enim
3381 5568 3638 5625 roborem
3660 5568 3778 5625 illo-

2191 5684 2313 5726 rum
2342 5667 2622 5737 cupiebat,
2653 5667 2748 5722 sed
2777 5667 3102 5737 profectum.

2262 5763 2402 5819 Nam
2449 5764 2494 5816 si
2543 5761 2717 5820 decem
2774 5761 2941 5818 millia
2995 5759 3390 5832 paedagogorum
3433 5757 3667 5814 habeatis
3714 5759 3769 5813 in
