4030 6202
183 241 289 304 7'29

920 242 1450 303 COMMENTARIUS
1488 243 1554 302 IN
1592 243 1980 304 EPISTULAM
2016 245 2038 303 1
2076 245 2168 303 ΑΙ)
2203 243 2358 304 COR.
2399 247 2549 306 CAP.
2591 249 2655 307 γ.

3329 249 3432 308 750

184 359 412 430 Christo,
435 362 528 418 sed
548 376 652 417 non
675 361 863 416 multos
883 370 1076 434 patres.
1102 361 1304 417 Omnes
1323 361 1416 432 qui
1437 361 1504 415 ab
1524 361 1631 416 alio
1647 361 1759 430 jam
1784 361 1840 424 Α
1863 362 2073 431 spiritu,
2105 377 2172 418 ne
2211 377 2278 416 ex
2306 362 2426 418 solo
2451 363 2634 418 auditu
2657 362 2935 420 absentem
2971 364 3257 420 damnasse
3279 373 3431 432 puta-

182 453 385 524 genitis
414 457 760 523 ministrant,
789 465 972 528 patres
997 455 1105 512 dici
1126 471 1232 511 non
1263 465 1505 526 possunt.

256 546 400 602 Nam
443 550 497 603 in
539 547 747 604 Christo
767 548 894 603 Jesu
925 565 1014 619 per
1046 547 1409 621 Evangelium,
1449 564 1542 620 ego
1562 565 1646 605 vos
1671 566 1758 621 ge-

180 640 295 693 nui.
326 640 384 695 In
414 655 608 696 novam
637 642 800 696 vitam
833 656 920 696 me
947 641 1180 711 primum
1210 641 1555 712 praedicante,
1586 641 1758 698 refor-

179 743 357 790 matus
389 749 482 791 vos
507 751 632 792 esse
658 737 998 792 meministis.

250 829 400 902 Rogo
434 846 551 902 ergo
589 847 698 898 vos,
739 831 1024 886 imitatores
1051 831 1152 886 mei
1181 839 1342 886 estote
1364 870 1382 898 ,
1418 831 1552 886 sicut
1581 839 1629 886 et
1663 847 1755 903 ego

178 921 393 978 Christi.
417 924 691 981 Bonorum
707 924 941 982 ﬁliorum
959 935 1062 994 est,
1084 926 1137 980 in
1163 926 1412 983 omnibus
1438 925 1610 983 bonos
1635 925 1755 982 imi-

178 1019 281 1073 tari
311 1030 584 1089 parentes.

250 1109 381 1165 Ideo
408 1112 526 1167 misi
561 1112 630 1166 ad
667 1128 755 1166 vos
790 1112 1142 1179 Timotheum,
1198 1114 1286 1183 qui
1323 1122 1399 1168 est
1438 1113 1587 1182 ﬁlius}
1611 1127 1752 1167 meus

174 1199 534 1269 charissimus,
563 1212 611 1258 et
647 1205 817 1272 ﬁdelis
842 1207 896 1259 in
921 1204 1166 1259 Domino.
1190 1206 1404 1273 Quanto
1430 1203 1641 1260 ﬁdelior
1668 1211 1755 1260 est

174 1295 422 1362 czeteris,
457 1306 607 1352 tanto
637 1298 854 1352 charior
873 1298 1095 1353 cunctis.

248 1386 354 1452 Qui
389 1404 478 1443 sos
526 1391 948 1458 commonefaciat
1002 1391 1108 1446 vias
1158 1406 1327 1456 meas,
1368 1406 1483 1461 qua:
1527 1398 1646 1446 sunt
1693 1393 1749 1446 in

175 1478 381 1536 Christo
407 1480 553 1536 Iesu.
582 1482 684 1550 Qui
709 1497 808 1538 vos
825 1493 882 1538 et
909 1484 1042 1540 meis
1069 1483 1288 1551 litteris,
1312 1492 1368 1539 et
1392 1499 1491 1540 suo
1510 1499 1749 1541 commo-

172 1576 806 1648 neretexemplozaliud
835 1577 980 1634 enim
1041 1578 1160 1633 sine
1188 1577 1295 1634 alio
1337 1577 1597 1648 prodesse
1644 1593 1751 1635 non

169 1676 410 1739 poterat.

1862 464 2062 510 retur:
2117 455 2411 511 secundum
2462 456 2592 512 illud
2644 457 2821 512 Elisaei
2865 457 3092 513 dicentis
3140 457 3205 514 ad
3231 457 3428 514 Giexi:

1857 547 2048 604 Nonne
2075 548 2296 617 spiritus
2327 563 2477 604 meus
2501 559 2674 604 tecum
2696 557 2813 603 erat
2838 548 2890 602 in
2909 549 3038 603 via?

1931 638 2069 695 Eum
2092 640 2178 710 qui
2201 640 2273 694 sic
2300 650 2540 710 operatus
2567 649 2660 705 est,
2689 641 2743 694 in
2767 641 2970 694 nomine
3013 639 3217 695 Domini
3261 641 3428 696 nostri

1858 731 1985 787 Jesu
2027 731 2256 787 Christi:
2283 736 2601 804 congregatis
2642 734 2804 799 vobis,
2829 744 2876 787 et
2927 751 3037 788 meo
3082 735 3266 804 spiritu
3314 751 3430 789 cum

1858 826 2038 880 virtute
2061 823 2273 879 Domini
2297 825 2443 880 Jesu.
2474 825 2575 893 Qui
2598 840 2695 895 pro
2720 840 2807 880 me
2845 833 2963 880 erat
3014 839 3273 895 praesens,
3319 826 3430 880 sive

1859 919 1915 974 in
1941 918 2244 974 litterarum
2274 934 2516 975 mearum
2543 918 2887 989 auctoritate,
2911 934 3008 989 per
3034 935 3195 991 quam
3219 920 3431 975 Domini

1857 1024 2073 1080 quoque
2092 1011 2264 1066 virtus
2279 1013 2502 1068 assistit.

1928 1103 2160 1159 Tradere
2187 1106 2484 1178 hujusmodi
2523 1105 2734 1162 Satanas
2760 1108 2814 1162 in
2834 1107 3096 1163 interitum
3127 1109 3315 1164 carnis.
3361 1108 3435 1166 Ut

1857 1197 2150 1266 arripiendi
2206 1198 2355 1252 illum
2411 1200 2766 1269 corporaliter
2825 1201 3022 1258 habeat
3076 1211 3426 1272 potestatem.

1857 1291 2011 1359 Quod
2032 1305 2156 1346 cum
2183 1292 2382 1348 viderit
2405 1307 2465 1348 se
2493 1308 2593 1350 nec
2633 1295 2812 1349 carnis
2839 1295 2945 1363 hic,
3001 1309 3103 1352 nec
3150 1298 3202 1352 in
3250 1296 3430 1352 futuro

1855 1384 2077 1455 spiritus
2107 1385 2352 1456 requiem
2381 1385 2688 1442 habiturum
2717 1405 2730 1440 ε
2766 1388 2834 1443 de
2862 1389 3003 1444 facto
3056 1391 3316 1458 paeniteat
3370 1398 3430 1444 ut

1854 1478 2115 1533 salvetur.
2139 1477 2268 1534 Sive
2293 1478 2374 1533 sic
2405 1479 2628 1549 quisque
2657 1494 2757 1550 pro
2780 1480 2987 1535 meritis
3010 1482 3121 1536 suis
3148 1482 3214 1536 de
3243 1481 3434 1538 Eccle-

1852 1572 1935 1625 sia
1965 1570 2205 1640 pellitur,
2232 1570 2444 1627 Satana‘.
2473 1571 2701 1626 traditur
2729 1574 2978 1641 potestati
3015 1589 3028 1626 :
3063 1583 3123 1628 ut
3151 1573 3278 1628 dum
3306 1589 3432 1629 caro

1854 1663 1972 1733 ejus
1999 1678 2099 1733 per
2138 1664 2506 1733 paenitentiam
2557 1663 2781 1731 afﬂicta,
2827 1665 3108 1735 quemdam
3157 1665 3430 1720 interitum

243 1762 393 1819 Sicut
437 1763 622 1833 ubique
663 1764 718 1818 in
768 1764 909 1817 omni
955 1761 1189 1818 Ecclesia
1239 1763 1415 1816 doceo.
1469 1761 1752 1827 Quomodo
1780 1765 1830 1828 Β
1856 1758 2079 1829 patitur,
2108 1758 2332 1827 spiritus
2358 1771 2726 1813 conservetur.
2763 1758 2935 1814 Habet
2974 1760 3116 1814 enim
3141 1769 3435 1815 consuetu-

167 1869 390 1925 semper
416 1863 471 1910 et
500 1855 702 1926 ubique
737 1869 919 1911 meum
967 1854 1274 1925 exemplum
1326 1868 1448 1909 cum
1500 1853 1750 1909 doctrina

167 1945 485 2001 concordat.

245 2036 532 2107 Tamquam
557 2053 661 2091 non
685 2037 1049 2092 uenturus'sim
1073 2037 1143 2090 ad
1169 2051 1276 2092 vos.
1303 2035 1400 2092 Hic
1417 2036 1606 2107 incipit
1625 2051 1751 2094 catt-

169 2143 284 2184 sam
311 2128 687 2185 fornicationis
714 2145 961 2200 arguere.

243 2222 338 2278 Sic
364 2222 539 2292 inﬂati
564 2231 684 2276 sunt
709 2223 945 2292 quidam.
978 2222 1192 2278 Veniam
1218 2230 1389 2277 autem
1415 2223 1484 2276 ad
1510 2238 1596 2277 vos
1624 2225 1748 2291 cito,

171 2314 217 2369 si
247 2312 499 2368 Dominus
518 2314 755 2368 voluerit.
804 2314 1031 2370 Tamdiu
1054 2316 1250 2382 aliquis
1276 2315 1343 2371 de
1365 2315 1593 2371 scientia
1616 2314 1751 2372 falsa

171 2421 228 2462 se
268 2407 458 2477 jactat,
501 2421 782 2479 usquequo
830 2423 972 2464 verae
1011 2407 1253 2464 scientiae
1297 2408 1623 2479 praedicator
1651 2408 1750 2464 ad-

172 2501 338 2556 venit.

241 2591 313 2646 Et
351 2608 650 2663 cognoscam
694 2608 798 2648 non
847 2608 1130 2648 sermonem
1171 2608 1348 2648 eorum
1373 2632 1390 2660 ,
1443 2593 1531 2662 qui
1581 2593 1751 2664 inﬂati

169 2692 317 2750 sunt,
339 2683 428 2738 sed
447 2684 700 2738 virtutem.
733 2684 1065 2740 Examinabo
1092 2697 1199 2739 non
1221 2683 1549 2755 eloquentiae
1597 2698 1752 2755 pom-

176 2792 328 2848 pam,
361 2777 456 2833 sed
504 2776 932 2835 conversationis
978 2775 1246 2844 eﬂectum,
1277 2777 1366 2833 ubi
1409 2778 1581 2834 virtus
1624 2778 1750 2834 ﬁdei

171 2886 296 2928 esse
317 2871 596 2942 probatur.

243 2963 370 3018 Non
391 2964 526 3018 enim
549 2965 604 3018 in
627 2979 860 3019 sermone
881 2972 958 3019 est
975 2979 1190 3036 regnum
1212 2961 1331 3034 Dei,
1355 2962 1444 3018 sed
1469 2964 1525 3018 in
1543 2963 1746 3019 virtute.

171 3057 272 3113 llic
291 3055 547 3121 ostendit,
577 3055 710 3111 nihil
730 3056 990 3127 prodesse
1011 3055 1310 3110 doctrinam
1342 3055 1549 3125 absque
1585 3055 1743 3125 justi-

1856 1850 2036 1906 dinem
2067 1849 2364 1919 Scriptura,
2393 1859 2452 1905 ut
2490 1851 2762 1907 hominem
2794 1849 2848 1905 in
2896 1861 3068 1922 parte,
3119 1861 3287 1907 totum
3343 1853 3426 1907 in-

1857 1941 2086 2011 telligat.
2111 1939 2240 1996 Sive
2263 1941 2352 2006 ita,
2385 1939 2511 2010 quia
2535 1952 2590 1996 et
2617 1941 2705 1996 hic
2748 1941 3045 2012 Scriptura:
3071 1959 3188 1998 mos
3217 1954 3320 2012 est,
3373 1953 3432 2000 ut

1855 2032 1911 2088 in
1933 2048 2097 2088 carne
2123 2032 2366 2088 carnales
2396 2044 2548 2088 actus
2579 2034 2800 2090 interire
2826 2053 2840 2089 :
2871 2034 2925 2089 in
2950 2034 3144 2104 spiritu
3164 2051 3293 2092 vero
3318 2038 3428 2107 spi-

1856 2126 2069 2182 ritualis
2099 2127 2442 2182 conversatio
2479 2127 2625 2182 salva
2670 2127 2784 2182 ﬁeri
2830 2128 3253 2185 demonstretur.
3302 2130 3432 2186 ltem

1858 2219 1946 2275 hic
1967 2220 2203 2276 ostendit
2227 2221 2458 2290 ejectum
2481 2232 2632 2276 extra
2657 2220 2955 2277 Ecclesiam
2977 2222 3168 2276 rabido
3198 2237 3294 2279 ore
3321 2223 3433 2279 dae-

1858 2327 2076 2367 monum
2103 2312 2470 2378 lacerandum,
2520 2313 2564 2368 si
2597 2314 2961 2383 permanserit
3012 2313 3205 2368 nolens
3251 2315 3434 2371 carnis

1857 2406 1983 2461 vitia
2035 2405 2360 2462 mortiﬁcare
2389 2451 2403 2475 ,
2459 2417 2517 2464 ut
2565 2408 2736 2479 possit
2782 2409 2944 2464 vitam
2990 2418 3231 2466 sanctam
3273 2425 3432 2468 recu-

1858 2515 2069 2572 perare.

1932 2593 1999 2649 Ut
2026 2595 2240 2665 spiritus
2279 2596 2449 2650 salvus
2502 2597 2567 2650 sit
2613 2597 2666 2651 in
2705 2597 2787 2651 die
2826 2597 3036 2654 Domini
3081 2600 3245 2655 nostri
3300 2598 3433 2656 Jesu

1857 2689 2067 2746 Christi.
2093 2689 2354 2757 Quoniam
2381 2692 2434 2745 in
2465 2691 2716 2761 spiritum
2765 2690 2992 2749 Satanas
3021 2693 3266 2764 accipere
3319 2711 3428 2750 non

1856 2791 2035 2853 potest
2054 2791 2396 2851 potestatem.
2425 2792 2484 2837 ut
2513 2783 2720 2838 Domini
2747 2783 2954 2852 judicio
2983 2795 3314 2842 reservetur.

1929 2873 2054 2928 Non
2081 2883 2153 2928 est
2183 2874 2316 2929 bona
2358 2876 2600 2945 gloriatio
2626 2884 2787 2928 restra
2817 2890 2838 2928 :
2861 2877 3088 2941 nescitis,
3115 2877 3238 2946 quia
3268 2878 3435 2933 modi-

1856 2981 1974 3019 cum
1995 2966 2298 3036 fermentum
2325 2973 2481 3020 totam
2529 2981 2749 3019 massam
2777 2967 3104 3036 corrumpit?
3146 2967 3430 3038 lgnoratis,

1854 3060 1982 3130 quia
2012 3058 2156 3113 malo
2183 3059 2432 3130 exemplo
2462 3067 2686 3130 possunt
2714 3059 2930 3128 plurimi
2952 3059 3214 3116 interire?
3243 3061 3346 3116 Sed
3377 3071 3434 3117 et

173 3151 262 3206 tiae
283 3150 559 3222 operibus,
592 3150 642 3206 ei
671 3149 765 3221 qui
793 3164 902 3205 non
931 3150 1115 3215 faciat,
1165 3164 1286 3220 quae
1342 3149 1586 3206 facienda
1631 3165 1755 3221 per—
1779 3159 1826 3224 ρ
1858 3166 1954 3221 per
1980 3151 2138 3206 unius
2167 3149 2446 3218 delictum,
2500 3151 2555 3206 in
2585 3166 2803 3206 omnem
2831 3151 3089 3222 populum
3114 3151 3427 3210 Iudaeorum

171 3242 392 3298 suadet.

245 3331 390 3395 Quid
410 3331 609 3387 uultis?
649 3330 917 3404 Benignus
946 3331 1202 3403 magister
1222 3329 1609 3403 discipulorum
1630 3346 1748 3388 cor—

169 3426 476 3495 reptionem
505 3425 558 3481 in
586 3439 773 3481 eorum
793 3432 1058 3496 potestate
1087 3424 1344 3480 dimittit:
1405 3432 1464 3480 ut
1508 3425 1554 3480 si
1577 3425 1750 3494 pani-

171 3526 291 3574 tere
317 3517 506 3584 velint,
541 3517 994 3574 clementissimus
1050 3518 1360 3574 consolator
1409 3517 1640 3574 adesset.
1690 3519 1747 3576 Si

173 3617 352 3665 autem
379 3608 606 3675 nollent,
635 3609 804 3666 durus
829 3610 970 3666 ultor
997 3609 1272 3665 assisteret
1305 3618 1668 3679 peccatorum.

243 3700 311 3756 In
339 3702 482 3775 virga
520 3704 718 3758 veniam
746 3703 815 3757 ad
840 3719 927 3758 vos
952 3747 966 3772 ,
1013 3719 1081 3757 an
1124 3703 1176 3758 in
1204 3704 1458 3757 charitate
1487 3710 1533 3758 et
1565 3704 1748 3775 spiritu

173 3792 618 3850 mansuetudinis?
644 3793 802 3862 Quali
841 3793 993 3865 virga
1021 3793 1167 3849 venit
1187 3793 1377 3849 Petrus
1397 3793 1466 3849 ad
1483 3795 1744 3852 Anauiam

175 3895 229 3942 et
257 3886 596 3959 Sapphiram,
627 3896 682 3944 et
710 3890 828 3956 ipse
855 3889 1054 3945 Paulus
1075 3888 1141 3944 ad
1163 3903 1398 3959 magum.
1457 3951 1459 3954 η

783 4048 1007 4104 CAPUT
1048 4049 1116 4106 γ.

243 4184 471 4240 Omnino
497 4184 726 4239 auditur.
776 4184 1024 4242 Ostendit
1068 4199 1236 4258 quare
1264 4187 1542 4259 superiora
1571 4189 1745 4246 mina-

172 4290 253 4336 tus
292 4281 384 4337 sit.

240 4373 385 4430 Inter
410 4389 501 4429 vos
522 4371 814 4445 fornicatio,
854 4380 900 4427 et
929 4373 1045 4428 talis
1093 4373 1395 4445 fornicatio,
1451 4374 1615 4442 qualis
1654 4391 1745 4431 nec

173 4467 297 4519 inter
321 4475 497 4539 gentes
523 4481 542 4519 :
595 4465 669 4520 ita
694 4473 750 4518 ut
775 4481 990 4519 uxorem
1043 4465 1204 4534 patris
1231 4466 1312 4521 sui
1338 4465 1522 4537 aliquis
1540 4465 1741 4524 habeat.

175 4555 229 4610 In
259 4557 522 4625 Ecclesia,
555 4557 638 4611 cui
665 4571 758 4611 vos
787 4571 1025 4626 praeesse
1052 4557 1328 4612 videmini.

243 4648 308 4703 Et
333 4666 418 4704 uos
445 4648 620 4719 inﬂati
648 4650 768 4703 estis
789 4664 808 4702 :
858 4659 906 4703 et
933 4665 1034 4704 non
1064 4650 1226 4720 magis
1246 4654 1436 4704 luctum
1465 4651 1738 4706 habuistis.

177 4736 317 4796 Vana
341 4741 564 4797 scientia
594 4740 876 4806 inﬂamini,
903 4750 959 4796 et
1007 4756 1192 4797 curam
1232 4743 1299 4798 de
1340 4743 1450 4811 his,
1498 4746 1588 4813 qui
1620 4760 1741 4816 per-

178 4842 298 4886 eunt
322 4848 423 4889 non
445 4832 657 4889 habetis
683 4851 696 4886 :
741 4842 800 4888 ut
824 4845 916 4887 aut
938 4835 1305 4903 corrigantur,
1333 4843 1428 4891 aut
1456 4835 1522 4890 ab
1555 4836 1741 4894 Eccle-

177 4922 250 4976 sia
275 4936 605 4994 separentur.
642 4926 772 4980 Cum
806 4925 977 4981 bonos
1028 4937 1275 4996 pastores
1333 4941 1546 4996 semper
1590 4929 1738 5000 lega-

180 5029 311 5084 mus,
333 5021 516 5089 populi
547 5019 777 5075 deﬂesse
807 5028 1028 5089 peccata
1063 5036 1077 5075 :
1104 5018 1174 5076 Ut
1200 5018 1488 5076 Ieremiam
1522 5022 1611 5091 qui
1635 5021 1735 5076 ait:

181 5106 303 5168 Quis
327 5110 467 5164 dabit
491 5112 651 5181 capiti
677 5126 798 5166 meo
827 5126 1040 5182 aquam,
1093 5117 1148 5167 et
1173 5111 1342 5167 oculis
1371 5113 1510 5168 meis
1531 5114 1736 5171 fontem

183 5193 557 5266 lacrymarum?
578 5213 638 5258 ut
665 5203 997 5272 ostenderet,
1027 5204 1134 5260 sibi
1163 5219 1270 5262 non
1299 5205 1552 5262 allectum
1587 5207 1738 5264 dolo-

183 5287 278 5350 ris,
305 5290 393 5342 sed
422 5292 680 5366 lacrymas
701 5295 992 5352 defecisse.

258 5376 324 5430 fit
349 5380 549 5437 tollatur
577 5389 637 5440 de
660 5389 828 5444 medio
855 5397 1098 5459 vestrum,
1140 5391 1227 5460 qui
1277 5390 1374 5446 hoc
1427 5408 1556 5464 Opus
1593 5394 1732 5464 fecit.

185 5466 310 5530 Sive
338 5468 513 5540 homo,
533 5477 620 5545 qui
645 5481 884 5548 peccavit
914 5482 1159 5551 tollatur,
1215 5484 1334 5541 sive
1359 5483 1588 5542 Satanas
1640 5485 1737 5555 eji-

189 5557 382 5625 ciatur,
411 5561 533 5619 dum
553 5582 658 5623 non
676 5569 837 5627 habet
866 5589 960 5643 per
987 5589 1144 5644 quem
1169 5586 1443 5645 operetur.

253 5649 366 5723 Ego
393 5657 588 5725 quidem
615 5661 790 5716 absens
817 5681 1049 5737 corpore,
1076 5683 1298 5738 praesens
1323 5679 1491 5725 autem
1514 5673 1734 5744 spiritu:

175 5745 288 5818 jam
308 5749 537 5821 judicavi
569 5762 624 5811 ut
659 5773 892 5827 prauus.
944 5761 1268 5821 Praesentem
1297 5779 1359 5823 se
1388 5780 1510 5825 esse
1527 5767 1657 5826 dicit
1681 5769 1734 5827 in

1853 3242 1987 3298 iram
2021 3243 2114 3297 Dei
2146 3241 2376 3313 legimus
2405 3242 2709 3298 advenisse.

1923 3332 2221 3406 Expurgate
2247 3344 2387 3389 vetus
2410 3334 2737 3403 fermentum,
2774 3342 2830 3388 ut
2869 3334 2982 3388 sitis
3009 3349 3139 3390 nova
3163 3342 3424 3404 fconsper-

1851 3427 1952 3494 sio,
1977 3428 2108 3482 sicut
2135 3428 2256 3482 estis
2283 3427 2474 3497 azgmi.
2520 3425 2666 3480 Nihil
2710 3426 2762 3480 in
2798 3426 2950 3482 vobis
2995 3430 3428 3486 conversationis

1851 3520 2096 3592 pristinas
2119 3518 2460 3588 relinquatis,
2489 3517 2630 3588 quod
2658 3517 3022 3574 sinceritatem
3051 3521 3222 3590 possit
3267 3533 3426 3578 natu-

1849 3627 1925 3668 rae
1954 3623 2326 3679 corrumpere.

1925 3702 2123 3756 Etenim
2169 3700 2362 3767 pascha
2408 3708 2682 3767 nostrum,
2717 3701 3008 3757 immolatus
3047 3712 3122 3759 est
3167 3703 3424 3762 Christus.

1849 3791 2035 3863 Itaque
2071 3791 2356 3863 epulemur,
2412 3808 2514 3847 non
2565 3793 2618 3846 in
2668 3793 2911 3863 fermento
2954 3797 3127 3864 veteri,
3184 3814 3342 3868 neque
3369 3801 3422 3854 in

1850 3886 2096 3957 fermento
2116 3883 2326 3939 malitia:
2351 3893 2397 3939 et
2416 3886 2654 3956 nequitia:
2681 3901 2699 3938 :
2745 3887 2833 3940 sed
2859 3888 2914 3940 in
2941 3890 3134 3960 azymis
3162 3892 3428 3948 sincerita-

1851 3979 1916 4033 tis
1938 3987 1985 4032 et
2017 3978 2264 4032 ueritatis.
2311 3976 2427 4032 Non
2478 3978 2673 4049 ﬁgura,
2722 3979 2817 4035 sed
2870 3983 3086 4038 veritas.
3147 3982 3214 4038 Et
3251 3985 3424 4042 Judaei

1849 4070 2064 4141 quidem
2092 4078 2297 4139 septem
2313 4069 2506 4125 diebus
2534 4086 2720 4144 azyma
2749 4073 3127 4130 comedebant.
3154 4073 3264 4131 Nos
3287 4092 3419 4132 vero

1847 4176 2086 4232 semper,
2131 4161 2178 4216 si
2216 4160 2534 4231 simpliciter
2579 4172 2635 4218 et
2663 4179 2796 4233 pure
2836 4180 3135 4222 versemur.
3187 4166 3321 4234 Quia
3364 4169 3416 4223 in

1848 4263 2062 4325 septem
2093 4254 2284 4309 diebus
2306 4256 2539 4311 mundus
2565 4265 2648 4312 est
2675 4256 2868 4323 factus,
2897 4258 2987 4328 qui
3011 4273 3222 4327 semper
3242 4258 3296 4313 in
3321 4274 3418 4316 suo

1848 4349 2041 4406 ordine
2065 4347 2386 4404 revolvitur.
2412 4349 2479 4402 Et
2506 4348 2742 4418 quotidie
2768 4351 2924 4406 nobis
2943 4364 3112 4420 agnus
3133 4350 3418 4418 occiditur,

1847 4449 1904 4499 et
1930 4441 2129 4513 pascha
2173 4440 2417 4512 quotidie
2461 4442 2802 4498 celebramus
2834 4458 2849 4498 :
2882 4444 2926 4497 si
2956 4442 3278 4498 fermentum
3308 4459 3423 4499 ma-

1768 4545 1822 4607 D
1845 4537 1978 4596 litite
2008 4546 2065 4592 et
2089 4535 2344 4607 nequitia:
2372 4550 2479 4591 non
2509 4536 2786 4592 habemus.
2833 4534 2973 4602 Quid
2997 4544 3080 4590 est
3104 4537 3246 4591 enim
3272 4535 3417 4593 aliud

1847 4634 1952 4690 nisi
1991 4631 2273 4702 corruptio
2297 4639 2526 4698 naturae,
2553 4629 2900 4694 fermentum,
2951 4628 3096 4697 quod
3148 4636 3203 4684 et
3241 4629 3416 4698 ipsum

1844 4727 1993 4798 prius
2046 4740 2076 4780 a
2133 4722 2364 4780 naturali
2414 4721 2698 4777 dulcedine
2755 4719 3015 4776 recedens
3046 4759 3063 4787 ,
3113 4717 3417 4776 adulterino

1844 4833 2004 4876 acore
2025 4826 2336 4885 corruptum
2362 4811 2490 4869 est?

1915 4911 2117 4980 Scripsi
2165 4910 2301 4963 vobis
2327 4909 2380 4961 in
2402 4906 2656 4977 Epistola,
2689 4922 2750 4960 ne
2793 4905 3223 4960 commisceamini
3253 4906 3419 4976 forni-

1841 5007 2018 5062 cariis.
2048 5000 2172 5056 Non
2194 5001 2368 5069 utique
2387 4999 2678 5069 fornicariis
2700 4996 2854 5069 hujus
2883 4996 3079 5066 mundi,
3104 5007 3195 5051 aut
3221 5000 3412 5064 avaris,

1838 5110 1926 5156 aut
1954 5096 2252 5166 rapacibus,
2277 5103 2366 5146 aut
2395 5092 2549 5146 idolis
2578 5090 2928 5145 servientibus.
2987 5091 3102 5146 llnc
3144 5093 3313 5163 ipsum
3356 5094 3408 5147 in

1838 5195 1940 5250 hac
1969 5190 2214 5262 Epistola
2235 5188 2308 5243 ita
2335 5185 2552 5256 scripsi,
2580 5199 2687 5240 non
2714 5194 2772 5239 ut
2809 5198 2840 5237 a
2862 5183 3140 5253 gentibus,
3196 5185 3291 5240 sed
3341 5186 3409 5240 ab

1838 5288 1923 5344 his
1948 5285 2040 5357 qui
2072 5291 2295 5354 peccant
2325 5283 2379 5336 in
2409 5279 2672 5346 Ecclesia,
2707 5276 3062 5347 separemini:
3096 5277 3175 5332 sin
3199 5288 3400 5342 autem,

1838 5378 1977 5437 mori
2005 5374 2316 5434 debueratis
2345 5390 2357 5425 :
2391 5385 2524 5442 quos
2564 5371 2764 5426 idcirco
2786 5370 3053 5440 praecipue
3091 5367 3272 5422 vivere
3322 5366 3404 5418 in-

1839 5471 1998 5529 terim
2026 5470 2168 5526 Deus
2188 5465 2378 5535 voluit,
2408 5480 2515 5537 quo
2544 5463 2942 5521 cohabitatione
2967 5469 3146 5518 vestra
3184 5457 3413 5531 proﬁce-

1842 5578 1962 5630 rent
1991 5567 2256 5626 infideles.

1911 5666 2153 5736 Alioquin
2179 5664 2467 5720 debueratis
2503 5665 2566 5720 de
2596 5665 2691 5718 hoc
2717 5664 2907 5718 mundo
2937 5663 3116 5718 exisse.
3147 5659 3273 5716 Sive
3303 5659 3410 5714 ita:

1842 5761 1926 5823 sin
1947 5770 2150 5831 autem,
2174 5761 2374 5821 melius
2400 5759 2555 5820 vobis
2575 5758 2752 5819 fuerat
2771 5757 2838 5818 de
2865 5757 2967 5815 hac
2994 5756 3116 5816 luce
3136 5754 3418 5828 migrasse,
