4030 6202
152 262 261 319 735

837 258 1371 321 COMMENTARIUS
1411 250 1477 319 tu
1516 254 1896 320 EPiS‘l‘OLAM
1937 262 1957 319 ι
1996 262 2084 319 ΑΙ)
2123 262 2278 321 con.
2318 262 2468 324 CAP.
2512 264 2625 326 vtt.

3299 268 3404 327 τδι

150 378 349 427 testate.
379 371 517 425 Esca
543 370 724 438 vetari,
744 379 794 427 et
823 380 995 426 tenter
1026 373 1174 427 escis.
1202 372 1353 428 Licet
1381 373 1537 430 nobis
1568 384 1719 428 man-
1751 386 1802 437 Α
1906 375 1977 431 Et
1999 392 2099 433 non
2131 379 2249 433 estis
2299 382 2471 436 vestri.
2502 381 2680 452 Empti
2711 382 2845 437 enim
2869 383 2988 439 estis
3013 382 3172 457 pretio
3196 392 3402 458 magno.

147 464 351 519 ducare
374 474 428 519 et
448 463 654 530 bibere,
679 463 774 519 sed
794 464 837 519 si
869 465 1093 519 nimium
1129 467 1301 519 ventri
1330 466 1534 521 subditi
1556 465 1723 521 fueri-

148 572 293 623 mus,
320 557 494 626 ipsum
524 556 732 612 licitum
782 557 947 611 trahit
997 564 1096 611 nos
1123 557 1192 611 ad
1220 557 1427 622 illicita,
1470 558 1573 612 hoc
1611 567 1718 623 est,

145 649 212 703 ad
243 650 646 705 fornicationem
672 666 686 702 ι
717 648 789 703 ita
818 648 966 704 etde
991 651 1245 705 omnibus
1279 650 1720 722 intelligendum;

145 756 269 810 qua:
289 756 412 797 cum
442 751 725 811 peccatum
752 757 858 797 non
888 752 1035 809 sunt,
1060 744 1376 799 occasiones
1400 754 1578 799 tamen
1601 759 1726 816 pos.

146 846 270 889 sunt
296 848 495 905 capere
513 834 861 903 delictorum.

214 926 356 984 Deus
378 938 553 983 autem
577 928 716 983 hunc
736 938 784 983 et
814 927 947 983 hanc
972 929 1218 984 destruet.
1256 930 1473 985 Ethue'c
1502 928 1629 999 duo,
1668 931 1724 987 id

142 1028 247 1083 est.
280 1034 454 1076 escam
483 1031 537 1077 et
564 1033 835 1087 ventrem,
884 1032 938 1077 et
965 1022 1263 1088 hominem,
1296 1022 1380 1077 bis
1422 1022 1720 1089 subditum,

140 1121 197 1166 et
224 1113 593 1183 voluptatibus
628 1113 979 1168 servientem.
1033 1115 1163 1169 Item
1215 1114 1268 1169 in
1321 1116 1723 1171 resurrectione

140 1213 484 1261 niortuorum
513 1216 618 1261 non
649 1204 959 1260 destruetur
1000 1207 1206 1261 ventris
1255 1206 1586 1273 substantia,
1621 1206 1719 1261 sed

136 1312 266 1353 esus
296 1298 562 1363 ciborum,
594 1307 646 1353 et
672 1297 874 1353 ventris
895 1313 1055 1367 opera
1102 1300 1411 1353 cessabunt.
1451 1297 1718 1365 Quoniam

137 1404 365 1459 regnum
391 1391 653 1445 oculorum
678 1390 820 1445 sicut
844 1389 985 1443 idem
1009 1390 1307 1458 Apostolus
1330 1390 1401 1445 ad
1444 1390 1721 1446 Romanos

142 1480 300 1547 dicit,
331 1498 505 1552 neque
530 1494 675 1548 esca,
702 1497 878 1553 neque
903 1491 1062 1553 potus
1084 1492 1189 1540 est.

209 1573 406 1646 Corpus
445 1583 613 1629 autem
664 1592 765 1629 non
818 1577 1183 1647 fornicationi,
1232 1578 1323 1633 sed
1367 1578 1595 1633 Domino
1624 1595 1642 1634 :
1671 1588 1721 1635 et

136 1664 395 1743 Dominus
448 1668 675 1739 corpori.
733 1667 850 1723 Non
916 1667 1280 1737 fornicationi,
1332 1671 1431 1727 sed
1491 1669 1719 1727 Domino

1825 469 1924 535 Qui
1952 484 2055 525 non
2086 472 2165 527 est
2191 486 2342 539 suus,
2372 490 2480 530 non
2510 472 2670 531 debet
2723 491 2833 531 suae
2858 478 3116 531 voluntati
3148 477 3353 532 servire
3386 492 3401 532 :

1824 561 1921 618 sed
1946 563 2085 618 illius
2107 578 2134 617 a
2162 580 2268 635 quo
2291 572 2501 635 emptus
2532 567 2949 634 est,secundum
2983 569 3145 638 ipsius
3165 566 3400 639 jussum,

1824 655 2050 712 dicentis
2078 675 2094 712 :
2118 656 2219 727 Qui
2247 659 2360 715 vult
2389 668 2511 731 post
2560 674 2646 715 me
2705 661 2912 729 venire,
2943 662 3171 731 abneget
3198 671 3402 716 semet-

1826 750 1996 819 ipsum
2030 750 2150 806 sibi.
2192 750 2247 808 Si
2289 751 2431 809 enim
2476 755 2636 809 hoino
2689 764 2720 808 a
2759 764 2923 809 Servo
2954 768 3123 824 pauca
3175 752 3403 827 pecunia

1824 852 2136 912 comparat,
2192 846 2503 901 Continuam
2566 846 2733 918 exigit
2787 844 3147 914 servitutem,
3200 844 3398 912 quanto

1825 934 1994 1009 magis
2028 937 2118 993 ille
2152 938 2364 1008 quinos
2390 948 2484 995 sua
2506 949 2680 997 morte
2711 938 2985 996 redemit!
3021 936 3167 996 Sicut
3191 940 3266 993 ait
3304 938 3406 994 Pe-

1828 1043 1979 1086 trus:
2021 1030 2264 1088 Scientes
2320 1030 2463 1105 quod
2510 1040 2635 1090 non
2664 1034 3131 1104 corruptibilibus,
3180 1028 3405 1103 argento

1827 1124 1913 1178 vei
1944 1132 2075 1177 auro
2123 1125 2388 1196 redempti
2437 1126 2569 1181 estis
2600 1126 2666 1182 de
2697 1124 2835 1181 vana
2882 1134 3060 1181 sesua
3115 1138 3403 1180 c0nversa-

1825 1215 1967 1270 tione
2015 1225 2255 1286 paternae
2298 1218 2625 1283 traditionis,
2677 1220 2773 1274 sed
2828 1218 3068 1289 pretioso
3119 1218 3401 1290 sanguine,

1821 1310 1969 1380 φιδεὶ
2000 1311 2122 1379 agni
2152 1308 2485 1367 iinma‘culati
2514 1322 2568 1367 et
2601 1310 3015 1367 incontaminati
3044 1304 3267 1367 Christi.
3291 1310 3405 1368 Ali-

1823 1400 2247 1457 tennescindit
2268 1402 2561 1474 emptionis
2614 1402 2827 1472 pactum
2877 1402 3122 1477 qdiSquis
3164 1404 3405 1461 inculca-

1822 1494 1955 1549 verit
1975 1493 2062 1564 jus
2086 1486 2391 1551 testamenti
2427 1514 2441 1552 :
2481 1507 2533 1552 et
2560 1511 2589 1551 a
2618 1494 2806 1552 Servili
2844 1496 3158 1552 conditione
3191 1495 3401 1553 alienus

1821 1594 1922 1653 est,
1953 1590 2044 1659 qui
2074 1586 2321 1646 libertate
2346 1598 2456 1645 sua:
2495 1588 2789 1646 voluntatis
2814 1590 2915 1645 non
2941 1589 3258 1660 impeditur.

1890 1681 2214 1752 Gloriﬁcate,
2238 1692 2286 1739 et
2306 1692 2504 1754 portate
2528 1678 2692 1740 Deum
2729 1686 2782 1740 in
2804 1699 3021 1756 corpore
3054 1691 3241 1738 vestro.
3268 1678 3401 1740 Glo-

134 1758 455 1815 esbibeatur
484 1770 581 1816 :et
618 1761 875 1817 Dominus
924 1763 1143 1833 corpori
1193 1763 1557 1833 copuiabitur.
1611 1764 1720 1821 Do-
1746 1766 2025 1828 B'riilcate
2053 1774 2223 1830 Deum
2252 1775 2457 1830 actibus
2484 1776 2700 1845 vestris,
2748 1775 2801 1831 et
2850 1772 3061 1847 portate
3089 1786 3233 1841 eum,
3277 1773 3394 1842 ejus

133 1852 317 1907 minus
343 1853 486 1908 enim
517 1853 795 1910 nobiscum
849 1864 932 1911 est
984 1856 1238 1925 quamdiu
1288 1856 1557 1914 fuerimus
1592 1873 1714 1917 cum

141 1945 243 2002 illo
275 1964 291 2005 :
335 1945 382 2003 si
402 1946 857 2019 dereliquerimus
870 1956 1017 2017 eum,
1037 1957 1093 2007 es
1120 1950 1215 2008 ille
1238 1965 1337 2008 nos
1354 1950 1713 2025 derelinquat.

215 2038 362 2094 Deus
390 2056 507 2095 vero
536 2050 584 2096 et
606 2039 889 2098 Dominum
914 2044 1204 2111 suscitavit,
1246 2055 1295 2099 et
1336 2061 1428 2101 nos
1455 2047 1721 2103 suscitatis

135 2147 226 2201 per
244 2131 483 2191 virtutem
508 2146 676 2191 suam.
705 2133 848 2202 Quia
868 2143 1034 2206 caput
1061 2142 1305 2191 nostrum
1330 2138 1639 2203 suscitavit,
1662 2149 1718 2195 et

139 2240 240 2287 nos
272 2226 580 2293 suscitabit,
607 2229 655 2283 si
686 2236 867 2285 utnon
895 2228 1013 2300 ejus
1033 2230 1280 2289 membra
1308 2243 1408 2302 per
1459 2233 1719 2288 sanctitas

137 2328 246 2373 tem
272 2334 393 2374 esse
426 2336 755 2378 mereamur.

204 2407 439 2468 Nescitis
485 2412 731 2485 quoniam
780 2422 1000 2482 corpora
1067 2424 1239 2471 castra
1316 2418 1544 2473 membra
1600 2418 1720 2473 sunt

138 2500 365 2557 Christi?
386 2503 575 2560 Omnis
603 2504 873 2572 Ecclesia,
909 2521 1109 2577 corpus
1134 2507 1338 2564 Christi
1369 2517 1455 2565 est
1477 2529 1493 2565 :
1516 2508 1718 2581 singuli

138 2602 321 2649 autem
351 2596 614 2652 membra.

208 2687 424 2751 Totiens
444 2705 566 2760 ergo
588 2691 811 2746 membra
832 2692 1038 2749 Christi.
1059 2694 1218 2751 Tollit
1234 2694 1433 2753 Christi
1456 2699 1717 2771 membra,

134 2780 188 2833 id
217 2789 323 2844 est.
344 2782 610 2841 abscindit
634 2800 695 2841 se
718 2802 747 2841 a
774 2802 1003 2859 corpore
1023 2789 1257 2859 Christi,
1282 2794 1371 2863 qui
1398 2796 1616 2863 junctus
1637 2805 1721 2852 est

135 2876 434 2934 meretrici.

206 2963 429 3021 Faciam
466 2968 692 3027 mira
722 2974 1002 3029 meretricis
1022 2975 1045 3023 Ἰ
1068 2976 1235 3031 Absit.
1268 2976 1386 3033 Non
1416 2979 1558 3034 dixit
1613 2976 1723 3035 tota

135 3059 323 3115 uicarii
348 3076 363 3117 ;
396 3071 453 3115 ut
475 3064 785 3119 ostenderet
800 3079 929 3121 eum
956 3068 1196 3137 ejusdem
1227 3078 1283 3125 et
1314 3073 1555 3128 criminis
1577 3086 1716 3142 esse,

1818 1863 2105 1935 imaginem
2145 1866 2557 1923 conservando:
2592 1867 2732 1923 sicut
2755 1866 2828 1922 ait
2872 1864 3041 1922 alibi:
3075 1862 3229 1924 Sicut
3274 1880 3400 1938 por-

1819 1957 2046 2010 tavimus
2068 1956 2356 2026 imaginem
2390 1958 2612 2027 terreni,
2668 1958 2741 2012 ita
2793 1967 3072 2028 portemus
3113 1956 3400 2031 imaginem

1818 2049 2079 2105 caelestis.
3174 2060 3175 2065 ‘

2414 2120 2638 2179 CAPUT
2680 2121 2794 2178 VII;

1890 2237 1969 2294 De
2037 2236 2218 2311 quibus
2278 2242 2447 2292 autem
2510 2235 2788 2310 scripsistis
2864 2232 3012 2291 mihi.
3076 2232 3268 2311 incipit
3335 2234 3403 2292 de

1819 2330 2080 2401 conjugiis
2125 2348 2139 2383 :
2180 2336 2305 2384 ante
2337 2326 2480 2384 enim
2528 2328 2855 2401 expugnavit
2901 2328 3112 2396 illicita,
3146 2343 3305 2400 quam
3331 2323 3401 2385 de

1818 2422 1979 2478 licitis
2010 2422 2343 2493 loqueretur.
2608 2418 2609 2421 “

1888 2516 2091 2572 Bonum
2122 2526 2195 2572 est
2224 2515 2417 2573 homini
2438 2515 2704 2572 mulierem
2752 2528 2853 2571 non
2902 2524 3133 2587 tangere.
3178 2512 3403 2587 Propter

1820 2611 2208 2679 fomirationcm
2252 2621 2419 2664 autem
2476 2609 2824 2683 unusquisque
2863 2622 3009 2664 suam
3053 2623 3267 2663 uxorem
3299 2610 3397 2661 Ita-

1821 2703 1930 2757 beat
1960 2719 1979 2757 :
2005 2714 2051 2758 et
2069 2718 2388 2773 unaquaque
2408 2718 2553 2755 suunt
2576 2704 2741 2757 virum
2764 2699 2965 2755 habeat.
2987 2700 3149 2756 Uxori
3170 2701 3246 2754 vir
3263 2698 3405 2754 debi-

1820 2800 1925 2849 tum
1944 2794 2124 2848 reddat
2149 2812 2165 2847 :
2183 2794 2420 2849 similiter
2435 2804 2605 2848 autem
2624 2800 2672 2848 et
2694 2810 2827 2848 uxor
2851 2793 2980 2848 viro.
3002 2790 3208 2847 Bonum
3228 2776 3404 2849 iuerat

1822 2870 1977 2952 illud,
2002 2885 2142 2956 quod
2166 2886 2315 2941 vobis
2343 2886 2395 2941 in
2440 2886 2736 2956 primordio
2780 2884 3071 2957 prrcdicavi
3105 2904 3119 2947 ;
3151 2884 3255 2940 hoc
3296 2886 3419 2952 est,"

1821 2978 2121 3033 secundum
2155 2977 2391 3050 coniugii
2442 2994 2616 3043 usum,
2664 2992 2768 3032 non
2822 2990 3043 3047 tangere
3091 2975 3399 3034 mulierem.

1822 3072 1929 3128 Sed
1959 3073 2206 3142 quoniam
2255 3075 2450 3126 multos
2504 3070 2907 3127 incontinentes
2958 3070 3085 3125 huic
3133 3071 3401 3125 doctrinae

133 3160 190 3204 et
212 3153 471 3219 nominis,
501 3156 654 3223 cujus
681 3156 768 3211 illa
792 3168 896 3213 est.
930 3159 1086 3229 Apud
1131 3160 1377 3218 homines
1426 3166 1571 3221 enim
1618 3166 1717 3222 mi-
1747 3147 1792 3214 ε
1821 3165 2111 3243 scripsistis
2138 3164 2395 3235 refragari
2432 3183 2446 3221 :
2485 3165 2814 3221 concedatur
2848 3162 3171 3227 remedium,
3203 3178 3269 3217 ne
3292 3162 3401 3216 for-

132 3258 235 3301 nus
256 3245 471 3304 videtur
496 3249 619 3314 viri,
644 3264 804 3320 quam
824 3251 1071 3309 mulieris
1090 3255 1405 3313 admissum.

201 3339 284 3399 Art
306 3342 539 3411 nescitis,
562 3345 809 3412 quoniam
843 3348 933 3416 qui
980 3347 1213 3403 adhterat
1254 3352 1525 3421 meretrici,
1556 3364 1718 3409 unum

130 3448 322 3502 corpus
349 3434 574 3503 efﬁcitur
590 3438 615 3490 ?
640 3448 789 3493 erunt
811 3439 966 3501 enim,
995 3440 1178 3508 inquit,
1204 3442 1307 3496 duo
1330 3445 1383 3498 in
1411 3460 1567 3500 carne
1586 3463 1709 3501 una.

127 3526 414 3591 Quomodo
436 3543 555 3584 cum
585 3546 758 3595 uxore
782 3531 947 3598 iicite,
972 3536 1043 3588 ita
1067 3544 1120 3591 et
1143 3536 1324 3593 illic-ite
1360 3548 1484 3593 cum
1538 3555 1714 3597 mere-

126 3619 260 3675 trice
284 3632 391 3676 una
416 3634 547 3676 euro
570 3623 810 3680 efﬁcitur
840 3641 933 3695 per
962 3640 1220 3684 amorem.

200 3712 302 3779 Qui
330 3724 505 3769 autem
526 3716 754 3772 adliceret
782 3718 909 3782 Dea.
966 3736 1099 3776 unus
1151 3725 1365 3793 spiritus
1420 3736 1514 3781 est.
1567 3728 1713 3797 Quo-

127 3804 289 3861 modo
316 3822 417 3877 per
436 3809 613 3865 carnis
639 3820 823 3881 opera,
853 3826 983 3868 caro
1010 3814 1069 3868 lit
1094 3834 1108 3869 :
1138 3816 1208 3871 ita
1248 3830 1345 3886 per
1376 3830 1541 3889 opera
1588 3821 1708 3889 Dei,

130 3897 347 3965 Spiritus
374 3899 623 3956 efficitur.

194 3985 821 4061 Fugitefornisationem.
864 3995 1030 4065 Cujus
1079 3998 1287 4054 crimen
1341 4000 1541 4057 videtis
1587 4017 1710 4059 esse

126 4095 529 4150 grausstmum.

194 4175 363 4231 Omne
414 4178 549 4231 enim
585 4188 852 4247 peccatum
907 4180 1265 4249 quodcumque
1300 4183 1487 4253 fecerit
1532 4186 1706 4257 homo,

128 4282 264 4325 extra
299 4288 488 4341 corpus
535 4281 606 4325 est
656 4288 675 4326 :
717 4275 809 4345 qui
847 4285 1014 4329 autem
1057 4279 1364 4348 fornicatur,
1414 4280 1467 4333 in
1522 4296 1709 4353 corpus

129 4376 273 4417 suum
314 4374 511 4433 peccat.
566 4364 741 4419 Omne
806 4376 1075 4434 peccatum
1149 4379 1327 4440 potest
1372 4378 1427 4427 et
1494 4374 1562 4427 ab
1603 4389 1711 4429 uno

128 4456 433 4510 committi:
467 4456 555 4526 qui
614 4457 919 4512 membrum
971 4460 1075 4515 dici
1116 4472 1315 4532 potest,
1367 4472 1471 4519 nun
1521 4474 1702 4521 tamen

1820 3259 2046 3315 nicando
2076 3258 2391 3313 moriantur.
2427 3257 2565 3328 Ergo
2605 3254 2709 3312 hoc
2737 3256 2977 3327 Apostoli
3026 3253 3300 3323 exemplo,
3342 3255 3399 3310 in

1816 3352 2004 3426 primis
2033 3352 2312 3423 virginitas
2356 3346 2410 3405 ei
2446 3349 2782 3405 continentia
2832 3345 3177 3416 praedicatur.
3222 3344 3290 3399 Et
3344 3342 3392 3399 si

1815 3446 1934 3516 quis
1964 3461 2023 3501 se
2054 3444 2480 3500 incontinentem
2531 3450 2640 3495 non
2688 3440 2967 3494 erubuerit
3016 3438 3283 3500 conﬁteri,
3340 3436 3397 3492 in

1815 3538 2125 3609 languorem
2158 3531 2562 3590 incontinentiae
2589 3532 2927 3596 reclamanti,
2961 3544 3067 3583 non
3096 3527 3398 3599 denegetur

1814 3633 2111 3687 remedium
2140 3625 2774 3698 nuptiarum.Quomodo
2816 3627 2861 3680 si
2889 3626 3096 3696 peritus
3145 3624 3393 3680 medicus

1813 3730 2054 3798 inquieto
2075 3741 2241 3795 aegro,
2273 3732 2327 3779 et
2356 3723 2569 3793 neganti
2602 3736 2661 3778 se
2688 3736 2846 3793 posse
2875 3736 2903 3775 a
2929 3720 3104 3792 pomis
3138 3720 3394 3776 omnibus

1810 3819 2103 3884 abstinere,
2135 3815 2393 3872 concedat
2428 3816 2781 3885 aliquantum,
2825 3829 2892 3869 ne
2937 3810 3030 3868 ille
3081 3813 3389 3883 perniciosa

1810 3919 2121 3983 prtesumat.
2154 3906 2562 3963 incontinentim
2590 3922 2776 3963 revera
2799 3922 2928 3961 usus
2949 3916 3005 3961 et
3036 3914 3301 3976 tempore,
3335 3914 3392 3963 et

1811 4010 1990 4071 attate,
2014 4004 2070 4058 et
2109 4002 2249 4067 Ideo,
2284 4009 2339 4056 et
2385 3999 2697 4054 infirmitate
2758 3998 3094 4068 prohibetur.
3154 4000 3389 4055 Castitas

1809 4106 1939 4154 vero
1993 4102 2166 4167 potest
2214 4094 2417 4164 jugiter
2466 4093 2747 4149 custodiri.
2782 4092 2915 4147 illud
2956 4104 3084 4163 ergo
3130 4092 3391 4149 debemus

1809 4196 2083 4263 appetere,
2116 4187 2259 4260 quod
2279 4186 2488 4243 facilius
2505 4188 2778 4244 custodire
2821 4186 2941 4244 sine
2992 4184 3390 4258 impedimento

1810 4282 1917 4339 ullo
1953 4286 2259 4354 possumus,
2287 4284 2341 4336 et
2370 4280 2423 4335 in
2456 4291 2717 4351 perpetuo
2746 4279 3047 4351 possidere.
3090 4277 3197 4334 Sed
3243 4277 3381 4349 obji-

1808 4384 1929 4433 cere
1959 4384 2233 4430 amatores
2255 4372 2486 4429 lusoria:
2521 4372 2697 4430 solent
2730 4391 2742 4427 :
2776 4373 2845 4428 Ut
2865 4370 2991 4444 quid
3034 4372 3166 4440 ergo
3212 4372 3385 4440 prima

1809 4470 1901 4526 Dei
1931 4467 2255 4533 benedictio,
2287 4482 2538 4523 crescere
2566 4474 2619 4521 et
2654 4464 3015 4536 multiplicare
3065 4463 3382 4519 concessit?

131 4557 341 4613 corpus.
385 4548 446 4602 in
485 4548 845 4611 fornicatione
886 4561 1065 4608 autem
1102 4553 1209 4609 duo
1253 4562 1500 4626 pereunt,
1536 4560 1700 4615 etiam
1728 4534 1782 4597 D
1808 4564 1875 4621 Ut
1897 4571 2041 4619 terra
2070 4561 2277 4618 scilicet
2301 4561 2641 4635 repleretur:
2673 4573 2777 4630 qua
2802 4534 2914 4630 jam
2941 4556 3182 4628 impleta,
3217 4553 3382 4611 debe-

131 4648 340 4708 corpus.
369 4642 601 4698 Gravius
632 4659 763 4714 ergo
788 4646 985 4700 malum
1009 4656 1113 4717 est,
1147 4648 1201 4703 in
1229 4664 1337 4720 quo
1354 4651 1480 4707 duae
1500 4653 1702 4710 animae

132 4732 450 4817 moriuntur.
480 4733 719 4792 Gravare
740 4737 851 4792 vult
888 4737 1257 4796 fornicationis
1300 4754 1542 4811 causam,
1575 4761 1701 4817 qua:

131 4816 232 4879 illis
284 4840 378 4894 per
412 4828 864 4885 consuetudinem
902 4830 1175 4887 levissima
1224 4833 1523 4891 videbatur.
1565 4837 1697 4893 item

132 4909 230 4966 alia
257 4919 523 4986 expositio
547 4937 562 4974 :
590 4920 666 4975 De
698 4920 782 4976 his
803 4923 895 4992 qui
940 4932 1067 4979 sunt
1112 4924 1169 4979 in
1216 4927 1465 4998 eonjugio
1495 4930 1699 4984 consti-

135 5004 248 5070 tuti,
270 5007 555 5077 Apostolus
578 5015 744 5071 sumit
785 5017 1112 5087 exemplum.
1161 5018 1466 5087 Quomodo,
1498 5024 1691 5095 inquit,

135 5098 383 5166 scriptum
411 5118 492 5162 est
514 5125 531 5160 :
561 5106 733 5163 Erunt
761 5110 870 5165 duo
906 5111 958 5165 in
997 5122 1160 5167 carne
1188 5129 1295 5169 una
1340 5132 1354 5167 :
1399 5115 1450 5171 id
1479 5123 1581 5182 est,
1612 5117 1713 5172 vir‘

136 5196 190 5240 et
220 5203 372 5260 usus,
393 5213 555 5263 unum
574 5214 770 5273 corpus
800 5204 1050 5261 efficitur.
1075 5206 1231 5262 Unde
1259 5207 1307 5263 si
1334 5209 1525 5280 aliquis
1551 5211 1697 5281 ipso;

138 5292 254 5375 l'lltn
282 5282 435 5342 fuerit
454 5291 764 5362 fornicatus,
797 5310 982 5368 peccat
1010 5299 1063 5352 in
1095 5301 1277 5365 alium,
1312 5303 1463 5372 quasi
1494 5303 1545 5358 in
1575 5320 1698 5375 pro-

138 5372 313 5474 D’iilm
370 5396 573 5474 corpus.
638 5388 868 5445 Residua
914 5402 1094 5447 autem
1145 5405 1385 5465 peccata,
1441 5372 1695 5466 specialia

144 5469 549 5543 uniuscujusque
578 5490 700 5537 sunt
731 5500 747 5538 ι
777 5499 879 5540 nec
899 5486 1125 5543 alterum
1155 5488 1538 5549 oondetnnant.

1805 4672 1922 4716 mus
1962 4657 2029 4716 ab
2072 4657 2461 4713 incontinentis
2511 4664 2845 4724 temperare.
2902 4650 3007 4708 Sed
3064 4648 3261 4722 potuit,
3302 4649 3385 4703 in-

1802 4753 1978 4825 quies,
2010 4766 2197 4807 omnes
2227 4750 2474 4805 homines
2495 4749 2562 4803 de
2601 4755 2745 4803 terra
2781 4745 3041 4814 formare,
3085 4743 3133 4799 si
3165 4758 3381 4813 semper

1802 4842 1878 4900 illi
1926 4857 2055 4901 usus
2108 4841 2340 4913 conjugii
2385 4855 2494 4896 non
2536 4839 2711 4894 fuerat
2765 4839 3075 4908 placiturus.
3122 4836 3230 4892 Sed
3266 4854 3373 4893 non

1801 4938 2058 5009 qumritur
2080 4934 2205 5005 quid
2236 4932 2427 5002 potuit,
2455 4931 2548 4987 sed
2575 4930 2699 5001 quid
2731 4928 2896 4985 fecit:
2931 4931 3015 4984 cui
3049 4930 3227 4986 omnia
3260 4946 3381 5000 pos-
3458 4916 3467 4925 ί

1802 5031 1975 5087 sibilia
2020 5035 2162 5083 sunt.
2220 5025 2390 5095 Ipsam
2422 5023 2653 5094 denique
2698 5023 2863 5079 Evam
2918 5024 3092 5079 noluit
3135 5022 3202 5081 de
3232 5032 3379 5082 terra

1801 5124 2003 5187 facere,
2034 5117 2127 5175 sed
2156 5114 2223 5173 de
2254 5125 2422 5171 costa.
2454 5115 2511 5172 Si
2542 5125 2718 5193 autem
2750 5128 2904 5186 putas
2946 5116 3102 5171 nobis
3161 5117 3379 5191 antiqua

1800 5225 2041 5286 tempora
2083 5212 2137 5267 in
2168 5209 2416 5266 omnibus
2453 5208 2767 5275 convenire,
2812 5208 3024 5263 imitare
3056 5209 3250 5277 Adam,
3281 5211 3378 5280 qui

1802 5309 1967 5365 ﬁliam
1997 5305 2079 5379 (ut
2108 5305 2178 5359 ita
2197 5300 2453 5373 dixerim)
2504 5315 2656 5356 suam
2695 5302 2907 5371 accepit
2946 5316 3191 5356 uxorem.
3238 5300 3375 5356 Cain

1800 5401 2068 5467 similiter,
2101 5399 2145 5452 si
2177 5412 2281 5451 non
2324 5395 2509 5465 pudet,
2532 5406 2589 5449 et
2612 5404 2860 5459 caeteros,
2886 5396 2976 5464 qui
3027 5394 3269 5465 proprias
3318 5396 3374 5452 in

1799 5492 2199 5559 matrimonium
2230 5504 2488 5561 accepere
2526 5504 2764 5547 sorores.
2792 5484 2949 5558 Quod
2998 5486 3053 5544 sl‘
3090 5486 3211 5544 fieri
3262 5500 3373 5545 non

208 5556 287 5656 ’ἒξ
306 5566 530 5639 "mm,
555 5576 793 5644 quoniam
815 5579 1037 5633 membra
1066 5588 1251 5649 vestra,
1292 5584 1538 5656 templum
1576 5595 1695 5641 sunt
1796 5586 1976 5654 debet,
2002 5585 2180 5641 omnia
2212 5583 2496 5641 Dominum
2519 5583 2814 5641 secundum
2843 5582 3233 5652 przescientiam
3255 5582 3368 5638 suis

145 5645 370 5744 §piritus
391 5662 567 5730 sancti,
601 5668 685 5735 qui
708 5668 757 5720 in
786 5669 919 5724 vobis
942 5674 1061 5725 est?
1098 5691 1243 5744 quem
1274 5645 1469 5735 habetis
1489 5696 1523 5736 a
1549 5678 1689 5739 Deo.

137 5736 234 5799 Cui
254 5750 622 5817 gravissimam
654 5760 901 5833 injuriam
925 5764 1102 5825 facitis
1138 5740 1476 5829 fornicando.

1795 5682 2128 5751 temporibus
2148 5681 2427 5738 ordinasse
2451 5681 2766 5738 credamus:
2794 5689 2855 5734 ut
2878 5679 2970 5751 qui
3004 5688 3135 5732 tunc
3166 5689 3362 5732 terram

1793 5772 2004 5847 impleri
2027 5774 2219 5845 voluit,
2242 5773 2404 5832 modo
2430 5775 2554 5847 plus
2582 5772 2756 5853 diligit
2784 5772 3110 5842 castitatem,
3167 5768 3253 5829 cui
3294 5776 3350 5828 et
