4030 6202
565 194 671 257 755
1599 192 1657 249 S.
1698 187 2078 247 HIERONYMI
2112 185 2396 246 OPERUM
2435 181 2792 242 MANTISSA.
3727 180 3825 240 730

563 315 770 386 grande
791 316 1068 388 praemium
1089 307 1430 383 repromittit.
1476 305 1610 364 Illud
1639 306 1801 361 etiam
1843 303 2128 360 dicendum
2155 317 2211 379 Α
2233 310 2444 367 nentes,
2462 300 2554 355 uni
2573 314 2679 355 non
2700 296 3022 371 praeiudicet
3041 296 3363 355 continenti.
3386 296 3522 355 Item
3542 312 3615 356 ne
3639 313 3752 358 uno
3772 316 3833 358 se

565 416 676 477 est,
698 411 842 483 quod
868 424 965 465 nec
989 404 1279 462 secundum
1304 410 1457 456 vetus
1482 400 1907 467 Testamentum,
1963 410 2138 468 quos-
2237 398 2564 466 retrahente,
2592 398 2726 454 alius
2751 397 3060 454 tornicetur.

569 501 695 559 dam
718 515 921 557 uxores
951 497 1200 553 habuisse
1224 493 1520 549 videamus.
1559 491 1696 559 Quia
1726 489 1801 547 ibi
1827 504 2024 547 uxores
2069 488 2134 545 li-
2310 494 2429 550 Hoc
2457 500 2628 549 autem
2667 492 2783 548 dico
2807 492 3089 549 secundum
3108 492 3522 565 indulgentiam,
3546 502 3592 550 et
3623 512 3732 552 non
3759 514 3832 554 se-

566 595 824 651 berorum
852 605 1012 647 causa
1040 588 1238 643 habere
1268 585 1587 657 permissum
1617 592 1701 641 est
1734 602 1748 638 :
1776 597 1883 639 non
1908 590 2135 654 propter
2246 587 2473 646 cundum
2508 587 2802 658 imperium.
2844 584 2974 641 Volo
3002 594 3176 640 autem
3208 602 3384 642 omnes
3424 603 3514 643 vos
3544 602 3658 643 esse
3700 590 3833 645 sicut

568 688 789 745 nimiam
832 684 1106 743 libidinem
1150 680 1505 739 exercendam
1555 697 1568 733 :
1610 677 1701 749 qui
1740 678 1793 732 in
1836 676 1940 731 hoc
1980 675 2145 731 etiam
2245 681 2513 752 meipsum.
2542 680 2657 736 Hoc
2685 688 2742 735 ut
2769 679 3009 750 parvulis
3037 678 3317 751 indulgeo,
3343 694 3450 736 non
3479 684 3750 753 praecipio
3778 694 3837 740 ut

569 776 889 836 animalibus
921 774 1214 833 deteriores
1243 789 1363 831 esse
1388 780 1683 829 noscuntur
1712 788 1726 825 :
1756 786 1863 842 quo
1895 769 2139 827 necando
2248 770 2535 842 perfectis:
2566 785 2689 826 nam
2720 785 2908 827 omnes
2950 769 3201 826 homines
3254 773 3413 843 cupio
3442 772 3577 829 mihi
3627 773 3835 831 similes

567 871 733 936 ﬁlios,
778 869 1008 940 probant
1042 881 1102 924 se
1142 882 1249 923 non
1288 866 1523 921 ﬁliorum
1562 878 1722 921 causa
1744 863 2008 935 nupsisse.
2040 861 2144 930 Qui
2249 863 2498 920 inveniri.
2533 861 2669 917 Novi
2696 861 2839 919 enim
2869 870 3067 933 quanta
3094 862 3319 918 castitas
3354 865 3606 923 mercede
3635 882 3838 938 pense-

571 973 755 1020 autem
784 976 846 1019 ea
889 961 1003 1017 sola
1031 973 1191 1014 causa
1219 958 1580 1030 coniungitur,
1610 958 1789 1011 statim
1820 971 1879 1012 se
1907 956 2144 1012 abstinet
2252 964 2356 1013 tur.
2388 955 2690 1024 Numquam
2723 954 2826 1012 hoc
2852 954 3113 1012 voluisset
3138 955 3460 1026 Apostolus,
3497 959 3543 1014 si
3576 957 3698 1016 ﬁeri
3717 975 3841 1016 om-

573 1063 701 1127 post
727 1060 1066 1122 conceptum.
1095 1051 1162 1109 Et
1191 1060 1436 1108 cessante
1460 1049 1571 1121 iam
1602 1063 1694 1119 per
1723 1056 1936 1105 aetatem
1963 1059 2142 1120 partu,
2252 1047 2380 1103 nino
2406 1062 2510 1102 non
2538 1050 2749 1118 posset.

576 1156 754 1205 cessat
777 1154 1011 1215 etusus.

647 1239 841 1295 Mulier
872 1240 954 1293 sui
990 1241 1220 1312 corporis
1254 1247 1552 1310 potestatem
1589 1254 1691 1295 non
1729 1238 1901 1306 habet,
1925 1238 2018 1292 sed
2045 1239 2146 1292 vir.

580 1334 1036 1401 Similitergautem
1060 1344 1109 1390 et
1134 1336 1210 1388 vir
1233 1335 1315 1390 sui
1340 1336 1569 1405 corporis
1604 1341 1905 1403 potestatem
1936 1347 2038 1386 non
2063 1330 2157 1385 Ita-

580 1428 687 1496 bet,
714 1428 805 1483 sed
832 1428 1041 1482 mulier.
1075 1426 1286 1498 Corpus
1320 1426 1513 1481 dicitur
1542 1441 1702 1483 omne
1731 1424 1875 1497 quod
1905 1423 2161 1495 tangitur.

2324 1141 2432 1198 Sed
2459 1141 2806 1213 unusquisque
2852 1140 3120 1212 proprium
3147 1140 3348 1196 donum
3390 1143 3540 1198 habet
3586 1159 3651 1199 ex
3679 1142 3800 1200 Deo
3821 1160 3842 1200 :

2256 1237 2392 1292 alius
2417 1237 2622 1307 quidem
2642 1237 2739 1305 sic,
2763 1235 2898 1291 alius
2922 1252 3041 1291 vero
3062 1235 3158 1291 sic.
3187 1234 3301 1293 Hoc
3326 1243 3411 1294 est
3427 1280 3442 1307 ,
3473 1238 3716 1310 propriae
3738 1252 3847 1295 vo-

2258 1331 2477 1388 luntatis
2503 1333 2713 1402 accepit
2735 1329 3070 1386 donativum.

2332 1424 2462 1480 Dico
2488 1433 2658 1479 autem
2682 1441 2787 1479 non
2810 1423 2983 1496 nuptis
3009 1431 3057 1478 et
3080 1423 3269 1479 viduis.
3289 1422 3480 1497 Incipit
3501 1423 3663 1480 aliam
3694 1439 3853 1481 cau-

584 1522 737 1578 Sicut
765 1536 895 1592 ergo
921 1521 1116 1577 mulier
1142 1535 1339 1591 corpus
1365 1520 1560 1577 dicitur
1584 1520 1687 1576 viri
1721 1538 1735 1578 :
1765 1521 1838 1576 ita
1863 1528 1916 1575 et
1938 1520 2021 1574 vir
2042 1532 2165 1574 cor-
2260 1533 2376 1576 sam
2406 1519 2474 1575 de
2502 1519 2758 1589 innuptis.

586 1628 688 1685 pus
730 1614 975 1669 mulieris
1016 1614 1337 1685 appellatur.
1365 1613 1490 1669 ldeo
1518 1628 1692 1684 neque
1717 1614 1763 1668 si
1790 1612 2021 1669 voluerit
2041 1626 2164 1667 mu-

2332 1609 2536 1666 Bonum
2563 1621 2638 1666 est
2663 1611 2806 1675 illis,
2865 1609 2912 1663 si
2937 1609 3013 1663 sic
3040 1609 3397 1682 permanserint
3441 1609 3572 1664 sicut
3632 1617 3684 1663 et
3712 1624 3849 1680 ego.

585 1707 685 1763 lier
709 1707 981 1763 contraire
1008 1724 1021 1760 :
1054 1707 1108 1762 in
1133 1721 1363 1777 corpore
1401 1720 1519 1774 suo,
1550 1706 1603 1762 id
1628 1714 1733 1772 est,
1765 1706 1819 1762 in
1857 1721 2050 1775 uxore,
2082 1704 2163 1760 vir
2190 1708 2239 1770 B
2264 1704 2582 1776 Magnopere
2608 1701 2971 1774 appetendum
2996 1710 3111 1771 est,
3159 1701 3301 1775 quod
3326 1717 3359 1758 a
3407 1710 3557 1758 tanto
3602 1701 3853 1759 doctore

584 1799 788 1871 poterit
810 1798 1099 1854 dominari.
1132 1798 1364 1854 Dubium
1391 1807 1568 1854 autem
1598 1813 1703 1854 non
1732 1807 1835 1864 est,
1858 1796 2028 1852 multo
2053 1810 2166 1851 ma-

582 1892 665 1965 gis
703 1892 924 1948 nolente
962 1890 1104 1953 viro,
1149 1904 1322 1960 neque
1365 1890 1419 1944 in
1461 1890 1637 1949 virum
1678 1890 1959 1945 mulierem
2005 1903 2167 1959 posse

584 1984 904 2057 praevalere.
937 1982 1198 2051 Quoniam
1228 1998 1355 2052 ergo
1378 1983 1446 2038 de
1467 1983 1677 2040 duobus
1706 1982 2169 2040 incontinentibus

583 2076 750 2143 dicit,
795 2075 1046 2132 concedit
1086 2090 1157 2132 ex
1194 2076 1517 2132 necessitate
1556 2077 1876 2146 Apostolus,
1907 2084 1968 2131 ut
2006 2077 2059 2131 in
2088 2075 2167 2131 id-

584 2169 784 2241 ipsum,
807 2168 936 2239 quia
962 2168 1179 2239 utrique
1200 2168 1595 2225 incontinentes
1620 2178 1769 2235 sunt,
1794 2176 2167 2225 revertantur:

584 2260 954 2320 intercedente
994 2276 1331 2332 quacumque
1375 2246 1736 2319 dissensionis
1778 2276 1969 2329 causa,
2010 2260 2170 2316 ambo

585 2354 968 2412 fornicationis
996 2356 1201 2411 crimen
1228 2356 1532 2421 admittant,
1556 2356 1681 2427 quia
1711 2355 1921 2427 utrique
1943 2364 2069 2410 sunt
2088 2353 2171 2409 in-

590 2450 952 2506 continentes.
991 2447 1262 2505 Cteterum
1292 2456 1471 2507 autem
1499 2448 1545 2504 si
1580 2465 1718 2506 unus
1747 2464 1778 2506 e
1806 2448 2015 2505 duobus
2043 2462 2173 2504 con-

583 2541 831 2598 siderans
860 2541 1144 2612 praemium
1175 2540 1458 2607 castitatis,
1492 2540 1729 2596 voluerit
1753 2539 2053 2607 continere,
2084 2538 2187 2601 in-,

596 2632 902 2691 continenti
929 2634 1193 2688 assentire
1219 2647 1327 2689 non
1355 2632 1540 2697 debet,
1570 2631 1668 2689 sed
1693 2632 1767 2687 ita
1796 2646 1977 2704 agere,
2010 2640 2070 2685 ut
2097 2633 2176 2686 vi-

591 2725 771 2783 dendo
806 2725 1189 2782 continentiam
1234 2726 1379 2781 illius
1420 2735 1748 2795 provocetur
1778 2724 2116 2785 incontinens
2151 2742 2163 2779 :

595 2816 721 2888 quia
746 2816 958 2871 luxuria
986 2814 1052 2870 ad
1092 2815 1477 2870 continentiam
1507 2816 1737 2871 transire
1763 2814 1941 2883 debet,
1976 2830 2081 2869 non
2109 2812 2176 2869 ad

595 2907 868 2965 luxuriam
912 2907 1240 2963 continentia
1281 2908 1557 2965 declinare
1603 2927 1613 2963 ε
1658 2912 1903 2981 quamvis
1932 2907 2179 2979 plurima:

600 2999 862 3058 mulieres
891 2998 1132 3053 castitati
1153 2999 1544 3062 contradicant,
1570 3000 1643 3054 ita
1668 3000 1817 3055 illum
1839 3002 1929 3070 qui
1949 2998 2180 3055 voluerit

2267 1799 2534 1856 laudatur.

2343 1892 2495 1960 Quod
2522 1892 2568 1947 si
2589 1907 2691 1947 non
2712 1893 2969 1947 continent
2993 1935 3009 1961 ,
3031 1891 3242 1947 nubant.
3263 1888 3563 1949 Notandum
3587 1886 3739 1961 quod
3766 1888 3859 1945 in-

2268 1985 2669 2043 continentibus
2694 1986 2894 2056 nuptiae
2919 1984 3305 2042 concedantur.

2344 2078 2534 2134 Melius
2559 2086 2634 2134 est
2660 2079 2797 2134 enim
2820 2079 3009 2134 nubere
3053 2095 3208 2149 quam
3233 2079 3337 2134 uri.
3366 2077 3506 2135 Malo
3535 2077 3859 2135 fornicatio-

2271 2172 2355 2227 nis
2408 2170 2602 2227 melius
2624 2178 2745 2237 est,
2797 2170 2939 2241 quod
2969 2171 3093 2242 igne
3122 2171 3371 2241 punitur:
3401 2169 3547 2226 sicut
3596 2167 3767 2226 ludas
3794 2169 3853 2225 in

2270 2262 2467 2321 Genesi
2497 2262 2564 2319 de
2597 2277 2694 2319 sua
2721 2277 2862 2318 nuru
2885 2262 3223 2335 pronuntiat.

2343 2354 2444 2410 His
2464 2362 2633 2409 autem
2647 2395 2664 2423 ,
2683 2354 2771 2427 qui
2791 2355 3120 2409 matrimonio
3139 2353 3305 2424 iuncti
3321 2364 3461 2409 sunt.
3482 2351 3615 2409 Item
3636 2351 3706 2409 de
3724 2365 3861 2410 con-

2269 2446 2429 2519 iugiis
2454 2448 2676 2505 minime
2701 2462 2863 2504 causa
2890 2447 3072 2519 aliqua
3098 2445 3454 2505 dimittendis.

2343 2539 2622 2611 Prwcipio,
2648 2556 2751 2595 non
2771 2556 2883 2612 ego,
2905 2541 2995 2595 sed
3014 2539 3309 2597 Dominus:
3332 2556 3545 2597 uxorem
3564 2558 3597 2596 a
3616 2540 3725 2596 viro
3748 2556 3857 2596 non

2280 2634 2555 2690 discedere.
2576 2632 2835 2689 Prohibet
2862 2632 3059 2691 dimitti
3079 2649 3422 2707 quacumque
3446 2649 3517 2691 ex
3545 2648 3709 2692 causa
3738 2678 3754 2702 ,
3789 2648 3859 2689 ne

2276 2726 2395 2783 aliis
2417 2726 2814 2797 coniungantur
2837 2727 3139 2783 secundum
3166 2726 3619 2785 consuetudinem
3642 2727 3863 2782 Judaeo—

2276 2837 2396 2877 rum
2414 2865 2428 2889 ,
2452 2836 2616 2892 quam
2640 2820 2897 2877 Dominus
2921 2822 3239 2893 interdixit,
3265 2823 3455 2880 dicens
3480 2841 3494 2877 :
3519 2822 3862 2894 Quicumque

2278 2914 2540 2971 dimiserit
2569 2929 2789 2970 uxorem
2827 2928 2978 2969 suam
3004 2954 3020 2980 ,
3069 2924 3300 2986 excepta
3348 2929 3512 2971 causa
3543 2914 3861 2971 fornicatio-

2278 3004 2397 3071 nis,
2419 3014 2475 3061 et
2502 3004 2663 3060 aliam
2693 3003 2947 3072 duxerit,
2972 3003 3295 3061 mmchatur.
3330 3005 3540 3062 Aliter:
3573 3005 3861 3074 Principio,

602 3091 904 3161 continere,
928 3104 1089 3162 agere
1108 3089 1326 3155 debere,
1357 3099 1414 3143 ut
1438 3090 1824 3145 incontinentia
1847 3088 2105 3145 assentiat
2124 3089 2176 3144 in
2206 3101 2252 3165 ρ
2284 3112 2392 3155 non
2416 3112 2517 3168 ego
2535 3138 2554 3164 ,
2584 3096 2679 3153 sed
2709 3096 3001 3153 Dominus:
3031 3111 3258 3152 uxorem
3291 3114 3324 3152 ει
3362 3097 3481 3153 vim
3537 3111 3645 3154 non
3688 3096 3865 3153 disce—

600 3185 833 3257 idipsum
882 3202 895 3239 :
936 3199 1005 3241 ne
1044 3183 1171 3239 dum
1201 3183 1295 3240 ille
1337 3182 1593 3249 continet,
1627 3181 1718 3237 illa
1747 3192 1956 3253 peccet.
1984 3182 2180 3238 Anima

602 3298 723 3356 quae
760 3282 1085 3354 peccaverit,
1130 3282 1243 3351 ipsa
1288 3280 1567 3336 morietur.
1601 3277 1711 3335 Nec
1749 3278 1892 3334 enim
1935 3277 2183 3335 servituti

604 3376 878 3449 subjectus
918 3385 1002 3434 est
1039 3375 1225 3441 frater,
1258 3383 1349 3430 aut
1394 3388 1549 3431 soror
1589 3374 1643 3429 in
1686 3371 1969 3443 ejusmodi.
2000 3372 2186 3444 Neque

603 3469 750 3526 enim
783 3469 992 3525 vocavit
1020 3483 1120 3525 nos
1148 3468 1291 3525 Deus
1320 3470 1374 3523 in
1402 3466 1766 3533 immunditia,
1789 3465 1883 3522 sed
1905 3465 1961 3521 in
1984 3466 2183 3521 sancti-

603 3562 878 3618 ficatione.
923 3562 1094 3619 Aliter
1134 3580 1147 3615 :
1197 3562 1332 3630 Quia
1370 3561 1539 3618 voluit
1565 3562 1684 3617 viro
1708 3573 1831 3617 esse
1855 3558 2186 3631 subiectam,

601 3653 774 3707 solam
802 3653 902 3708 sibi
932 3654 1153 3710 abstulit
1182 3655 1510 3712 libertatem.

680 3744 859 3799 Nolite
894 3745 1133 3812 fraudare
1170 3749 1385 3803 invicem
1425 3763 1441 3802 :
1485 3748 1584 3802 nisi
1610 3748 1741 3817 forte
1762 3764 1828 3804 ea:
1851 3763 2101 3804 consensu
2123 3746 2192 3803 ad

608 3845 837 3905 tempus,
874 3846 929 3888 ut
968 3838 1151 3892 vacetis
1188 3839 1431 3904 orationi,
1473 3851 1518 3894 et
1557 3843 1744 3895 iterum
1786 3842 2101 3897 revertimini
2138 3842 2194 3896 in

607 3926 852 3997 idipsum.
879 3925 1083 4001 Negare
1108 3929 1318 3985 videtur
1342 3931 1737 3990 incontinentes
1765 3934 2002 3989 orationi
2028 3924 2205 4004 posse

608 4034 804 4075 vacare
842 4035 857 4074 :
899 4035 1018 4090 quae
1057 4019 1109 4075 in
1151 4036 1217 4078 eo
1256 4023 1438 4093 utique
1474 4025 1649 4081 minor
1675 4034 1758 4082 est
1781 4028 2184 4093 communione,

615 4128 721 4185 qua
745 4112 1115 4170 catechumeni
1143 4125 1197 4167 et
1216 4116 1542 4185 poenitentes
1569 4126 1746 4189 orant,
1772 4117 1863 4188 qui
1890 4117 2199 4175 communi-

610 4220 737 4262 care
762 4220 867 4261 non
895 4213 1141 4275 possunt.
1169 4205 1285 4261 Non
1316 4207 1490 4262 solum
1522 4208 1627 4263 hoc
1655 4210 1708 4264 in
1730 4223 1890 4279 novo,
1914 4210 2010 4266 sed
2031 4210 2195 4266 etiam

610 4301 667 4358 in
709 4302 882 4357 veteri
926 4299 1274 4357 Testamento
1311 4301 1715 4371 sanctiﬁcantur
1753 4318 1780 4358 a
1828 4305 2077 4373 muliere,
2124 4312 2186 4362 ut

612 4393 959 4450 descendenti
1003 4393 1231 4450 Domino
1272 4396 1325 4448 in
1357 4403 1623 4462 montem,
1656 4397 1909 4454 assistere
1937 4413 2189 4456 merean-

2284 3191 2431 3247 dere.
2456 3190 2575 3246 Non
2602 3191 2727 3261 quia
2756 3189 2811 3245 in
2842 3203 2902 3247 se
2929 3203 3038 3245 non
3066 3188 3304 3246 habebat
3331 3189 3609 3247 Christum
3635 3190 3866 3261 loquen-

2286 3292 2393 3339 tem
2415 3325 2432 3350 ,
2458 3284 2579 3339 haec
2598 3283 2731 3338 dicit
2755 3324 2770 3349 ,
2798 3283 2893 3338 sed
2924 3291 2982 3337 ut
3009 3283 3294 3349 ostendat,
3316 3283 3441 3354 quia
3466 3284 3585 3355 ipse
3606 3282 3862 3339 Dominus

2290 3391 2387 3448 per
2407 3377 2761 3446 semetipsum
2786 3375 2855 3431 de
2881 3376 2982 3431 hoc
3008 3377 3062 3431 in
3089 3377 3385 3448 Evangelia
3406 3376 3567 3433 dixit.

2366 3468 2517 3535 Quod
2541 3471 2583 3523 si
2614 3469 2937 3537 discesserit,
2960 3486 3168 3525 manere
3187 3471 3459 3543 innuptam
3481 3486 3499 3524 :
3522 3480 3612 3525 aut
3635 3471 3746 3525 viro
3771 3485 3863 3525 suo

2291 3562 2633 3617 reconciliari.
2655 3559 2722 3614 Et
2744 3562 2821 3615 vir
2841 3578 3052 3618 uxorem
3072 3579 3174 3618 non
3195 3563 3436 3618 dimittat.
3460 3560 3517 3620 Si
3541 3562 3611 3617 ob
3627 3561 3863 3633 aliquam

2297 3670 2513 3714 causam
2541 3656 2897 3725 discesserit,
2919 3656 3013 3713 alii
3041 3671 3149 3714 non
3176 3658 3375 3714 nubat:
3396 3665 3489 3713 aut
3514 3670 3613 3712 suo
3643 3655 3795 3722 viro,
3821 3654 3868 3713 si

2294 3751 2562 3821 voluerit,
2606 3750 3025 3809 reconcilietur:
3057 3752 3186 3823 quia
3214 3751 3322 3808 hoc
3368 3765 3529 3824 quam
3581 3750 3743 3809 alteri
3770 3765 3868 3807 nu-

2294 3843 2425 3898 bere
2445 3884 2461 3908 ,
2484 3841 2676 3897 melius
2698 3856 2821 3898 esse
2845 3842 3193 3900 manifestum
3221 3852 3322 3899 est.

2368 3935 2511 3992 Nam
2535 3937 2733 3993 steteris
2756 3936 2873 3992 dico
2894 3954 3009 4009 ego,
3037 3954 3141 3992 non
3165 3937 3434 3992 Dominus.
3456 3931 3755 3991 Consilium
3777 3932 3868 4001 do,

2299 4030 2444 4102 quod
2476 4030 2605 4085 mihi
2631 4030 2763 4087 utile
2792 4046 2914 4087 esse
2945 4030 3179 4087 videtur.

2369 4122 2433 4179 Si
2452 4124 2561 4192 quis
2584 4125 2747 4193 frater
2784 4139 2994 4179 uxorem
3031 4122 3183 4178 habet
3208 4123 3469 4193 inﬁdelem
3493 4164 3508 4191 ,
3544 4130 3593 4176 et
3623 4120 3730 4176 hac
3754 4135 3875 4175 con-

2298 4217 2450 4272 sentit
2477 4216 2711 4271 habitare
2739 4232 2857 4270 cum
2883 4215 2973 4271 illo
2992 4256 3006 4281 ,
3046 4231 3152 4269 non
3174 4215 3403 4270 dimittat
3428 4215 3590 4269 illam.
3613 4210 3685 4266 Et
3706 4211 3753 4264 si
3772 4226 3872 4280 qua

2300 4310 2482 4364 mulier
2520 4308 2689 4378 ﬁdelis
2712 4307 2879 4369 habet
2919 4308 3083 4362 uirum
3118 4306 3408 4377 inﬁdelem,
3439 4314 3485 4361 et
3514 4303 3596 4358 hic
3621 4303 3874 4357 consentit

2303 4402 2535 4456 habitare
2562 4416 2676 4455 cum
2700 4398 2801 4455 illa
2825 4443 2839 4468 ,
2882 4414 2984 4455 non
3019 4398 3247 4454 dimittat
3283 4398 3469 4452 virum.
3494 4394 3549 4452 Si
3578 4392 3698 4463 quis
3727 4393 3875 4450 solus

615 4495 723 4543 tur.
756 4485 854 4540 liic
896 4486 1152 4556 probatur
1188 4486 1316 4558 quid
1353 4487 1526 4557 possit
1551 4497 1805 4558 perpetua
1840 4491 2195 4562 continentia,
2223 4503 2278 4564 Ῑ)
2302 4490 2593 4548 crediderit
2617 4509 2649 4546 e
2672 4490 2919 4549 duobus:
2951 4505 3059 4548 non
3086 4506 3195 4562 quo
3224 4486 3526 4561 permiserit
3552 4484 3767 4541 ﬁdelem
3796 4486 3879 4542 in-

613 4576 661 4631 si
685 4587 889 4631 tanlum
911 4578 1076 4633 valuit
1101 4577 1366 4633 triduana.
1393 4577 1549 4635 Unde
1572 4589 1626 4633 et
1652 4579 1704 4634 in
1728 4579 2037 4651 Regnorum
2060 4582 2198 4641 libro

618 4684 814 4740 panem
842 4669 1234 4726 sacerdotalem
1262 4687 1370 4727 non
1401 4671 1500 4726 nisi
1532 4674 1873 4729 continentes
1901 4675 2197 4744 accipiunt.

621 4761 793 4827 Quam
824 4761 893 4815 ob
922 4776 1141 4818 causam
1165 4763 1459 4819 necessitas
1481 4764 1651 4835 legem
1679 4764 1893 4819 solvere
1918 4765 2201 4823 venialiter

626 4854 798 4922 potuit
823 4853 1075 4925 suil'ragio
1114 4855 1414 4912 charitatis.
1454 4856 1603 4913 [lude
1630 4868 1684 4913 et
1713 4858 1905 4915 Petrus
1931 4858 2199 4930 hortatur,

624 4956 837 5000 uosuas
867 4947 1143 5005 orationes
1174 4947 1394 5005 minime
1420 4948 1672 5021 impediri
1698 4949 1917 5007 debere.

698 5038 781 5092 Ne
818 5048 975 5097 tentet
1012 5058 1097 5096 vos
1145 5043 1371 5099 Satanas
1417 5053 1623 5117 prapter
1660 5044 2087 5102 incontinentiam
2129 5064 2214 5104 vc-

621 5142 808 5189 stram.
850 5131 1152 5191 Notandum
1195 5136 1337 5209 quod
1373 5136 1442 5193 ad
1479 5138 1615 5195 duos
1642 5138 1945 5209 respiciens
1976 5140 2207 5198 inconti-

696 5432 723 5463 ⁸
762 5423 823 5481 S.
852 5426 1185 5495 Augustinus
1221 5426 1316 5484 lib.
1350 5444 1406 5485 ιιι
1426 5430 1495 5486 de
1522 5431 1877 5487 Peccatorum
1912 5432 2116 5489 Meritis
2148 5442 2206 5490 et

626 5494 858 5572 Remiss.
880 5494 979 5572 sub
1004 5498 1343 5572 li_nem,ihunc
1363 5501 1511 5557 Pauli
1532 5504 1710 5558 locum
1732 5517 1852 5558 cum
1876 5504 2206 5572 adduxisset,

632 5572 755 5645 Aut,
778 5569 972 5645 inquit,
1000 5570 1075 5645 sic
1096 5578 1168 5623 est
1189 5573 1565 5645 accipiendum,
1587 5576 2017 5645 quemadmodum
2044 5589 2090 5629 et
2118 5569 2211 5632 nos

634 5639 759 5692 alibi
788 5640 857 5701 (l.
884 5639 998 5720 t-de
1038 5640 1214 5720 Serm.
1244 5642 1463 5720 _Do_n_tini
1583 5639 1803 5720 monte)
1841 5654 1886 5699 et
1930 5644 2213 5720 Pelagius,

638 5720 753 5760 cum
776 5709 1015 5779 eamdem
1042 5710 1113 5764 ad
1140 5710 1429 5773 Corinthios
1461 5716 1734 5788 epistolam
1768 5709 2099 5787 retractaret',
2128 5709 2237 5777 etc-3‘

2306 4585 2449 4642 ﬁdeli
2485 4585 2757 4657 conjungi.
2797 4584 2916 4641 Non
2941 4585 3087 4642 enim
3108 4584 3276 4653 dixit,
3300 4583 3347 4640 si
3383 4581 3505 4653 quis
3537 4577 3720 4649 ducit,
3745 4580 3839 4638 sed
3858 4619 3874 4646 ,

2308 4677 2356 4733 si
2382 4676 2502 4747 quis
2527 4676 2691 4733 habet
2717 4676 3014 4734 inﬁdelem.

2378 4768 2749 4839 Sanctiﬁcatus
2770 4778 2845 4823 est
2864 4771 2999 4825 enim
3017 4770 3095 4825 air
3115 4767 3339 4839 inﬁdelis
3356 4807 3373 4832 ,
3398 4778 3491 4835 per
3507 4760 3783 4819 mulierem
3809 4764 3876 4833 ﬁ-

2310 4863 2505 4930 delem,
2528 4872 2578 4917 et
2605 4863 2930 4934 sanctiﬁcata
2960 4872 3035 4918 est
3074 4856 3533 4928 mulier-inﬁdelis,
3579 4871 3671 4927 per
3715 4855 3878 4911 cirum

2311 4956 2537 5026 ﬁdelem.
2570 4955 2892 5026 Exemplum
2926 4963 2952 4992 ι
2981 4951 3188 5018 refert,
3228 4949 3350 5021 quia
3376 4960 3524 5017 saepe
3545 4945 3876 5018 contigerit,

2312 5058 2373 5105 ut
2402 5048 2696 5106 lucriiieret
2725 5049 2807 5105 vir
2837 5063 2931 5119 per
2958 5045 3259 5103 mulierem.
3292 5038 3447 5097 Unde
3469 5046 3526 5095 et
3549 5039 3744 5095 beatus
3773 5039 3869 5095 Pe-

2315 5149 2434 5199 trus
2456 5141 2569 5199 ait:
2593 5140 2664 5199 Ut
2688 5140 2736 5198 si
2757 5141 2849 5212 qui
2870 5154 2977 5198 non
3002 5134 3230 5195 credunt
3249 5131 3438 5201 verbo,
3467 5145 3565 5203 per
3590 5130 3874 5190 mulierum

2314 5437 2507 5508 posuit.
2542 5434 2695 5501 Quod
2734 5437 2970 5507 exentpla
2994 5438 3110 5510 jam
3145 5442 3620 5510 prmeesserant,et
3646 5436 3877 5510 uirorum,

2315 5521 2441 5578 quos
2470 5521 2677 5575 uxores,
2712 5517 2757 5578 et
2793 5508 3123 5578 feminarum,
3152 5522 3292 5578 quas
3326 5508 3502 5564 mariti
3537 5509 3880 5578 lucrifecerant

2318 5573 2522 5631 Christo
2544 5573 2689 5654 ,μσς
2717 5573 2827 5654 Nec
2856 5577 3079 5654 dubium
3111 5573 3359 5640 videtur.
3389 5579 3515 5654 quin
3546 5573 3693 5638 hunc
3722 5578 3879 5638 locum

2326 5661 2436 5720 pra:
2462 5644 2633 5702 oculis
2670 5646 2934 5704 habuerit.
