4030 6202
158 287 263 349 ’137

827 293 844 364 ζ
888 285 1424 353 COMMENTARIUS
1460 287 1526 350 IN
1566 286 1950 352 EPISTOLAM
1987 292 2010 349 Ι
2049 288 2139 351 AD
2175 288 2331 351 COR.
2372 291 2525 352 CAP.
2566 288 2683 351 VII.

3301 290 3406 357 758

159 407 632 469 conversationem
661 408 782 468 sine
820 411 990 468 verbo
1023 411 1304 469 ‘lucriliant
1332 430 1346 467 :
1377 412 1431 469 id
1468 418 1582 479 est,
1613 426 1735 469 cum
1761 416 1813 477 Α
1910 412 2019 471 Sed
2044 422 2091 469 et
2117 414 2161 468 si
2181 421 2321 486 poles
2349 413 2462 485 ﬁeri
2491 412 2635 482 liber,
2665 411 2828 484 magis
2857 419 3015 469 utere.
3044 410 3229 486 Usque
3272 414 3407 471 adeo

158 503 400 560 viderint
424 520 518 560 eas
548 506 601 561 in
632 505 829 561 melius
854 517 1213 563 commutatas
1230 549 1244 573 ,
1268 515 1599 578 cognoscant
1623 522 1739 563 om—

160 612 260 655 nes
286 639 302 666 ,
332 599 425 655 Dei
457 600 631 671 legem
662 600 734 655 ita
762 599 1153 656 consuetudine
1182 602 1476 657 inveterata
1500 600 1739 670 potuisse

160 693 357 749 mutari
398 694 570 750 :item
596 694 717 751 ideo
756 694 836 751 vir
864 703 919 751 et
963 710 1096 751 uxor
1136 695 1361 751 invicem
1401 694 1741 751 sanctiﬁcan-

160 794 289 843 tur:
325 787 449 859 quia
495 802 563 845 ex
601 789 894 846 traditione
938 790 1069 859 Dei,
1106 799 1308 847 sanctae
1347 800 1471 847 sunt
1508 790 1731 862 nuptiae.

234 881 471 951 Alioquin
488 880 589 952 ﬁlii
607 883 755 937 vestri
770 883 1021 938 immundi
1035 894 1222 939 essent:
1239 901 1372 938 nunc
1391 894 1558 939 autem
1579 884 1743 938 sancti

169 983 312 1030 sunt.
334 975 393 1031 Si
418 990 526 1031 non
563 976 636 1031 ita
664 986 839 1043 esset,
865 986 927 1033 ut
965 976 1107 1044 dico,
1134 977 1231 1032 lilii
1259 978 1425 1034 vestri
1458 978 1633 1033 adhuc
1660 977 1742 1032 in-

163 1066 353 1124 ﬁdeles
373 1079 795 1139 permanerent:
818 1085 963 1142 saepe
986 1071 1129 1127 enim
1161 1071 1540 1141 contingeret,
1564 1078 1623 1124 ut
1644 1067 1741 1123 lilii

162 1159 291 1216 illos
331 1170 612 1231 parentes,
658 1162 751 1233 qui
782 1161 1163 1228 crediderant,
1206 1169 1583 1232 sequerentur.
1631 1159 1744 1216 Sub

164 1267 275 1324 qua
304 1268 398 1324 spe
425 1255 571 1310 credi
600 1254 806 1321 voluit,
830 1254 1059 1310 alterum
1088 1253 1287 1309 salvari
1315 1267 1508 1324 posse,
1538 1262 1644 1307 tam
1673 1251 1741 1306 li-

162 1345 419 1401 berorum
450 1346 723 1416 exemplo,
749 1360 908 1416 quam
938 1346 1204 1417 conjugis.

242 1436 394 1504 Quod
427 1439 473 1492 si
505 1438 726 1507 infidelis
765 1438 1010 1507 discedit,
1051 1438 1296 1493 discedat.
1340 1438 1561 1495 Maritus
1599 1438 1741 1495 enim

166 1531 252 1587 vel
278 1546 413 1587 uxor
438 1547 543 1587 non
573 1539 699 1587 sunt
716 1532 947 1589 Domino
972 1532 1313 1603 prmferendi.

248 1621 375 1678 Non
401 1623 537 1678 enim
562 1624 795 1678 servituti
820 1624 1073 1698 subjectus
1101 1633 1175 1678 est
1199 1625 1378 1695 frater,
1405 1626 1483 1680 vel
1510 1641 1655 1680 soror
1691 1626 1745 1682 in

168 1714 445 1786 ejusmodi.
469 1714 586 1771 Non
619 1715 765 1770 enim
796 1714 868 1769 ita
898 1716 1093 1785 ligatus
1124 1724 1207 1769 est
1234 1714 1288 1769 in
1317 1714 1581 1785 ejusmodi
1612 1731 1742 1772 cau-

1837 522 1944 563 non
1968 507 2184 579 prodest
2204 507 2453 576 libertas,
2478 520 2576 563 nec
2598 506 2829 563 servitus
2860 516 3034 563 nocet.
3054 507 3187 563 Item
3216 508 3408 564 simili-

1841 609 1922 657 ter
1942 600 2010 656 ad
2037 615 2131 656 eos
2155 600 2244 670 qui
2273 600 2617 656 matrimonio
2640 600 2810 668 juncti
2832 610 2986 668 sunt,
3009 601 3304 670 Apostolus
3331 602 3410 656 lo-

1840 698 2043 766 quitur,
2067 694 2283 750 dicens:
2307 694 2412 751 Sed
2434 703 2487 749 et
2508 694 2550 750 si
2583 705 2736 764 potes
2754 693 2889 749 liber
2904 693 3223 763 ﬁeri,magis
3240 701 3410 751 utere:

1840 790 1884 842 si
1918 796 2097 842 tamen
2129 786 2227 842 tibi
2252 786 2364 843 Deo
2392 785 2585 858 pudice
2611 786 2815 842 volenti
2844 786 3046 842 servire
3065 828 3079 853 ,
3109 802 3215 842 non
3247 784 3406 842 fuerit

1840 882 2070 938 molesta
2093 923 2109 949 ,
2135 882 2349 952 quando
2378 880 2517 938 forte
2551 891 2642 937 tuo
2671 880 2942 938 consortio
2964 922 2979 949 ,
3012 882 3173 937 etiam
3203 881 3317 953 ipsa
3344 880 3412 937 ad

1844 972 2012 1029 Deum
2046 973 2214 1044 possit
2239 975 2502 1029 converti.

1919 1066 2021 1132 Qui
2049 1066 2184 1120 enim
2208 1066 2261 1120 in
2284 1065 2507 1120 Domino
2532 1066 2741 1122 vocatus
2769 1075 2845 1122 est
2871 1082 3063 1135 servus,
3109 1066 3320 1122 libertus
3344 1076 3421 1123 est

1844 1155 2076 1211 Domini.
2135 1156 2392 1212 Similiter
2434 1158 2522 1228 qui
2564 1158 2692 1212 liber
2732 1168 2938 1213 vocatus
2981 1168 3085 1223 est,
3129 1174 3299 1213 servus
3346 1169 3419 1214 est

1845 1246 2054 1303 Christi.
2085 1248 2185 1317 Qui
2228 1249 2461 1305 hominis
2491 1264 2678 1307 servus
2706 1260 2826 1321 est,
2876 1253 3011 1307 liber
3060 1263 3145 1308 est
3189 1251 3337 1319 Deo;
3366 1262 3421 1309 et

1845 1340 1937 1412 qui
1988 1339 2294 1396 hominibus
2322 1341 2459 1397 liber
2487 1351 2607 1409 est,
2640 1356 2829 1398 servus
2859 1352 2942 1399 est
2991 1343 3213 1399 Christi.
3244 1345 3416 1399 Ambo

1845 1447 1974 1504 ergo
2005 1448 2169 1488 unum
2200 1442 2344 1489 sunt.
2372 1432 2492 1489 Non
2523 1443 2605 1491 est
2631 1436 2771 1490 enim
2802 1450 3153 1506 personarum
3183 1437 3425 1508 acceptio

1846 1524 1988 1596 apud
2022 1525 2209 1580 Deum.

1919 1616 2098 1672 Pretio
2119 1619 2274 1689 empti
2296 1622 2451 1673 estis:
2477 1618 2636 1675 nolite
2654 1621 2774 1690 ﬁeri
2793 1624 2924 1676 servi
2947 1623 3231 1678 hominum.
3260 1622 3424 1679 Unus-

1848 1711 2060 1779 quisque
2100 1727 2220 1781 ergo
2245 1712 2295 1765 in
2320 1727 2420 1783 qua
2448 1720 2657 1767 vocatus
2684 1722 2758 1768 est
2783 1717 2966 1784 frater,
3006 1714 3063 1769 in
3085 1715 3180 1769 hoc
3222 1730 3424 1787 perma-

167 1820 228 1861 sa
245 1848 260 1874 ,
286 1806 442 1879 quasi
464 1823 591 1864 vere
620 1807 699 1863 illi
730 1808 939 1865 servire
965 1823 1185 1864 necesse
1214 1808 1316 1877 sit,
1345 1818 1399 1864 et
1421 1818 1644 1881 propter
1668 1811 1747 1865 al-
1774 1807 1822 1868 B
1849 1812 1964 1857 neat
1992 1802 2132 1872 apud
2159 1802 2341 1857 Deum.
2369 1804 2553 1860 Pretio
2580 1806 2748 1876 empti
2769 1807 2931 1861 estis:
2957 1806 3060 1861 hoc
3085 1815 3194 1875 est,
3219 1805 3423 1864 Christi

169 1908 349 1955 terum
381 1900 629 1957 interire.

241 1990 311 2046 In
343 2008 520 2063 pacem
542 2002 715 2048 autem
734 1994 929 2049 vocavit
957 2010 1043 2049 vos
1066 1993 1223 2050 Deus.
1249 1994 1512 2052 Caeterum
1550 2012 1656 2053 non
1684 1998 1752 2053 ad

169 2084 458 2142 dissidium
488 2102 677 2145 sumus
707 2090 922 2145 vocati:
952 2089 1096 2145 ultro
1144 2105 1273 2161 ergo
1322 2090 1598 2148 discedere
1642 2108 1753 2148 non

170 2176 456 2235 debemus.

248 2271 398 2328 Unde
427 2275 561 2329 enim
589 2276 707 2345 scis,
731 2276 936 2344 mulier,
959 2278 1004 2331 si
1024 2278 1190 2331 virum
1218 2277 1414 2333 salvum
1442 2279 1671 2350 fascias?
1696 2278 1754 2335 In

175 2364 397 2422 dubium
420 2366 640 2439 quidem
674 2369 887 2438 posuit:
916 2369 1011 2424 sed
1039 2384 1257 2441 semper
1279 2371 1527 2442 ambigua
1558 2372 1615 2427 in
1646 2386 1758 2428 me-

178 2458 282 2515 lius
304 2460 529 2516 evenire
560 2460 825 2517 credenda
857 2469 1002 2517 sunt.
1028 2462 1199 2518 Simul
1222 2463 1599 2534 quaerendum,
1625 2480 1760 2536 quo-

184 2549 349 2605 modo
374 2551 621 2621 superius
651 2550 1013 2607 sanetilicatus
1039 2552 1268 2621 dicatur,
1293 2553 1358 2609 de
1379 2554 1532 2624 cujus
1559 2554 1647 2610 hic
1674 2570 1761 2611 sa-

181 2639 296 2697 lute
322 2642 601 2699 dubitatur
627 2663 639 2698 :
672 2644 775 2700 nisi
805 2644 1100 2702 secundum
1146 2646 1291 2703 hunc
1319 2663 1475 2719 quem
1504 2651 1757 2719 exposui-

184 2748 309 2789 mus
340 2734 691 2793 intellectum.

249 2826 354 2881 Aut
376 2828 511 2884 unde
536 2831 636 2884 scis
666 2831 760 2900 vir,
789 2831 833 2887 si
861 2831 1128 2889 mulierem
1152 2835 1344 2890 salvam
1366 2835 1519 2908 [acies
1541 2838 1565 2891 ?
1584 2835 1640 2893 Si
1667 2851 1762 2907 per

179 2929 233 2978 te
256 2921 478 2989 credat,
509 2932 563 2979 et
594 2923 739 2981 salva
766 2926 878 2982 sit?

251 3014 377 3072 Nisi
400 3017 668 3090 unicuique
694 3020 825 3074 sicut
854 3021 1026 3078 divisit
1051 3022 1324 3081 Dominus.
1353 3022 1767 3097 Unumquemque

180 3110 311 3166 sicut
339 3112 535 3167 vocarit
587 3112 725 3169 Deus
750 3156 766 3182 ,
814 3116 887 3169 ita
911 3117 1131 3172 ambulet
1159 3136 1177 3173 :
1205 3129 1252 3173 et
1295 3121 1426 3173 sicut
1454 3121 1508 3174 in
1538 3121 1767 3176 omnibus

1850 1895 2114 1966 sanguine
2141 1900 2437 1969 comparati
2466 1917 2479 1952 :
2510 1899 2642 1953 nihil
2664 1914 2791 1970 ergo
2819 1912 3042 1971 propter
3068 1902 3315 1959 homines
3338 1902 3416 1960 ia-

1851 1989 2045 2045 ciatis:
2092 1988 2233 2045 sicut
2262 1989 2390 2044 alibi
2421 1990 2528 2044 ait:
2577 1989 2692 2045 Non
2724 1991 2789 2046 ad
2839 1992 3053 2047 oculum
3095 1995 3424 2064 servientes,

1852 2083 2006 2153 quasi
2037 2082 2350 2139 hominibus
2376 2083 2687 2155 placentes:
2720 2086 2814 2141 sed
2844 2086 2995 2157 quasi
3025 2087 3167 2143 servi
3193 2087 3426 2158 Christi,

1853 2175 2112 2234 facientes
2134 2178 2468 2234 voluntatem
2494 2178 2590 2234 Dei
2622 2193 2693 2234 ex
2722 2180 2903 2234 animo
2926 2221 2943 2246 ,
2970 2190 3024 2236 et
3052 2189 3270 2237 cmtera.

1926 2269 2004 2325 De
2032 2271 2309 2344 virginibus
2338 2283 2527 2327 autem.
2577 2272 2641 2327 Et
2669 2273 2736 2328 de
2762 2272 2864 2329 hoc
2891 2274 3275 2331 consuluerant
3293 2318 3308 2345 ,
3331 2277 3424 2334 ubi

1855 2373 2000 2419 esset
2025 2375 2289 2434 prmecpta
2316 2365 2617 2437 virginitas.

1931 2457 2259 2530 Praeceptum
2283 2459 2489 2514 Domini
2521 2476 2621 2515 non
2642 2460 2823 2516 habeo.
2848 2460 2999 2530 Quod
3032 2464 3132 2518 sub
3154 2470 3426 2533 praecepto

1864 2558 1975 2618 est,
1999 2550 2044 2605 si
2066 2566 2170 2606 non
2190 2552 2493 2622 impleatur,
2519 2555 2689 2623 punit.
2720 2554 3000 2625 lmpletum
3024 2563 3196 2611 morte
3219 2567 3423 2612 tantum

1859 2654 2027 2712 caret,
2052 2645 2174 2715 quia
2206 2646 2334 2700 nihil
2363 2662 2429 2702 ex
2457 2661 2515 2703 se
2545 2648 2665 2703 dat:
2687 2648 2780 2704 sed
2807 2650 2947 2719 quod
2973 2649 3154 2718 debet,
3172 2654 3420 2708 exsolvit.

1936 2737 2219 2794 Consilium
2244 2750 2415 2795 autent
2437 2740 2525 2795 do.
2550 2742 2847 2797 Consilium
2872 2753 2956 2798 est
2985 2751 3163 2800 autem
3186 2744 3432 2801 Salvato-

1862 2830 1939 2887 ris
1969 2831 2237 2888 dicentis:
2272 2833 2409 2889 Sunt
2456 2835 2545 2905 qui
2576 2848 2636 2891 se
2669 2843 3049 2892 castraverunt
3092 2847 3317 2910 propter
3346 2856 3435 2896 re-

1866 2936 2029 2993 gnum
2060 2923 2339 2979 caelorum.

1941 3015 2222 3090 Tamquam
2250 3020 2652 3076 misericordium
2676 3030 2976 3078 consecutus
2996 3039 3027 3077 a
3050 3022 3294 3080 Domino.
3321 3025 3431 3083 Suo

1869 3111 2120 3182 exemplo
2149 3111 2337 3180 docet,
2363 3129 2468 3169 non
2499 3115 2600 3170 nisi
2624 3117 2678 3170 in
2704 3114 2931 3171 Domino
2960 3118 3315 3187 gloriandum.

182 3202 431 3261 Ecclesiis
459 3206 635 3261 doceo.
665 3206 762 3263 Vel
787 3223 909 3264 cum
940 3210 1146 3266 inﬁdeli
1190 3212 1421 3284 conjuge
1442 3255 1456 3279 ,
1490 3214 1571 3270 vel
1603 3216 1763 3272 etiam

1947 3202 2014 3260 Ut
2044 3204 2139 3259 sint
2177 3205 2365 3275 ﬁdelis.
2391 3207 2597 3263 Domini
2633 3209 2737 3265 mei
2766 3223 2981 3280 semper
3027 3211 3250 3266 servitio
3277 3224 3443 3267 occu-

182 3312 302 3352 cum
344 3296 487 3354 ﬁdeli
528 3297 711 3373 [Mart.
760 3300 986 3373 inﬁdeli]
1023 3320 1037 3358 :
1081 3302 1193 3360 sive
1235 3305 1287 3360 in
1333 3309 1617 3377 praeputio,
1648 3308 1766 3366 sive

181 3389 579 3447 circumcisus:
606 3406 793 3448 servus
824 3402 917 3449 aut
941 3395 1095 3452 liber.

254 3481 598 3537 Circumcisus
625 3483 813 3556 aliquis
836 3498 1041 3543 vocatus
1065 3498 1157 3555 est,
1191 3507 1290 3545 non
1313 3492 1537 3548 adducat
1561 3511 1764 3568 prtepu-

186 3575 333 3630 tium.
362 3572 430 3629 In
460 3580 713 3648 praeputio
741 3591 910 3634 autem
941 3581 1127 3652 aliquis
1150 3594 1354 3639 vocatus
1400 3596 1473 3641 est
1497 3630 1512 3655 ,
1540 3604 1638 3642 non
1668 3590 1770 3643 cir-

188 3668 527 3725 cumcidatur.
578 3668 689 3725 Non
722 3679 875 3742 putet
923 3687 983 3729 se
1037 3675 1306 3746 superﬂue
1349 3677 1766 3737 circumcisum:

197 3779 293 3822 nec
319 3764 388 3823 de
416 3764 520 3822 hoc
544 3767 842 3839 paeniteat:
872 3767 971 3825 fuit
997 3771 1140 3827 enim
1173 3788 1274 3829 suo
1304 3782 1550 3846 tempore
1578 3792 1769 3833 neces-

192 3858 407 3914 sarium.
458 3858 583 3915 Sive
628 3860 732 3917 hoc
762 3860 966 3918 modo:
997 3878 1108 3920 non
1136 3865 1367 3923 adducat
1416 3869 1769 3939 przeputium,

191 3965 294 4021 quo
322 3951 445 4009 sine
476 3952 608 4023 legis
642 3956 980 4011 caremoniis
1021 3958 1204 4012 vivat:
1236 3959 1363 4028 quia
1397 3968 1521 4015 tunc
1549 3961 1773 4031 quibus-

190 4042 310 4097 dam
342 4043 589 4114 Apostoli
620 4046 1009 4115 permittebant
1048 4063 1210 4119 opera
1237 4050 1431 4121 legalia
1458 4054 1731 4110 custodire
1754 4097 1770 4123 ,

193 4150 261 4189 ne
282 4133 463 4190 subito
483 4149 514 4189 a
537 4135 656 4205 lege
676 4138 927 4208 retracti,
952 4140 1264 4195 scandalum
1289 4152 1618 4212 paterentur.
1642 4145 1773 4201 Item

194 4229 293 4283 alia
326 4226 632 4299 expositio:
659 4228 892 4286 Evidens
917 4239 1001 4286 est
1030 4230 1135 4286 hoc
1162 4232 1306 4299 loco,
1330 4250 1435 4288 non
1465 4234 1551 4290 hic
1575 4235 1642 4291 de
1669 4237 1777 4292 cir-

198 4322 536 4377 cumcisione
564 4322 776 4393 carnis,
814 4332 907 4378 aut
936 4325 1197 4396 praeputio
1245 4327 1559 4397 Apostolum
1592 4328 1776 4398 loqui:

202 4430 370 4487 neque
391 4416 541 4472 enim
569 4414 686 4471 ﬁeri
718 4424 926 4487 potest,
950 4420 1322 4475 circumcisum
1354 4421 1588 4493 aliquem
1621 4437 1779 4492 posse

202 4509 517 4579 praeputium
540 4509 845 4577 adducere;
870 4510 963 4565 sed
999 4512 1067 4568 ad
1093 4528 1188 4568 eos
1210 4528 1388 4570 sermo
1410 4524 1513 4582 est,
1537 4514 1629 4586 qui
1656 4524 1782 4572 sunt

1869 3307 2047 3370 patus.

1937 3390 2189 3447 Existimo
2216 3409 2337 3464 ergo
2364 3392 2463 3447 hoc
2501 3393 2689 3447 bonum
2717 3409 2841 3448 esse.
2901 3394 2997 3449 Hic
3038 3397 3287 3450 existimo
3315 3396 3433 3454 'non

1868 3504 1969 3560 pro
1995 3489 2159 3545 dubio
2183 3490 2389 3560 posuit,
2416 3489 2511 3543 sed
2539 3504 2638 3557 pro
2662 3499 2811 3545 certo
2836 3507 2847 3543 :
2877 3490 3015 3545 sicut
3036 3498 3092 3546 et
3116 3490 3246 3548 illud
3271 3509 3284 3546 :
3309 3492 3445 3550 Puto

1870 3582 2013 3637 enim
2045 3581 2190 3653 quod
2213 3590 2267 3636 et
2289 3594 2389 3651 ego
2419 3580 2667 3650 spiritum
2699 3581 2791 3637 Dei
2817 3581 3008 3638 habeo.

1942 3672 2159 3743 Propter
2204 3673 2476 3726 instantem
2506 3674 2875 3729 necessitatem.
2911 3674 2965 3729 Id
2995 3684 3113 3741 est,
3160 3679 3446 3748 praesentis

1870 3765 1996 3820 vita:
2024 3764 2369 3821 solitudinem
2397 3809 2412 3833 ,
2439 3782 2556 3835 qua:
2586 3767 2810 3823 multum
2842 3776 3021 3838 potest
3066 3771 3259 3826 obesse
3285 3771 3446 3841 justi—

1873 3860 1997 3914 tiaa:
2031 3867 2087 3914 et
2115 3873 2221 3929 qua
2250 3859 2521 3930 praecipue
2546 3859 2717 3931 juncti
2748 3861 3113 3919 matrimoniis
3161 3864 3443 3936 implican-

1875 3958 1984 4006 tur.

1949 4040 2210 4106 Quoniam
2237 4041 2423 4095 bonum
2447 4050 2519 4097 est
2544 4043 2735 4098 homini
2764 4046 2837 4099 sic
2859 4061 2981 4101 esse.
3010 4044 3217 4117 Duplex
3245 4047 3446 4103 bonum

1875 4146 1995 4193 est:
2025 4147 2080 4193 et
2108 4136 2558 4195 sollicitudinibus
2584 4139 2771 4197 mundi
2797 4156 2986 4197 carere
3005 4183 3018 4207 ,
3046 4149 3103 4198 et
3128 4142 3450 4212 virginitatis

1876 4232 2156 4301 praemium
2187 4242 2525 4303 exspectare.

1950 4322 2206 4396 Alligatus
2235 4341 2285 4379 es
2316 4326 2496 4395 uxori,
2528 4328 2632 4381 noli
2660 4342 2884 4399 quaerere
2927 4327 3253 4383 solutionem.
3286 4329 3449 4385 Solu-

1881 4423 1961 4470 tus
1983 4434 2035 4470 es
2062 4418 2123 4470 ab
2152 4435 2345 4485 uxore,
2376 4420 2483 4473 noli
2508 4437 2735 4492 quaerere
2764 4439 2997 4478 uxorem.
3037 4421 3113 4477 Ita
3164 4423 3282 4478 vult
3310 4425 3456 4481 soln-

1887 4515 1970 4561 tns
2000 4522 2103 4563 non
2137 4508 2289 4579 ligari
2317 4528 2329 4562 :
2363 4512 2636 4581 quomodo
2665 4529 2764 4570 nec
2814 4515 2949 4570 solvi
2988 4513 3211 4571 dissidio
3262 4515 3455 4589 ligatos

203 4601 254 4655 in
280 4603 533 4674 coniugio
561 4602 850 4659 constituti
878 4622 890 4659 :
923 4603 1027 4658 hoc
1055 4604 1197 4659 enim
1245 4604 1377 4661 dicit
1413 4622 1426 4659 :
1479 4581 1679 4678 Siquis
1710 4607 1776 4663 ad
1806 4581 1858 4641 D
1883 4602 2132 4656 admittit-

205 4694 354 4751 lidem
381 4696 478 4754 Dei
511 4697 846 4766 accesserit,
872 4713 1096 4754 uxorem
1130 4714 1237 4755 non
1267 4699 1471 4757 habens
1496 4719 1508 4753 :
1542 4707 1779 4771 postmo-

210 4784 334 4843 dum
362 4789 617 4859 gentilem
646 4788 935 4860 conjugem
969 4805 1073 4844 non
1104 4789 1266 4846 debet
1293 4792 1559 4862 accipere.
1591 4791 1647 4849 Si
1678 4808 1777 4848 au-

217 4885 316 4934 tem
345 4879 396 4935 in
426 4880 521 4935 tali
549 4881 743 4951 c0pula
770 4883 1129 4953 constitutus,
1156 4881 1222 4937 ad
1253 4882 1411 4938 [idem
1441 4882 1604 4939 fuerit
1628 4898 1783 4940 voca-

213 4974 293 5023 tus
318 5012 332 5037 ,
364 4986 470 5027 non
493 4971 695 5029 debere
722 4986 844 5028 eum
875 4972 1154 5045 coniugale
1180 4974 1452 5029 vinculum
1477 4975 1704 5031 solvere.

282 5062 609 5120 Circumcisio
638 5064 769 5119 nihil
795 5074 898 5134 est,
942 5076 991 5121 et
1034 5067 1344 5138 prceputium
1393 5065 1523 5121 nihil
1551 5076 1652 5134 est,
1700 5068 1788 5122 sed

223 5153 495 5213 observatio
539 5159 904 5215 mandatorum
953 5159 1072 5215 Dei.
1106 5161 1219 5217 Hoc
1248 5170 1489 5232 tempore
1538 5177 1637 5218 nec
1664 5177 1789 5233 pro-

223 5245 373 5303 desse
401 5255 635 5321 poterit,
668 5269 767 5311 nec
811 5256 1023 5312 obesse.

302 5337 645 5416 Unusquisque
672 5348 726 5401 in
749 5365 852 5419 qua
874 5348 1136 5403 vocatione
1161 5358 1365 5403 vocatus
1385 5357 1489 5416 est,
1514 5349 1567 5403 in
1593 5364 1651 5404 ea
1674 5363 1790 5422 per-

226 5439 444 5483 maneat.
476 5430 657 5491 Servus
674 5448 885 5495 vocatus
908 5457 960 5495 es
976 5482 991 5508 ,
1015 5458 1119 5495 non
1143 5443 1209 5495 sit
1231 5442 1323 5495 tibi
1349 5457 1502 5496 curre.
1527 5442 1789 5497 Christia-

236 5534 319 5573 na:
350 5520 586 5591 religioni
616 5529 853 5586 conditio
881 5548 986 5587 non
1016 5542 1192 5602 potest
1217 5532 1414 5589 obesse
1454 5535 1685 5591 servilis.
1711 5533 1790 5592 Ne

235 5609 417 5666 dicas:
448 5628 572 5683 ergo
597 5624 863 5686 quomodo
891 5624 1003 5679 Deo
1034 5638 1248 5693 possum
1276 5626 1489 5695 placere
1508 5668 1524 5694 ,
1551 5628 1642 5698 qui
1670 5642 1789 5683 ser-

237 5716 338 5758 vus
363 5705 513 5760 sum?
539 5706 679 5766 Dens
704 5713 843 5769 enim
875 5732 979 5772 non
1006 5717 1369 5777 conditionem
1418 5720 1639 5791 aspicit,
1694 5720 1788 5780 sed

243 5796 557 5857 voluntatem
582 5805 770 5874 quaerit
796 5816 851 5866 et
881 5816 1138 5867 mentem.

1951 4694 2012 4749 Si
2031 4704 2195 4749 autem
2217 4698 2472 4766 acceperis
2494 4713 2707 4752 uxorem
2731 4740 2744 4765 ,
2787 4715 2888 4753 non
2915 4700 3166 4772 peccasti;
3212 4710 3260 4755 et
3285 4703 3330 4757 si
3360 4720 3453 4757 nu-

1878 4791 2213 4862 pseritvirgo,
2246 4808 2346 4845 non
2388 4794 2632 4861 peccavit.
2658 4792 2791 4860 Quia
2817 4795 2998 4849 liberte
3026 4795 3317 4852 voluntatis
3355 4811 3451 4865 es,

1882 4884 1927 4938 si
1953 4898 2056 4939 non
2083 4885 2162 4936 vis
2192 4897 2311 4938 esse
2335 4885 2527 4954 major,
2552 4894 2671 4940 esto
2698 4886 2785 4941 vel
2818 4887 3018 4943 minor.
3049 4888 3259 4959 Nuptiae
3308 4890 3453 4947 enim

1882 4984 2158 5046 peccatum
2191 4988 2297 5029 non
2325 4983 2486 5029 sunt:
2517 4977 2609 5031 sed
2643 4992 2740 5047 per
2787 4980 3205 5038 sollicitudinem
3235 4984 3453 5051 mundi,

1888 5069 1978 5139 qui
2009 5068 2247 5131 nubunt,
2275 5069 2443 5138 legem
2475 5084 2692 5127 servare
2719 5071 2804 5126 vix
2829 5084 3076 5143 possunt.
3103 5076 3311 5136 Aliter:
3335 5078 3458 5133 Illos

1889 5161 2019 5217 dicit
2044 5176 2149 5215 non
2178 5176 2402 5231 peccare
2428 5162 2472 5217 si
2507 5165 2742 5233 nubant,
2775 5167 2864 5234 qui
2895 5168 3127 5222 nondum
3160 5168 3271 5224 Deo
3296 5184 3459 5225 vove-

1889 5254 2001 5309 rint
2023 5256 2347 5309 castitatem.
2374 5254 2640 5310 Caeterum
2664 5302 2677 5327 ,
2702 5258 2793 5326 qui
2817 5258 2899 5313 vel
2930 5259 2981 5312 in
3013 5259 3177 5315 corde
3207 5276 3307 5316 suo
3339 5275 3461 5329 pro-

1888 5344 2070 5411 misit,
2117 5345 2161 5400 si
2211 5344 2354 5399 aliud
2388 5343 2611 5413 fecerit,
2659 5347 2820 5403 habet
2868 5348 3263 5405 damnationem
3293 5367 3306 5404 :
3334 5352 3460 5419 quia

1890 5436 2115 5508 primam
2141 5433 2299 5509 tidem
2334 5438 2536 5491 irritam
2567 5439 2711 5494 fecit.
2733 5438 2887 5505 Quod
2917 5441 3058 5495 enim
3090 5451 3206 5496 erat
3232 5440 3462 5510 licitum,

1890 5545 1987 5600 per
2013 5536 2198 5584 votum
2236 5528 2339 5583 sibi
2371 5529 2498 5586 fecit
2530 5530 2771 5586 illicitum
2796 5550 2809 5587 :
2833 5534 2975 5587 sicut
3006 5532 3225 5589 Ananiae
3250 5543 3307 5588 et
3332 5534 3466 5604 Sap-

1890 5621 2089 5692 phirre,
2124 5622 2319 5693 quibus
2345 5622 2412 5678 de
2456 5624 2628 5694 pretio
2676 5625 3031 5696 possessionis
3070 5641 3182 5681 sua:
3229 5627 3465 5685 retinere

1890 5716 2027 5774 nihil
2068 5718 2254 5773 licuit:
2284 5718 2352 5775 ob
2385 5732 2544 5791 quam
2573 5734 2789 5778 causam
2829 5729 2884 5778 et
2913 5719 3093 5780 subita
3130 5730 3305 5780 morte
3342 5737 3466 5795 pro-

1891 5811 2045 5870 strati
2069 5822 2214 5873 sunt.
