4030 6202
623 251 725 309 739

1649 251 1707 309 S.
1751 250 2130 311 lllERONYlll
2169 249 2449 311 OPERUM
2489 249 2843 321 MANTISSA.

3772 250 3866 311 740

686 371 1084 430 Tribulationem
1102 379 1270 433 tamen
1290 368 1459 427 carnis
1479 368 1731 425 habebunt
1752 367 2191 442 hujusmodiJla-
2215 372 2268 447 Α
2292 369 2406 431 bmc
2435 384 2533 439 nec
2566 370 2762 429 marito
2798 370 2982 443 (quem
3026 383 3134 439 non
3170 369 3355 442 habet)
3402 371 3577 443 passit
3627 371 3865 443 placere,

616 464 819 520 ledicto
846 480 904 520 se
936 466 1057 518 Evac
1086 461 1466 533 subjicientes,
1494 460 1607 521 sive
1641 460 2062 518 sollicitudinem
2089 476 2189 533 ste-

617 555 815 611 cularis
846 552 1209 609 tribulationis
1235 562 1288 607 et
1318 550 1547 607 tristitize
1580 550 1868 623 patientur.

687 648 796 720 Ego
828 644 995 701 autem
1036 646 1171 700 vobis
1201 662 1375 721 parco.
1428 637 1594 701 Vobis
1624 645 1956 715 virginibus,
2002 652 2061 703 ut
2090 646 2189 702 mi-

614 740 733 797 nori
764 740 944 795 labore
974 741 1233 809 majorem
1269 737 1488 815 possitis
1518 738 1738 808 implere
1761 738 2045 811 justitiam.

690 832 801 888 Hoc
829 835 997 906 itaque
1020 834 1156 902 dico,
1184 830 1392 902 fratres.
1418 832 1515 889 llic
1538 833 1683 887 muni
1712 831 2005 887 intentione
2028 833 2188 888 etiam

617 926 881 982 habentes
925 940 1128 980 uxores
1184 923 1250 979 ad
1311 926 1695 980 continentiam
1748 925 2081 995 cohortatur,
2135 934 2191 980 ut

614 1023 784 1077 multo
813 1019 980 1090 magis
1005 1017 1229 1075 suadeat
1251 1035 1355 1073 non
1388 1019 1590 1075 nubere
1619 1036 1722 1083 non
1757 1019 2035 1087 habentes.

687 1113 910 1186 Tempus
955 1110 1103 1168 breve
1148 1122 1262 1168 est:
1292 1113 1541 1184 reliquum
1569 1122 1673 1181 est,
1719 1122 1772 1168 ut
1802 1122 1849 1169 et
1876 1115 1959 1183 qui
2008 1111 2191 1167 habent

613 1224 817 1274 uxores,
848 1217 1105 1277 tamquam
1125 1223 1231 1261 non
1265 1206 1500 1261 habentes
1540 1208 1661 1260 sint.
1687 1206 1919 1277 Tempus
1948 1204 2068 1262 vita:
2094 1219 2190 1261 n0-

612 1312 737 1356 strae
785 1298 1051 1355 modicum
1081 1299 1276 1353 asserit
1306 1316 1318 1352 :
1374 1307 1434 1352 ut
1463 1299 1650 1354 doceat
1676 1299 2007 1368 voluptatem
2026 1340 2041 1366 ,
2071 1314 2189 1369 qua:

613 1399 724 1455 cito
753 1396 956 1473 linitur,
990 1412 1095 1451 non
1126 1409 1449 1467 magnOpere
1475 1394 1828 1465 appetendam
1856 1412 1869 1448 :
1898 1393 1991 1461 sed
2018 1394 2191 1465 magis

617 1492 1110 1564 concupiscendum
1169 1505 1293 1546 esse
1360 1498 1617 1544 aeternum
1674 1489 1954 1559 praemium
2027 1488 2187 1545 casti-

616 1590 760 1649 tatis.

690 1679 757 1737 Et
782 1680 868 1748 qui
893 1680 1017 1750 flent
1038 1720 1053 1746 ,
1078 1688 1333 1748 tamquam
1353 1693 1455 1733 non
1480 1679 1661 1747 flentes
1684 1691 1703 1730 :
1744 1685 1790 1731 et
1811 1676 1900 1747 qui
1928 1677 2182 1748 gaudent,

2290 477 2390 519 nec
2414 463 2566 521 Deo?

2362 555 2529 612 Porro
2554 555 2650 613 hoc
2674 557 2744 612 ad
2768 557 3047 627 utilitatem
3089 567 3308 617 vestram
3344 558 3462 619 dico
3493 574 3512 613 :
3539 576 3645 615 non
3689 568 3749 614 ut
3797 560 3869 618 le-

2289 666 2475 729 queum
2494 650 2631 705 vobis
2652 650 2911 722 injiciam,
2940 650 3028 715 sed
3057 652 3125 719 ad
3151 651 3205 706 id
3235 652 3372 722 quod
3403 650 3674 717 honestum
3702 663 3801 719 est,
3826 662 3867 707 et

2290 747 2427 818 quod
2451 745 2747 819 facultatem
2773 747 2993 817 prwbeat
3022 751 3132 806 sine
3182 751 3545 822 impedimento
3594 752 3867 813 Donainum

2292 836 2618 893 obsecrandi.
2662 837 3051 911 Necessitatem
3099 842 3208 909 illis
3264 842 3481 903 videtur
3527 848 3808 914 imponere
3850 863 3861 896 :

2292 928 2538 1003 Dicitse,
2569 930 2696 1001 quid
2720 931 2829 991 illis
2850 933 3105 1005 expediat
3143 950 3492 1003 commonere
3532 953 3650 999 eos.
3702 936 3870 995 Simul

2293 1023 2539 1089 attende,
2567 1025 2695 1095 quia
2717 1026 2762 1082 si
2791 1026 2895 1087 hoc
2918 1027 3023 1089 illis
3052 1030 3185 1091 utile
3210 1042 3354 1099 erat,
3382 1032 3526 1103 quod
3570 1031 3866 1102 Apostolus

2293 1118 2599 1187 suadebat;
2633 1118 2763 1187 illud
2790 1121 2971 1183 minus
3008 1122 3145 1187 utile
3188 1133 3339 1192 erat,
3388 1125 3534 1197 quod
3583 1125 3666 1189 illi
3718 1128 3866 1185 vole-

2291 1211 2437 1271 bant.

2366 1307 2427 1360 Si
2452 1308 2564 1378 quis
2591 1318 2759 1363 autem
2794 1317 2995 1390 turpem
3018 1327 3073 1367 se
3092 1312 3256 1387 videri
3284 1311 3545 1371 existimat
3580 1330 3735 1387 super
3772 1316 3872 1373 vir-

2291 1399 2407 1475 gine
2426 1416 2541 1469 sua,
2570 1402 2709 1473 quod
2732 1403 2797 1469 sit
2825 1403 3185 1474 superadulta.
3254 1405 3446 1475 Turpis
3500 1406 3667 1467 videri
3720 1419 3872 1480 pote-

2290 1492 2363 1547 rit
2383 1493 2427 1547 si
2457 1493 2762 1563 cupientem
2792 1496 3051 1567 virginem
3083 1513 3241 1565 suam
3278 1499 3480 1558 nubere
3506 1515 3614 1557 non
3644 1504 3875 1570 permit-

2291 1593 2391 1653 tat,
2457 1594 2510 1645 et
2576 1586 2665 1643 illa
2722 1586 2891 1644 fuerit
2954 1589 3233 1651 fornicata.
3267 1590 3396 1649 Item
3434 1592 3537 1649 hoc
3590 1594 3710 1649 loco
3755 1611 3875 1651 non

2290 1688 2540 1751 parentes
2559 1679 2691 1737 dicit
2736 1682 3007 1753 virginum
3056 1683 3282 1743 ﬁliarum
3312 1703 3331 1741 :
3358 1701 3532 1757 neque
3571 1688 3719 1742 enim
3773 1704 3876 1757 po.

622 1789 880 1853 tamquam
903 1792 1004 1829 non
1041 1773 1319 1847 gaudentes
1342 1789 1361 1826 :
1388 1780 1431 1826 et
1462 1773 1545 1841 qui
1570 1781 1784 1838 emunt,
1811 1780 2066 1840 tamquam
2092 1786 2191 1835 non
2222 1762 2272 1835 B
2300 1772 2505 1829 testatis
2531 1772 2741 1827 illorum
2772 1783 2952 1844 potest
2980 1790 3103 1835 esse
3131 1776 3465 1847 propositum
3514 1777 3710 1835 alicam
3739 1793 3869 1834 con-

617 1871 938 1947 possidentes
960 1884 977 1921 :
999 1876 1045 1922 et
1073 1868 1158 1935 qui
1190 1874 1402 1927 utuntur
1428 1862 1523 1917 hoc
1550 1866 1738 1916 mundo
1763 1904 1779 1928 ,
1803 1872 2064 1935 tamquam
2090 1879 2189 1919 non

623 1972 852 2017 utantur.
880 1960 1016 2026 Quia
1045 1967 1099 2013 et
1152 1957 1296 2011 istud
1351 1957 1405 2011 in
1455 1955 1604 2009 brevi
1663 1954 1948 2010 transibit:
1983 1966 2188 2025 tempus

614 2056 761 2111 enim
795 2054 970 2115 omnis
999 2051 1079 2107 rei
1125 2050 1227 2109 sub
1278 2049 1430 2105 sole:
1484 2057 1696 2119 tempus
1752 2048 2083 2122 plangendi,
2137 2056 2191 2104 et

614 2164 692 2203 ειη
702 2160 810 2202 tera
822 2187 836 2201 .
875 2172 888 2180 ‘

692 2240 930 2297 Praeterit
956 2239 1088 2295 enim
1115 2236 1285 2312 figura
1328 2234 1485 2304 huius
1525 2233 1720 2291 mundi.
1772 2232 1883 2307 μου
1929 2232 2186 2289 smeulam

615 2337 769 2408 quasi
822 2335 1009 2390 umbra
1061 2332 1370 2403 pertransit.
1420 2329 1593 2386 Nolite
1639 2343 1768 2401 ergo
1816 2328 1883 2383 de
1935 2343 2000 2385 eo
2058 2327 2194 2383 mul-

613 2442 728 2489 tum
774 2444 893 2493 esse
941 2428 1195 2497 solliciti,
1247 2441 1314 2482 ne
1368 2424 1525 2495 hujus
1582 2421 1925 2493 possessione
1952 2420 2191 2493 perdatis

616 2538 897 2597 :cternam.
952 2521 1021 2579 Et
1078 2520 1300 2591 ﬁguram
1331 2524 1663 2587 quaerentes,
1716 2514 1986 2585 incipiatis
2035 2513 2190 2568 amit-

613 2628 727 2676 tere
781 2617 1087 2673 veritatem.
1138 2613 1234 2668 llic
1281 2613 1425 2668 enim
1479 2608 1711 2667 mundus
1742 2653 1756 2678 ,
1800 2610 1975 2683 imago
2026 2607 2188 2663 futuri

629 2721 734 2767 est.
763 2710 818 2766 Si
848 2724 975 2783 ergo
1007 2708 1125 2763 talis
1156 2717 1238 2762 est
1265 2706 1442 2776 imago
1464 2746 1478 2771 ,
1506 2705 1621 2774 ipsa
1646 2701 1845 2759 veritas
1875 2702 2048 2771 qualis
2070 2699 2189 2755 est?

617 2803 773 2863 Unde
802 2803 845 2857 si
876 2802 978 2858 hoc
1005 2812 1111 2856 tam
1141 2799 1385 2871 impense
1408 2794 1666 2866 diligitis,
1689 2804 1889 2865 quanto
1920 2794 2089 2867 magis
2129 2793 2190 2863 il—

614 2897 705 2951 lud
730 2894 1024 2963 impensius
1051 2906 1231 2947 amare
1254 2889 1463 2945 debetis
1483 2889 1496 2943 l
1520 2888 1651 2943 Nam
1680 2888 1932 2944 saeculum
1958 2886 2060 2949 hoc
2090 2899 2188 2940 nos

616 2988 959 3052 dimissuros,
990 2983 1301 3056 quotidiana
1332 2981 1675 3037 morientium
1714 2980 1958 3051 exempla
1989 2987 2188 3051 testan-

613 3093 718 3137 tur.
752 3080 832 3139 An
867 3080 1006 3135 forte
1060 3092 1158 3131 nos
1189 3073 1460 3131 credimus
1491 3074 1829 3129 immortales
1851 3113 1866 3139 ,
1900 3071 2048 3141 quasi
2087 3086 2186 3127 nos

611 3176 785 3243 simus
807 3188 871 3229 ex
908 3170 1220 3227 hominibus
1243 3166 1525 3238 generati?
1546 3164 1700 3221 Unde
1729 3165 1943 3233 sapiens
1974 3178 2186 3232 semper
2214 3153 2260 3226 C

613 3269 845 3322 aliorum
874 3265 1090 3320 casibus
1117 3261 1465 3317 emendatur:
1492 3260 1702 3313 dicente
1733 3257 2008 3327 Scriptura
2037 3276 2049 3310 :
2078 3256 2185 3312 Cor

610 3359 872 3430 sapientis
900 3357 953 3413 in
979 3355 1142 3413 domo
1166 3355 1366 3409 luctus.
1397 3353 1493 3411 llic
1519 3352 1667 3407 enim
1698 3350 1818 3404 ﬁnis
1846 3349 1991 3404 omni
2016 3348 2185 3405 homi—

608 3457 666 3517 ni
692 3474 705 3508 :
732 3465 785 3510 et
812 3455 898 3509 cui
934 3452 1079 3517 vult,
1106 3450 1252 3506 dabit
1276 3449 1473 3503 bonum
1507 3447 1561 3501 in
1589 3445 1753 3501 corde
1784 3460 1902 3501 suo.

688 3547 821 3603 Volo
852 3556 1019 3600 autem
1052 3562 1137 3601 vos
1165 3544 1277 3598 sine
1306 3540 1654 3597 sollicitudine
1675 3556 1804 3595 esse.
1835 3538 2103 3597 Debemus
2134 3550 2187 3596 et

611 3654 712 3693 nos
742 3639 899 3708 velle,
927 3635 1068 3708 quod
1102 3636 1395 3711 Apostolus
1418 3634 1559 3689 velle
1598 3648 1657 3689 se
1691 3633 1821 3689 dicit
1849 3651 1860 3687 :
1888 3650 1957 3705 ne
2004 3633 2187 3691 incon-

614 3728 873 3801 tinentes,
904 3737 1090 3782 contra
1120 3728 1235 3798 ejus
1269 3727 1550 3781 videamur
1573 3724 1751 3782 facere
1792 3727 2150 3785 voluntatem.

618 3884 621 3887 Α
684 3822 784 3889 Qui
812 3822 921 3874 sine
950 3836 1107 3873 uxore
1133 3830 1226 3883 est,
1248 3819 1506 3872 sollicitus
1534 3829 1629 3886 est,
1653 3836 1765 3893 qua:
1794 3818 2006 3874 Domini
2042 3830 2179 3891 sunt,

606 3914 865 3988 quomodo
894 3913 1093 3985 placeat
1115 3908 1244 3966 Deo.
1289 3913 1388 3979 Qui
1418 3923 1590 3968 autent
1627 3930 1741 3967 cum
1766 3931 1926 3970 uxore
1954 3924 2050 3983 est,
2079 3917 2184 3970 sol-

607 4012 780 4067 licitus
834 4017 906 4077 est
960 4025 1074 4083 quia
1098 4019 1215 4067 sunt
1245 4009 1445 4073 mundi.
1489 4008 1711 4065 Multum
1760 4010 1917 4066 nobis
1968 4011 2184 4087 expedit

607 4102 973 4165 sollicitudine
1005 4118 1194 4157 carere
1226 4102 1520 4169 mundana,
1556 4118 1620 4157 ne
1650 4101 1792 4159 forte
1822 4104 1990 4173 spinae
2020 4103 2184 4159 suffo-

603 4206 728 4253 cent
757 4210 941 4251 semen
961 4236 975 4261 ,
1007 4202 1063 4250 et
1086 4195 1267 4250 dicere
1320 4194 1641 4265 incipiamus
1668 4214 1678 4248 :
1719 4194 1907 4253 Villam
1965 4212 2183 4267 compa-

604 4290 745 4358 ravi,
773 4289 939 4345 boves
968 4288 1351 4360 emi,‘,uxorem
1394 4288 1559 4356 duxi,
1610 4287 1676 4345 ad
1729 4303 1940 4347 omnem
1996 4290 2181 4347 venire

605 4406 712 4453 non
756 4404 997 4465 possunt.

677 4484 947 4553 Quomodo
976 4483 1177 4559 placeat
1220 4481 1396 4538 uxori.
1453 4478 1624 4548 Quale
1674 4490 1761 4538 est
1802 4482 1958 4540 uxori
2008 4483 2175 4555 magis

602 4582 741 4638 velle
770 4581 1008 4651 placere,
1039 4595 1199 4650 quam
1229 4576 1381 4633 Deo?

677 4675 741 4745 Et
764 4675 957 4747 diuisus
986 4683 1079 4730 est.
1104 4671 1256 4747 Quod
1279 4670 1508 4733 divisnm
1535 4682 1643 4739 εει,
1665 4689 1832 4731 unum
1862 4690 1968 4732 non
1999 4684 2179 4746 potest

598 4788 723 4845 esse
753 4772 913 4845 :quia
946 4770 1127 4837 unitas
1171 4767 1494 4833 divisionem
1532 4770 1757 4829 omnino
1803 4786 1908 4831 non
1960 4774 2175 4844 accipit.

673 4865 741 4921 Et
765 4865 946 4921 mulier
976 4864 1193 4934 innupta
1234 4870 1282 4916 et
1332 4864 1474 4935 virgo
1501 4904 1517 4928 ,
1566 4864 1755 4936 cegitat
1808 4881 1924 4937 qua:
1967 4863 2179 4925 Domini

596 4969 717 5017 sunt
740 4976 758 5017 :
786 4969 841 5015 ut
869 4959 937 5015 sit
955 4967 1134 5027 sancta
1157 4973 1368 5029 corpore
1391 4966 1437 5014 et
1467 4958 1674 5029 spiritu.
1697 4958 1938 5031 Corpore
1963 4960 2032 5017 ab
2078 4977 2177 5017 usu

606 5053 871 5126 conjugali
900 5069 913 5107 :
939 5052 1154 5124 spiritu,
1179 5068 1207 5105 a
1238 5066 1417 5109 rerum
1463 5052 1858 5110 mundanarum
1913 5055 2175 5112 sollicitu-

598 5146 729 5217 dine
757 5163 771 5205 :
796 5144 921 5205 dum
953 5154 1065 5202 tota
1090 5144 1273 5200 divino
1301 5145 1523 5201 servitio
1565 5147 1924 5217 mancipatur.

677 5239 804 5307 Qua:
824 5247 993 5299 autem
1022 5246 1183 5307 nupta
1208 5248 1303 5306 est,
1331 5239 1518 5311 cegitat
1543 5256 1657 5309 qum
1682 5250 1799 5295 sunt
1822 5242 2021 5311 mundi,
2043 5258 2173 5311 quo-

606 5334 758 5393 modo
785 5330 986 5405 placeat
1014 5330 1141 5386 viro.
1176 5330 1405 5401 Nuptam
1434 5331 1547 5389 viro
1569 5332 1786 5402 placere
1816 5336 2037 5402 asserit,
2077 5350 2173 5391 co-

594 5426 820 5499 gitando
843 5439 963 5495 quae
985 5424 1169 5481 mundi
1189 5433 1316 5479 sunt
1344 5440 1357 5477 :
1384 5422 1665 5492 innuptam
1691 5440 1821 5481 vero
1845 5426 1975 5491 Deo,
2025 5427 2165 5496 quod

594 5520 681 5597 illi
712 5519 861 5577 nulla
889 5530 1022 5574 cura
1052 5516 1124 5572 sit
1152 5514 1356 5572 saeculi.
1380 5516 1511 5583 Quae
1534 5532 1664 5589 ergo
1694 5519 1867 5576 virum
1914 5536 2022 5576 non
2072 5522 2166 5579 ha.

599 5612 711 5677 hes,
745 5622 800 5670 et
828 5622 1003 5668 tamen
1038 5625 1156 5680 qurc
1188 5608 1372 5665 mundi
1399 5620 1546 5679 sunt,
1573 5612 1808 5684 cogitat:
1840 5614 1927 5669 cui
1956 5615 2165 5685 placere

599 5706 910 5769 desiderat?
933 5704 1120 5761 Nonne
1154 5705 1372 5775 incipiet
1423 5704 1504 5762 illi
1537 5715 1701 5778 nupta
1734 5710 1998 5778 prmponi,
2050 5726 2168 5780 qua:

2296 1866 2566 1931 tinentim;
2595 1865 2689 1921 sed
2718 1882 3163 1939 unumquemque
3190 1868 3399 1926 habere
3430 1870 3666 1940 proprias
3692 1869 3870 1926 carnis

2291 1960 2595 2029 arbitrium,
2622 1976 2741 2016 eam
2766 1961 3135 2033 incorruptam
3163 1977 3406 2025 servare.

2330 2124 2333 2129 _
2366 2053 2431 2106 Et
2455 2053 2527 2107 ita
2556 2062 2755 2122 Oportet
2784 2054 2918 2123 fieri,
2949 2054 3088 2126 quod
3116 2054 3243 2123 vult,
3276 2056 3437 2126 faciat
3468 2072 3486 2113 :
3516 2072 3618 2117 non
3672 2066 3867 2127 peccat,

2292 2147 2337 2200 si
2366 2147 2543 2201 nubat.
2576 2144 2633 2201 Si
2665 2147 2736 2201 ita
2767 2162 2991 2203 necesse
3018 2147 3175 2203 fuerit
3208 2157 3427 2219 propter
3457 2148 3583 2206 lilia:
3613 2151 3861 2205 volunta-

2294 2249 2402 2295 tem
2438 2258 2449 2293 :
2484 2255 2613 2299 nam
2651 2253 2905 2311 parentes
2957 2240 3175 2311 quidem
3226 2257 3401 2313 usque
3454 2242 3525 2298 ad
3576 2244 3868 2314 legitimam

2293 2344 2508 2389 :etntem
2566 2334 2838 2403 custodire
2866 2335 3087 2402 debent,
3138 2346 3190 2391 et
3238 2335 3624 2407 docere,quod
3674 2338 3871 2395 melius

2293 2434 2405 2489 est;
2455 2423 2501 2479 si
2530 2433 2710 2483 autem
2738 2424 2831 2478 illa
2858 2425 3121 2496 noluerit,
3148 2424 3243 2481 ﬁat
3264 2426 3409 2497 quod
3441 2441 3659 2485 necesse
3687 2438 3795 2484 est.

2369 2513 2512 2569 Nam
2536 2518 2626 2587 qui
2650 2519 2827 2583 statuit
2849 2519 2901 2573 in
2930 2519 3081 2573 corde
3106 2536 3198 2575 suo
3227 2520 3547 2588 ﬁrmusmou
3566 2519 3757 2576 habens
3770 2538 3871 2576 ne-

2295 2611 2579 2665 cessitatem
2604 2629 2621 2667 :
2650 2621 2950 2681 potestatem
2973 2622 3149 2675 autem
3179 2611 3375 2675 habens
3413 2630 3520 2671 suae
3560 2612 3868 2682 voluntatis,

2293 2713 2339 2755 et
2360 2699 2455 2753 hoc
2472 2702 2729 2774 judicavit
2754 2703 2807 2756 in
2833 2704 2986 2756 corde
3009 2721 3125 2774 suo,
3164 2721 3366 2762 scrvare
3405 2707 3654 2779 virginem
3698 2724 3866 2773 suam,

2294 2795 2417 2849 bene
2452 2793 2602 2863 facit.
2628 2792 2727 2850 Ille
2758 2793 2946 2850 ﬁrmus
2972 2798 3182 2861 statuit,
3226 2796 3381 2868 cujus
3402 2798 3599 2869 puellae
3638 2813 3871 2855 censen.

2292 2900 2415 2955 sus,
2467 2886 2633 2955 patris
2693 2887 2988 2941 ﬁrmaverit
3040 2889 3392 2951 voluntatem.
3439 2890 3502 2947 Et
3547 2905 3655 2951 non
3706 2891 3858 2947 illum

2292 2979 2570 3049 compellit
2598 2978 2721 3043 filice
2745 2980 3042 3037 necessitas
3070 2980 3282 3051 facere,
3312 2981 3455 3054 quod
3504 2982 3725 3039 nolebat
3745 3025 3762 3052 ,
3797 2985 3875 3039 si-

2292 3080 2378 3127 cut
2408 3071 2556 3125 illum
2581 3070 2646 3127 de
2673 3088 2779 3143 quo
2806 3086 2971 3145 supra
2996 3074 3205 3129 locutus
3228 3083 3332 3133 est.

2363 3165 2554 3240 Igitur,
2606 3175 2653 3220 et
2711 3167 2799 3238 qui
2839 3169 3164 3223 matrimonio
3200 3169 3379 3242 jungit
3416 3169 3664 3239 virginem
3699 3186 3865 3238 suam,

2290 3260 2414 3316 bene
2449 3259 2572 3332 facit
2594 3278 2613 3327 ;
2638 3269 2684 3314 et
2712 3263 2799 3333 qui
2826 3277 2927 3315 non
2968 3262 3141 3337 jungit
3165 3303 3183 3328 ,
3215 3263 3396 3333 melius
3421 3264 3553 3334 facit
3580 3279 3599 3317 :
3636 3263 3713 3319 Ita
3741 3278 3870 3321 con-

2288 3352 2749 3420 cluditvirginum
2777 3367 3025 3419 causam,
3074 3361 3133 3409 ut
3173 3369 3267 3413 cas
3298 3352 3458 3411 faciat
3509 3356 3563 3410 in
3611 3355 3865 3417 omnibus

2287 3445 2565 3501 meliores.
2597 3443 2752 3500 Unde
2776 3444 3130 3515 prudentibus
3154 3459 3376 3521 semper
3409 3446 3633 3515 meliora
3661 3457 3716 3503 et
3745 3461 3865 3517 per-

2288 3538 2509 3597 fectiora
2540 3538 2795 3595 sectanda
2833 3549 2997 3595 sunt:
3036 3539 3171 3610 quia,
3197 3528 3297 3596 nec
3352 3540 3405 3596 in
3460 3542 3854 3612 saecularibus,

2286 3642 2339 3689 et
2369 3630 2584 3688 caducis
2612 3639 2811 3686 norunt
2842 3628 3212 3689 mediocribus
3240 3646 3367 3688 esse
3395 3634 3657 3701 contenti.

2359 3725 2552 3779 Mulier
2577 3724 2793 3794 alligata
2822 3733 2892 3777 est
2917 3723 3034 3795 legi,
3063 3734 3255 3795 quanto
3284 3732 3509 3797 tempore
3538 3726 3614 3780 vir
3648 3726 3763 3796 ejus
3786 3726 3865 3781 vi-

2285 3821 2376 3877 vit.
2410 3820 2505 3874 llic
2538 3818 2725 3889 incipit
2749 3818 2817 3873 de
2842 3817 3069 3897 bigamis
3092 3827 3147 3881 et
3174 3819 3379 3893 viduis.
3716 3872 3717 3877 η

2359 3913 2508 3983 Quod
2538 3912 2583 3967 si
2606 3910 2869 3967 dormierit
2901 3911 2977 3964 vir
3006 3911 3137 3978 eius,
3164 3909 3380 3971 liberata
3406 3920 3484 3969 est
3523 3928 3555 3964 a
3591 3911 3719 3985 lege.
3770 3912 3867 3969 Cui

2285 4016 2459 4071 autem
2490 4006 2619 4074 vult,
2649 4003 2836 4070 nubat,
2862 4012 3059 4059 tantum
3082 4004 3133 4063 in
3168 4003 3409 4079 Domino.
3441 4003 3748 4075 Secundum
3781 4005 3861 4062 le-

2284 4120 2406 4176 gem
2432 4102 2600 4181 libera
2633 4101 2771 4157 facta
2801 4111 2884 4158 est
2921 4116 2951 4156 a
2997 4101 3212 4157 vinculo
3264 4102 3561 4176 conjugali.
3614 4102 3771 4171 Quod
3819 4103 3863 4158 si

2284 4215 2385 4256 nec
2410 4208 2535 4254 tunc
2559 4196 2841 4275 continere
2876 4194 3138 4263 voluerit,
3174 4195 3547 4265 conceduntur
3575 4195 3652 4255 illi
3697 4196 3860 4257 etiam

2283 4291 2538 4351 secundae
2589 4290 2822 4362 nuptiae,
2861 4297 3071 4357 tantum
3128 4298 3189 4357 ut
3237 4288 3533 4359 inﬁdelium
3581 4288 3689 4343 ritu
3744 4301 3858 4344 non

2282 4386 2469 4447 nubat.

2354 4477 2569 4534 Beatior
2589 4487 2760 4534 autem
2780 4476 2909 4541 erit,
2954 4475 3000 4532 si
3043 4476 3117 4537 sic
3170 4474 3524 4547 permanserit,
3570 4474 3857 4543 secundum

2202 4556 2256 4621 D
2281 4590 2449 4629 meum
2473 4571 2764 4629 consilium.
2798 4570 2958 4627 Beata
2989 4567 3196 4633 habens
3228 4566 3483 4639 maritum
3504 4611 3521 4637 ,
3569 4566 3615 4623 si
3668 4577 3850 4623 custo-

2282 4671 2395 4727 diat
2420 4668 2744 4727 castitatem.
2770 4664 2990 4735 Beatior
3022 4664 3172 4723 vidua
3195 4706 3211 4731 ,
3241 4661 3370 4732 quia
3400 4662 3616 4721 minore
3672 4661 3857 4718 labore

2282 4763 2542 4833 majorem
2576 4757 2817 4817 inveniet
2846 4758 3171 4819 castitatem.
3199 4754 3521 4813 Beatissima
3547 4756 3719 4826 virgo,
3740 4770 3855 4824 quae

2281 4857 2399 4919 sine
2421 4855 2606 4911 labore
2626 4853 2693 4910 ad
2717 4868 2990 4909 summum
3032 4852 3310 4922 praemium
3343 4851 3515 4919 possit
3549 4849 3853 4918 pervenire.

2352 4947 2487 5013 Puto
2513 4958 2685 5013 autem
2712 4946 2848 5017 quod
2878 4955 2927 5009 et
2962 4961 3056 5017 ego
3089 4945 3327 5016 spiritum
3369 4941 3467 4999 Dei
3508 4939 3742 4995 habeam.
3776 4938 3859 4997 Ne

2280 5060 2462 5105 meum
2490 5042 2773 5103 consilium
2810 5049 3082 5111 tamquam
3110 5037 3402 5097 humanum
3431 5033 3815 5093 contemnatis.

2862 5138 3084 5199 CAPUT
3129 5136 3265 5195 Vill.

2350 5242 2427 5296 De
2446 5240 2525 5294 his
2545 5250 2871 5309 autem,qua:
2915 5232 3070 5293 idolis
3118 5229 3512 5300 sacriﬁcantur.
3569 5227 3763 5301 Incipit
3790 5231 3853 5287 de

2278 5332 2614 5404 idolothytis,
2641 5331 2709 5388 de
2738 5330 2938 5402 quibus
2959 5326 3121 5387 etiam
3162 5322 3398 5399 discut.
3448 5321 3587 5390 Qm'n
3637 5323 3848 5394 quidam

2278 5431 2331 5485 in
2364 5426 2578 5495 templis
2600 5423 2853 5485 edebant.
2889 5422 3091 5479 idolum
3120 5417 3259 5475 nihil
3302 5431 3429 5475 esse
3477 5416 3756 5483 dicentes,
3788 5425 3853 5473 et

2276 5531 2522 5580 creatura
2553 5520 2645 5575 Dei
2666 5535 2727 5575 se
2760 5518 2963 5576 debere
3008 5520 3087 5575 uti
3117 5538 3131 5573 :
3164 5526 3221 5575 et
3260 5515 3520 5573 errabant
3568 5515 3850 5571 verisimili

2274 5615 2483 5672 ratione
2511 5612 2741 5681 decepti.
2788 5610 2903 5667 Hoc
2942 5611 3335 5684 increpandam
3372 5610 3673 5680 Apostolus
3722 5607 3851 5663 dicit

2274 5708 2340 5767 ad
2370 5721 2486 5772 eos,
2518 5705 2606 5776 qui
2632 5704 2831 5759 habent
2858 5705 3147 5763 scientiam
3165 5702 3517 5773 dijudicantl,
3544 5702 3679 5781 nihil
3702 5716 3847 5769 esse,

606 5792 890 5863 cogitando
920 5793 1215 5862 mundana,
1252 5797 1584 5867 complacet,
1632 5797 1714 5855 vel
1753 5799 1986 5868 marito,
2042 5817 2163 5862 cum
2272 5800 2416 5874 quod
2437 5798 2596 5857 idolis
2626 5796 2956 5857 immolatur.
2981 5796 3096 5855 Hoc
3138 5812 3268 5868 ergo
3294 5796 3410 5853 ait:
