4030 6202
155 239 252 307 761

887 237 1423 298 COMMENTARIUS
1460 236 1527 297 IN
1565 233 1951 297 ειηετοωω
1989 234 2010 292 I
2050 232 2141 295 AD
2176 233 2332 293 00R.
2361 235 2516 293 CAP.
2558 234 2651 293 IX.

3290 235 3399 297 7‘2

224 352 590 425 Scitttusjquiq
627 368 800 413 onum
827 353 1090 413 scientiam
1115 352 1381 411 uolumus.
1414 351 1467 408 Id
1492 360 1593 415 est,
1622 366 1725 411 non
1754 355 1802 417 Α
1904 346 2007 405 Per
2039 364 2187 417 quem
2215 349 2419 415 omnia,
2454 358 2498 404 et
2525 364 2616 404 nos
2662 360 2753 418 per
2795 345 2987 418 ipsum.
3043 346 3147 407 Per
3200 346 3397 405 Filium

154 445 401 501 omnibus
421 456 503 501 est
524 446 731 500 notitia.
764 444 829 499 Et
850 460 949 500 nos
970 461 1158 501 omnes
1181 447 1427 503 novimus
1440 444 1580 503 sicut
1607 459 1720 515 vos,

149 538 246 601 sed
275 548 404 597 sunt
421 537 583 608 aliqui
612 537 706 608 qui
728 538 1001 606 ignorant.

227 629 459 697 scientia
474 620 651 700 inﬂat.
686 630 778 689 Illa
807 629 1055 693 scientia,
1076 644 1198 699 qum
1220 645 1286 686 ex
1310 644 1471 689 sensu
1505 627 1727 698 proprio

153 731 208 779 et
224 721 464 787 humano
488 722 799 789 descendit,
831 739 927 781 eos
969 724 1060 794 qui
1090 735 1288 795 praeter
1324 739 1443 779 eam
1490 724 1725 782 divinam

152 828 258 873 non
288 814 594 883 habuerint,
620 814 801 881 inﬂat,
825 826 881 871 et
902 830 1022 885 quae
1050 815 1376 884 conjecturis
1400 815 1569 883 magis
1600 814 1727 871 uitis

155 916 260 970 tur,
292 919 453 974 quam
493 905 784 976 exemplis.
834 903 1101 962 Caeterum
1132 909 1176 964 si
1213 906 1389 967 divina
1445 907 1612 975 inﬂat,
1672 914 1729 965 ut

152 997 372 1073 quidam
400 1007 615 1070 putant,
647 1014 814 1070 quare
836 999 956 1055 illos
983 998 1212 1069 amplius
1235 998 1348 1061 vult
1376 996 1622 1059 docendo
1649 996 1730 1050 in-

154 1089 324 1151 ﬂare?
347 1090 411 1147 Et
434 1091 489 1149 in
519 1090 786 1162 principio
814 1090 988 1162 ipsius
1023 1090 1310 1163 Epistolas,
1337 1090 1537 1160 gratias
1564 1103 1623 1149 so
1650 1087 1728 1149 di.

148 1184 225 1240 cit
274 1183 388 1241 Deo
427 1200 587 1256 agere
635 1207 649 1243 :
697 1184 839 1254 quod
880 1185 1028 1241 omni
1080 1185 1311 1247 scientia
1366 1185 1473 1249 sint
1513 1182 1723 1252 repleti.

149 1277 315 1333 Suttm
338 1293 553 1347 quoque
582 1278 708 1332 alibi
740 1279 992 1347 proponit
1015 1277 1321 1345 exemplum
1350 1317 1363 1341 ,
1396 1276 1584 1330 dicens
1612 1292 1624 1327 :
1661 1275 1728 1337 Et

148 1371 193 1427 si
216 1368 795 1439 iutperitussermone,
828 1369 923 1433 sed
953 1384 1057 1429 non
1084 1368 1331 1429 scientia.
1379 1368 1536 1437 Saepe
1562 1370 1726 1431 etiam

151 1466 325 1537 θτειιίι
354 1465 681 1536 ίεηοεεισιιεε-
734 1463 1183 1535 Fit-ignorantiam
1222 1461 1460 1527 tenebris
1505 1477 1724 1531 compa:

152 1558 312 1615 ravit.
344 1557 562 1625 Galatas
586 1571 743 1627 reque
767 1556 1013 1615 stultitia:
1054 1564 1239 1619 notat,
1288 1570 1499 1610 necnon
1546 1554 1728 1625 Epher

154 1650 247 1704 siis
272 1648 455 1707 lumen
486 1647 763 1716 sapientia:
792 1647 1107 1718 suppliciter
1133 1646 1479 1718 deprecatur.

1827 442 2005 495 omnia
2031 439 2169 496 facta
2200 448 2327 496 sunt
2354 458 2367 494 :
2395 440 2487 496 sed
2515 449 2568 496 et
2594 454 2693 495 nos
2724 454 2821 510 per
2864 440 3038 509 ipsum
3061 456 3252 498 sumus
3294 442 3401 501 sali-

1823 534 1951 593 vati.
3188 534 3196 543 '

1901 627 2008 683 Sed
2034 643 2135 681 non
2160 626 2213 680 in
2232 626 2465 681 omnibus
2492 634 2565 680 est
2590 625 2823 679 scientia.
2848 623 2963 679 Non
2990 639 3176 679 omnes
3202 625 3399 695 sciunt,

1824 721 1947 792 quis
1973 736 2067 791 per
2095 726 2465 790 contemptum
2494 718 2763 777 idolorum
2790 727 2847 775 et
2874 732 2981 776 non
3024 718 3191 788 magis
3234 733 3401 781 rene—

1826 813 2049 872 rationis
2079 814 2249 882 gratia
2287 810 2652 871 manducetis.

1904 903 2128 970 Quidam
2156 914 2327 959 autem
2352 920 2468 957 cum
2523 902 2834 959 conscientia
2879 919 3038 972 usque
3075 919 3213 958 nunc
3253 903 3399 971 idoli,

1825 996 1978 1067 quasi
2002 996 2355 1067 idolothytum
2378 998 2711 1066 manducaui,
2742 1006 2787 1054 et
2813 998 3123 1061 conscientia
3176 999 3404 1071 ipsorum

1830 1103 1944 1145 cum
1972 1087 2039 1143 sit
2060 1088 2287 1153 inﬁrma,
2318 1089 2588 1159 polluitur.
2614 1089 2840 1155 Quidam
2870 1091 3042 1161 ignari
3066 1092 3147 1151 sic
3173 1092 3395 1160 habent,

1823 1179 1998 1235 adhuc
2021 1180 2074 1239 in
2104 1181 2443 1239 conscientia
2476 1195 2574 1241 sua
2612 1182 2883 1262 quomodo
2936 1194 3223 1256 antequam
3279 1199 3399 1245 creo

1823 1272 2040 1340 derent,
2070 1272 2490 1343 manducahant.

1901 1364 2037 1418 Esca
2070 1375 2243 1419 autem
2272 1380 2366 1419 nos
2396 1378 2501 1417 non
2541 1364 2861 1429 commendat
2907 1364 3037 1427 Deo.
3083 1365 3237 1423 Sicut
3279 1366 3409 1425 dicit

1827 1462 2065 1531 Aggteus
2088 1462 2396 1532 propheta:
2438 1461 2507 1521 Et
2553 1462 2598 1517 si
2650 1461 3015 1519 manducastis
3067 1472 3122 1523 et
3170 1462 3405 1530 bibistis,

1828 1566 2011 1609 nonne
2036 1551 2189 1612 vobis
2213 1551 2581 1611 manducastis
2603 1558 2661 1608 et
2686 1549 2897 1609 bibistis
2924 1551 2948 1603 ἲ

1903 1644 2084 1715 Neque
2101 1646 2238 1715 enim
2268 1645 2313 1703 si
2342 1644 2844 1709 manducauerimus,
2867 1642 3241 1711 abundabimus
3265 1660 3284 1701 :
3306 1661 3370 1700 ne
3388 1671 3402 1682 η

224 1740 466 1803 Charitas
488 1756 603 1811 vero
624 1739 871 1817 tediﬁcat.
905 1738 1038 1809 Quia
1068 1751 1174 1797 non
1200 1737 1393 1809 quaerit
1414 1777 1427 1802 ,
1459 1752 1580 1808 quae
1630 1751 1725 1801 sua
1755 1735 1801 1805 Β
1828 1752 1926 1805 qua
1965 1738 2010 1791 si
2056 1752 2161 1793 non
2208 1736 2709 1803 manducauerimus,
2761 1736 3076 1804 deﬁcienius.
3134 1736 3232 1799 Cui
3260 1738 3407 1797 enim

158 1841 305 1895 sunt,
339 1831 433 1886 sed
464 1846 586 1909 qua:
609 1830 879 1895 aediﬁcent
911 1830 1126 1899 fratres.

223 1924 286 2011 βε
313 1924 427 1995 quis
454 1935 627 1989 autem
655 1939 706 1976 se
734 1922 995 1979 existimat
1029 1923 1160 1977 scire
1204 1922 1406 1992 aliquid
1428 1962 1443 1986 ,
1500 1920 1730 1991 nondum

153 2016 393 2089 cognovit
429 2014 871 2085 quemadmodum
915 2022 1145 2084 oporteat
1192 2030 1303 2071 eum
1330 2013 1482 2070 scire.
1527 2013 1583 2069 Si
1610 2015 1729 2085 quis

151 2108 254 2164 sibi
285 2106 499 2183 videtur
525 2107 764 2181 sapiens,
797 2107 997 2175 stultus
1023 2117 1145 2179 est;
1181 2106 1273 2177 qui
1304 2107 1445 2171 enim
1492 2122 1618 2163 vere
1644 2123 1731 2171 sa—

159 2203 312 2269 piens
357 2208 476 2265 est,
528 2199 961 2269 ittsipientiorem
1004 2213 1063 2252 se
1110 2199 1361 2253 omnibus
1416 2198 1726 2265 arbitratur.

160 2292 306 2348 Unde
331 2293 587 2361 Salomon
618 2292 726 2357 ait;
750 2292 866 2349 Vidi
891 2294 1065 2353 virum
1084 2334 1099 2361 ,
1125 2294 1213 2364 qui
1237 2294 1340 2350 sibi
1373 2294 1586 2363 sapiens
1610 2290 1753 2349 esse

157 2387 458 2455 videbatur,
482 2398 535 2447 et
551 2402 701 2456 spem
731 2386 918 2451 habuit
947 2388 1208 2458 insipiens
1232 2387 1402 2458 magis
1423 2404 1581 2456 quam
1613 2390 1724 2445 ille.

222 2481 285 2536 Si
314 2483 430 2553 quis
458 2491 626 2536 autem
658 2481 833 2552 diligit
862 2480 1049 2545 Deum,
1084 2482 1169 2535 hic
1199 2483 1432 2552 cognitus
1453 2492 1529 2538 est
1558 2482 1620 2536 ab
1647 2500 1726 2543 eo.

172 2573 266 2627 Ille
289 2575 669 2645 diligitDeum,
701 2574 792 2645 qui
822 2574 1047 2633 aedificat
1078 2574 1290 2644 fratres,
1342 2578 1482 2635 sicut
1535 2576 1729 2639 dicitur

173 2664 338 2720 Petro
370 2682 382 2717 :
410 2663 467 2733 Si
494 2679 641 2719 antas
668 2680 776 2735 me,
803 2680 959 2735 pasce
983 2680 1109 2720 oves
1129 2681 1294 2729 meas.

228 2755 306 2809 De
337 2757 462 2811 escis
493 2766 688 2822 autem,
721 2774 833 2827 qua:
866 2758 1021 2812 idolis
1065 2759 1397 2814 immolantur
1420 2798 1436 2827 ,
1493 2761 1686 2821 scimus
1709 2805 1725 2831 ,

154 2849 278 2919 quia
304 2848 439 2915 nihil
462 2859 537 2909 est
579 2850 773 2919 idolum
809 2851 862 2905 in
902 2852 1097 2913 mundo
1123 2895 1137 2920 ,
1178 2863 1227 2907 et
1254 2855 1392 2923 quod
1429 2853 1606 2913 nullus
1657 2864 1730 2907 est

160 2942 317 3009 Deus,
345 2942 448 2997 nisi
474 2959 627 2997 unus.
653 2942 868 3015 Repetit
886 2986 899 3007 ,
926 2944 1068 3016 quod
1120 2948 1369 3015 superius
1410 2946 1619 3005 dixerat
1670 2964 1729 3011 se

159 3035 318 3104 scire,
351 3044 407 3090 et
435 3035 561 3106 quid
592 3035 681 3103 sit,
706 3036 1010 3097 evidentius
1046 3039 1299 3096 ostendit.

1828 1828 2050 1885 dubium
2074 1837 2182 1893 est,
2213 1828 2417 1883 nullum
2460 1843 2635 1896 neque
2680 1827 3057 1887 manducando
3103 1829 3402 1895 abundare,

1828 1936 2005 1991 neque
2035 1936 2144 1981 non
2170 1919 2545 1979 manducando
2568 1921 2762 1990 egere?
2786 1936 2906 1975 cum
2952 1924 3258 1981 econtrario
3286 1925 3396 1982 illis

1832 2014 2004 2080 magis
2045 2011 2382 2075 formidanda
2424 2012 2605 2083 inopia
2646 2012 2752 2079 sit,
2802 2013 2893 2083 qui
2934 2013 3112 2082 gulam
3166 2015 3404 2081 retinere

1826 2121 1941 2171 non
1983 2115 2206 2167 norunt.
2236 2104 2341 2169 Sed
2373 2106 2499 2175 quia
2526 2104 2881 2176 magnitudini
2911 2104 3035 2171 fidei
3083 2121 3195 2165 sure
3221 2148 3236 2176 ,
3289 2124 3409 2181 qua:

1833 2197 1989 2252 idolis
2012 2197 2282 2253 immolata
2312 2207 2435 2253 sunt
2460 2199 2628 2261 vesci,
2662 2196 3008 2263 ascribebant
3050 2214 3063 2255 ε
3104 2198 3225 2257 ideo
3273 2202 3413 2270 Apo-

1828 2290 2000 2357 stolus
2030 2305 2205 2357 neque
2226 2290 2282 2347 in
2307 2290 2414 2347 illis
2437 2289 2659 2355 edendis
2681 2288 2803 2349 ﬁdei
2833 2289 3216 2359 abundantiam
3232 2332 3248 2361 ,
3302 2308 3412 2349 ne-

1830 2398 1934 2452 quc
1966 2382 2017 2437 in
2053 2399 2161 2435 non
2187 2382 2412 2438 edendis
2443 2381 2681 2453 inopiam
2698 2398 2821 2453 esse
2852 2392 3098 2451 testatur.

1912 2474 2089 2533 Videte
2111 2484 2279 2530 autem
2303 2491 2365 2529 ne
2391 2475 2526 2545 forte
2567 2475 2675 2531 [nec
2708 2474 2916 2530 licentia
2960 2486 3142 2535 vestra.
3192 2475 3401 2545 Videte,

1830 2583 1899 2623 ne
1930 2567 2074 2638 quod
2105 2568 2259 2624 vobis
2288 2569 2547 2625 sufficere
2578 2570 2759 2627 minus
2790 2569 3013 2627 creditis
3036 2614 3050 2636 ,
3095 2571 3216 2628 aliis
3244 2572 3406 2629 obsit.

1830 2661 2016 2721 Potest
2044 2671 2099 2718 et
2122 2660 2225 2719 illis
2252 2661 2358 2725 dici
2387 2662 2480 2733 qui
2507 2663 2795 2719 destruunt
2820 2664 3094 2736 exemplo,
3117 2665 3261 2735 quod
3284 2665 3415 2731 tedi-

1834 2755 1996 2811 licant
2025 2754 2214 2811 verbo.

1907 2845 2289 2914 Olfendiculum
2319 2849 2411 2918 ﬁat
2436 2848 2675 2918 inﬁrmis.
2700 2847 2779 2906 Ne
2806 2863 2901 2920 per
2922 2858 3021 2905 vos
3057 2846 3333 2917 edendam
3358 2858 3415 2907 et

1832 2939 2045 2994 cadant.

1905 3034 1967 3089 Si
1992 3036 2128 3091 enim
2154 3036 2269 3106 quis
2299 3034 2488 3101 viderit
2512 3052 2629 3101 eum
2658 3036 2749 3108 qui
2806 3034 2958 3093 habet
3007 3036 3274 3105 scientiam
3295 3081 3311 3109 ,
3362 3039 3414 3091 in

231 3125 369 3180 Nam
394 3128 491 3181 etsi
518 3138 655 3193 sunt,
685 3130 772 3197 qui
803 3128 1045 3183 dicantur
1069 3131 1165 3198 dii,
1194 3132 1299 3184 sive
1334 3132 1389 3185 in
1430 3134 1588 3199 εωιο,
1631 3134 1734 3203 sine
1836 3128 1995 3181 idolio
2026 3127 2417 3197 recumbentem,
2446 3146 2617 3186 nonne
2638 3131 2953 3187 conscientia
2988 3133 3101 3203 ejus
3128 3171 3144 3199 ,
3186 3148 3301 3191 cum
3342 3134 3411 3187 sit

162 3220 215 3273 in
240 3228 378 3275 terra
403 3236 422 3276 :
446 3222 699 3291 siquidem
728 3229 849 3279 sunt
871 3221 946 3293 dii
967 3223 1117 3283 multi
1154 3232 1200 3279 et
1230 3224 1427 3279 domini
1474 3227 1639 3282 multi.
1674 3228 1729 3283 In

158 3312 293 3369 cmlo
314 3315 513 3385 angeli,
545 3325 599 3369 et
628 3314 799 3375 sancti
830 3314 885 3373 in
917 3327 1081 3382 terra,
1113 3316 1181 3379 de
1236 3317 1437 3387 quibus
1484 3320 1685 3385 dicitur
1713 3340 1727 3376 :

162 3406 270 3476 Ego
299 3406 434 3473 dixi,
465 3409 536 3473 dii
559 3408 692 3469 estis
726 3426 739 3461 :
781 3419 836 3467 et
864 3410 1067 3471 domini
1121 3422 1247 3466 suttt
1291 3414 1467 3475 sancti
1499 3430 1686 3471 eorum
1712 3458 1726 3482 ,

160 3515 294 3568 quos
316 3500 661 3571 judicabant,
691 3505 758 3560 de
789 3504 982 3573 quibus
1008 3504 1209 3573 dicitur
1242 3523 1254 3559 :
1281 3506 1606 3581 indicabunt
1633 3524 1730 3569 na-

163 3592 363 3665 tiones,
394 3606 453 3667 et
474 3596 893 3669 dominabuntur
921 3600 1152 3669 populis.

233 3682 396 3743 Nobis
424 3702 597 3744 tamen
645 3708 779 3747 unus
806 3691 947 3746 Deus
982 3692 1162 3747 Pater.
1216 3692 1384 3764 Cujus
1422 3696 1617 3753 virtute
1664 3714 1728 3754 ex

164 3780 331 3845 nihilo
357 3787 541 3847 omnia
560 3794 687 3859 sunt
712 3796 913 3853 creata.
944 3785 1079 3851 [tam
1102 3786 1245 3851 hunc
1273 3788 1449 3851 Μίνω
1495 3789 1730 3851 hteretici

164 3875 234 3943 ita
255 3880 548 3951 accipiunt,
580 3896 863 3951 personam
890 3881 1068 3943 Patris
1114 3882 1348 3953 Filiique
1391 3894 1731 3953 separantes,

162 3980 215 4025 ut
241 3969 428 4037 dicant
460 3989 623 4039 unum
654 3973 823 4039 Deum
854 3973 1164 4039 etPatrem,
1191 3990 1259 4031 ex
1286 3990 1394 4045 quo
1423 3978 1603 4033 omnia
1634 3994 1647 4031 :
1679 3987 1734 4033 et

160 4062 344 4131 dicunt
372 4064 630 4131 Domino,
654 4064 710 4123 id
734 4072 841 4132 est,
874 4063 1114 4131 Christo,
1159 4079 1280 4123 csso
1326 4066 1605 4139 majorem,
1639 4083 1735 4137 per

163 4170 317 4227 quem
342 4154 548 4223 omnia,
581 4156 709 4215 llaec
738 4167 921 4223 autem
955 4164 1012 4217 et
1043 4156 1183 4221 Filio
1232 4155 1373 4219 sicut
1420 4158 1569 4219 Patri
1617 4174 1738 4216 esse

163 4247 493 4321 communia,
525 4247 668 4307 idem
690 4246 984 4319 Apostolus
1027 4249 1095 4305 ad
1122 4248 1391 4311 Romanos
1418 4251 1592 4320 docet,
1648 4252 1732 4309 di-

168 4351 291 4392 cens
328 4356 339 4392 :
371 4339 504 4405 Quis
530 4340 672 4395 enim
696 4341 946 4411 cognovit
978 4356 1197 4403 sensum
1224 4340 1485 4402 Domini?
1541 4342 1595 4399 id
1624 4354 1732 4415 est,

167 4427 380 4499 Christi,
408 4445 520 4491 non
551 4430 649 4486 Dei
676 4431 855 4495 Patris
887 4449 897 4483 :
923 4432 1062 4491 sicut
1085 4431 1177 4489 ille
1203 4432 1354 4497 dicit,
1386 4442 1440 4493 et
1462 4432 1626 4499 infant
1654 4435 1735 4489 di-

1834 3220 2057 3297 inﬁrma,
2090 3220 2436 3289 wdiﬁcabitur
2455 3222 2523 3275 ad
2552 3223 2975 3277 manducandum
2999 3223 3285 3295 idolothyta
3300 3226 3325 3278 ?
3344 3222 3417 3277 Et

1830 3308 2015 3382 peribit
2061 3311 2296 3381 inﬁrmus
2326 3312 2380 3366 in
2409 3321 2500 3367 tua
2541 3313 2752 3367 scientia
2801 3314 2984 3383 frater,
3015 3321 3223 3387 propter
3264 3331 3414 3387 quem

1832 3398 2066 3457 Christus
2091 3413 2320 3457 mortuus
2348 3413 2421 3458 est
2454 3419 2472 3455 :
2506 3401 2596 3458 Sic
2622 3414 2793 3457 autem
2819 3414 3084 3474 peccantes
3118 3404 3170 3458 in
3193 3407 3406 3479 fratres,

1829 3503 1879 3547 et
1947 3496 2280 3565 pcrcutientes
2343 3493 2717 3565 conscientiam,
2762 3512 2936 3550 eorum
2999 3495 3289 3566 inﬁrmam,
3360 3500 3415 3555 in

1833 3584 2035 3645 Christo
2063 3586 2306 3657 peccatis.
2366 3583 2702 3655 Quicumque
2746 3586 3190 3644 scandalizaverit
3245 3607 3409 3646 unum

1833 3674 1900 3732 de
1926 3675 2135 3743 pusillis
2162 3675 2301 3747 iStis,
2334 3675 2553 3746 expedit
2582 3676 2630 3733 ei
2662 3687 2720 3733 ut
2748 3679 2889 3735 mola
2918 3680 3153 3737 asinaria
3180 3695 3407 3754 suspen-

1834 3768 1991 3823 datur
2019 3768 2161 3823 collo
2184 3767 2339 3837 ejus,
2380 3778 2434 3823 et
2483 3770 2725 3825 mittatur
2761 3772 2813 3825 in
2861 3772 3186 3844 profundum
3226 3776 3416 3833 maris.

1833 3861 2045 3929 Quanto
2073 3859 2286 3932 gravior
2316 3874 2470 3932 pinna
2494 3861 2618 3918 illos
2653 3872 2956 3935 exspectat,
2985 3875 3042 3921 ut
3077 3868 3144 3921 ad
3197 3883 3415 3940 compa-

1833 3953 2096 4008 rationem
2128 3949 2293 4018 illius,
2340 3952 2446 4008 hoc
2466 3955 2610 4025 quod
2636 3956 3012 4037 gravissimum
3045 3967 3150 4027 est,
3176 3959 3291 4015 leve
3319 3942 3413 4031 pu-

1836 4055 1977 4102 tetur
2008 4048 2021 4099 !
2054 4046 2121 4101 Et
2140 4046 2456 4113 notandum,
2481 4046 2623 4118 quod
2666 4052 2717 4103 in
2746 4048 2962 4107 Christo
3013 4068 3241 4123 peccare
3268 4054 3418 4111 dixe-

1837 4138 1927 4201 rit,
1960 4138 2047 4207 qui
2077 4138 2128 4191 in
2161 4139 2406 4194 membro
2429 4142 2734 4208 peccaverit
2759 4142 2986 4198 Christi.

1914 4226 2237 4301 Quapmpier
2264 4231 2307 4284 si
2337 4246 2452 4285 esca
2471 4234 2795 4288 scandalizat
2818 4235 3033 4305 fratrem
3061 4254 3251 4307 meum,
3310 4254 3413 4295 non

1834 4322 2158 4378 manducabo
2203 4340 2405 4378 carnem
2445 4326 2499 4379 in
2542 4335 2785 4381 retentum
2812 4372 2826 4396 ,
2884 4346 2948 4383 ne
2991 4331 3202 4397 fratrem
3248 4346 3416 4387 meum

1836 4416 2194 4471 scandalizent.
2238 4416 2351 4472 Non
2380 4418 2556 4473 solum
2587 4434 2734 4487 esca,
2763 4420 2857 4478 sed
2883 4423 3085 4491 omnia,
3112 4437 3230 4495 quae
3254 4430 3414 4482 scan-

169 4534 289 4578 cens
320 4524 493 4593 :Quia
525 4540 589 4581 ex
621 4525 763 4596 ipso,
793 4536 852 4581 et
892 4541 986 4596 per
1004 4526 1305 4596 ,ipsum,.et
1356 4526 1411 4587 in
1452 4528 1570 4599 ipso
1611 4538 1731 4587 sunt

1836 4507 2071 4566 daliuare
2094 4519 2349 4581 poterunt
2378 4511 2621 4567 fratrem.

171 4615 360 4679 omnia.
388 4618 549 4687 Item,
591 4635 690 4691 per
728 4634 922 4692 quem,
971 4622 1133 4685 etiam
1183 4621 1294 4677 Deo
1328 4622 1474 4683 Patri
1516 4625 1735 4686 ascribit

176 4710 308 4779 idem
332 4714 630 4786 Apostolus
659 4716 713 4781 in
745 4715 1063 4779 haceadem
1095 4719 1355 4793 Epistula,
1390 4722 1573 4783 dicens
1600 4745 1613 4777 :
1646 4724 1735 4780 Fi-

174 4802 304 4871 delis
328 4806 493 4879 Deus,
522 4822 624 4879 per
648 4825 812 4879 quem
843 4811 1019 4873 vocati
1047 4809 1178 4869 estis
1217 4812 1269 4868 in
1296 4816 1733 4885 communionem

175 4895 280 4953 Fili
299 4902 419 4971 ejus
446 4905 574 4961 .lesu
606 4904 804 4962 Christi
836 4903 1055 4967 Domini
1088 4906 1283 4963 nostri.

242 4990 325 5048 Ea:
344 5012 441 5065 quo
470 5000 667 5065 omnia.
692 5008 740 5061 et
757 5013 850 5057 nos
874 4999 934 5061 in
971 4998 1098 5067 illo,
1127 5008 1333 5056 stamus
1361 4998 1617 5056 Dominus
1644 4999 1734 5059 Je-

178 5099 263 5147 sus
302 5084 548 5144 Christus.
594 5091 932 5157 Calumniant
983 5108 1052 5149 ex
1091 5093 1192 5147 hoc
1231 5093 1349 5150 loco
1400 5104 1741 5159 commovent

181 5174 386 5255 Ariani,
415 5181 553 5250 quod
582 5199 699 5251 cum
729 5200 865 5247 unus
898 5193 1108 5249 tantum
1138 5185 1280 5241 Deus
1310 5185 1507 5243 dicitur
1556 5186 1735 5261 Pater,

181 5264 351 5322 Filius
367 5284 393 5321 a
412 5270 603 5345 deitate
626 5276 899 5344 sejunctus
925 5277 1014 5332 sit.
1037 5275 1243 5346 Quibus
1264 5277 1700 5348 respondendum
1722 5297 1734 5333 :

185 5362 229 5415 si
253 5360 369 5417 ideo
400 5377 499 5418 non
529 5376 610 5421 est
634 5369 794 5426 Filius
829 5371 996 5441 Deus,
1027 5370 1150 5441 quia
1182 5386 1320 5429 unus
1360 5381 1443 5427 est
1470 5371 1611 5429 Deus
1641 5373 1740 5428 Pa-

190 5461 273 5506 ter
304 5469 319 5507 :
351 5469 477 5525 ergo
498 5467 549 5514 et
572 5458 722 5515 l’ater
753 5478 855 5517 non
885 5465 991 5517 erit
1023 5462 1299 5529 Dominus,
1329 5465 1453 5537 quia
1484 5481 1620 5521 unus
1658 5475 1741 5522 est

188 5540 447 5599 Dominus
472 5546 733 5605 Christus.
762 5553 816 5607 Si
846 5563 1025 5609 autem
1060 5554 1220 5625 Pater
1278 5569 1382 5612 non
1441 5557 1741 5617 excluditur

196 5652 224 5691 a
257 5637 659 5705 dominatione:
698 5646 993 5704 necFilius
1035 5664 1065 5705 a
1116 5648 1315 5715 deitate
1343 5667 1356 5705 :
1389 5651 1485 5709 sed
1530 5662 1739 5727 utrum-

195 5744 299 5802 que
330 5730 540 5805 utrique
568 5748 844 5796 commune
873 5746 977 5796 est.

2433 4650 2663 4749 metu:
2706 4676 2797 4750 rx.

1912 4812 2033 4869 Non
2078 4829 2192 4868 sum
2247 4811 2392 4879 liber,
2435 4828 2539 4866 non
2590 4826 2705 4867 sum
2747 4815 3035 4883 apostolus.
3078 4816 3233 4874 Sicut
3284 4821 3417 4880 alii?

1838 4908 2105 4978 Numquid
2149 4921 2255 4962 non
2305 4920 2449 4969 sum,
2511 4920 2666 4971 suam
2721 4905 2831 4962 illis
2884 4908 3115 4979 replicat
3162 4912 3411 4987 formam,

1838 5004 1981 5074 quod
2002 5000 2163 5059 etiam
2196 4999 2340 5055 licita
2370 5000 2786 5069 contempserit,
2817 5016 2888 5058 ne
2909 5001 3002 5058 alii
3030 5003 3146 5075 ejus
3180 5007 3417 5069 inﬁrma-

1839 5104 2033 5150 rentnr
2057 5092 2326 5161 exemplo.

1914 5186 2102 5241 Nonne
2138 5183 2401 5245 Christum
2448 5182 2629 5241 Iesum
2672 5183 3233 5249 Dominum'nostrum
3276 5197 3417 5255 υίάξε)

1843 5279 2033 5335 Nonne
2058 5293 2184 5350 opus
2205 5292 2372 5330 meum
2394 5291 2480 5331 vos
2502 5278 2625 5331 estis
2648 5278 2707 5331 in
2728 5276 2988 5337 Domino?
3010 5281 3143 5339 Etsi
3171 5289 3289 5342 aliis
3315 5304 3419 5345 non
3462 5310 3465 5315 ·

1840 5388 1954 5428 sum
1973 5364 2262 5442 apostdlus,
2284 5367 2373 5423 θεά
2395 5368 2725 5437 instauratis
2744 5386 2878 5437 sum.
2899 5372 2987 5435 Ad
3003 5390 3141 5445 quos
3163 5393 3274 5439 non
3296 5396 3418 5437 sum

1846 5466 2140 5523 directusa
2171 5461 2440 5529 Domino:
2471 5462 2524 5521 id
2551 5473 2657 5533 est,
2690 5465 2759 5527 ad
2790 5465 3024 5533 Judteos.

1919 5558 2061 5619 Nam
2093 5556 2415 5628 signaculum
2452 5554 2783 5627 apostolatus
2818 5563 2921 5623 mei
2944 5576 3037 5621 vos
3070 5564 3190 5617 estis
3220 5563 3275 5619 in
3308 5564 3419 5627 Do-

1844 5654 2005 5721 mino.
2047 5649 2301 5706 Indicium
2342 5649 2679 5722 apostolatus
2718 5653 2824 5719 mei
2871 5664 2978 5724 est,
3008 5654 3149 5727 quod
3186 5672 3284 5728 per
3323 5677 3412 5723 me

1844 5746 2076 5804 Domino
2116 5742 2443 5817 credidistis,
2486 5743 2655 5817 signis
2685 5754 2740 5819 et
2777 5732 3076 5815 virtutibus
3115 5756 3422 5823 provocati.
