4030 6202
604 256 714 319 783

1632 250 1693 309 S.
1729 248 2115 309 HIERONYMI
2150 246 2432 311 OPERUM
2467 242 2831 307 MANTISSA.

3766 246 3873 311 7η

684 375 809 433 Mea
854 371 1080 447 defensio
1122 366 1260 441 apud
1306 378 1411 420 eos.
1462 361 1591 420 Inde
1630 365 1903 435 apostolus
1932 379 2054 422 esse
2093 364 2186 423 de—
2210 371 2264 428 Α
2289 374 2397 422 stra
2425 364 2480 419 in
2508 361 2687 434 aliquo
2717 358 3164 431 reprehensibilis
3201 363 3472 437 videatur,
3505 365 3750 425 avaritiae
3777 385 3869 427 su-

610 472 893 630 ὣηὲἓέ
919 560 1255 628 interrogant,
1290 553 1397 608 haec
1427 560 1522 607 est.
1555 550 1610 607 In
1641 549 1833 608 Graeco
1868 550 2055 617 habet,
2096 551 2182 620 iu-

614 659 812 713 dicant.

685 745 949 819 Numquid
993 759 1097 798 non
1138 741 1381 796 habemus
1410 745 1724 811 potestatem
1760 736 2109 792 manducandi
2137 744 2186 790 et

615 840 858 896 bibendi?
890 837 1163 893 Habemus
1194 842 1518 905 potestatem
1550 843 1867 886 concessam
1898 844 1927 884 a
1958 828 2186 883 Domino

614 936 684 992 de
710 940 925 1002 sumptu
954 938 1137 985 vestro
1164 925 1401 993 vivendi,
1435 925 1555 980 sine
1585 933 1771 978 nostro
1798 922 2005 978 labore.

690 1024 960 1095 Numquid
986 1038 1089 1077 non
1114 1020 1359 1074 habemus
1388 1024 1692 1090 potestatem
1726 1031 1953 1071 sororem
1979 1012 2189 1067 mulier-

619 1119 792 1176 culam
821 1113 1278 1173 circumducendi?
1317 1112 1434 1168 Non
1464 1111 1618 1176 dixit,
1648 1109 1901 1165 mulieres
1934 1105 2187 1173 ducendi,

615 1230 686 1271 ne
714 1213 781 1269 de
826 1210 1086 1267 uxoribus
1135 1207 1317 1263 dicere
1362 1214 1646 1276 putaretur
1672 1220 1690 1257 :
1740 1200 1835 1258 sed
1886 1200 2189 1257 circumdu-

615 1309 793 1375 cendi,
850 1306 1041 1377 inquit,
1076 1319 1171 1374 per
1222 1299 1553 1371 provincias,
1606 1311 1729 1369 quae
1780 1293 2087 1352 necessaria
2122 1292 2189 1349 de

615 1403 727 1459 suis
752 1398 1106 1461 facultatibus
1142 1394 1532 1452 ministrarent.

703 1496 851 1552 Sicut
894 1504 941 1547 et
978 1493 1146 1547 caeteri
1170 1488 1412 1555 apostoli,
1441 1496 1490 1540 et
1524 1486 1709 1556 fratres
1734 1483 1975 1553 fDomini,
2014 1489 2059 1536 et
2095 1478 2190 1535 Ce-

619 1588 787 1662 phas?
823 1586 926 1640 Aut
965 1584 1107 1638 salus
1135 1598 1227 1653 ego
1257 1592 1304 1635 et
1335 1578 1603 1634 Barnabas
1636 1592 1742 1631 non
1770 1573 2016 1629 habemus
2047 1580 2190 1643 pote-

618 1690 803 1735 statem
831 1677 927 1732 hoc
952 1676 1237 1746 operandi?
1257 1672 1371 1729 Non
1396 1672 1515 1727 illos
1541 1669 1884 1736 condemnat,
1907 1666 2002 1721 sed
2031 1680 2186 1721 suum

2285 456 2524 527 spicione
2552 455 2839 513 maculata.

2356 547 2601 615 Nescitis,
2624 548 2869 621 quoniam
2893 551 2981 620 qui
3010 551 3067 605 in
3090 553 3319 607 sacrario
3345 564 3645 627 operantur,
3668 572 3783 624 qui:
3808 558 3867 611 de

2283 642 2510 696 sacrario
2537 650 2676 709 sunt,
2701 642 2893 698 edunt?
2918 642 2986 697 Et
3012 644 3102 715 qui
3130 645 3289 699 altari
3312 647 3625 714 deserviunt,
3653 664 3770 703 cum
3790 650 3867 704 al-

2285 736 2419 791 tario
2440 736 2796 808 participant?
2827 738 2977 808 Apud
3006 737 3225 795 Judaaos
3248 742 3547 798 secundum
3578 757 3865 800 consuetu-

2285 829 2463 885 dinem
2507 830 2712 887 veteris
2759 831 3116 903 Testamenti,
3166 834 3331 891 etiam
3380 835 3485 894 hoc
3536 839 3863 910 exemplum,

2285 922 2476 979 eadem
2505 921 2827 993 repetendo,
2850 922 3152 980 conﬁrmat.

2358 1018 2446 1072 lta
2471 1026 2520 1073 et
2544 1017 2798 1072 Dominus
2821 1018 3075 1073 ordinavit
3099 1019 3178 1074 his
3199 1020 3285 1092 qui
3308 1020 3647 1095 Evangelium
3667 1041 3867 1080 annun-

2287 1109 2438 1174 tiant,
2468 1110 2531 1162 de
2570 1108 2852 1180 Evangelia
2894 1112 3082 1167 viuere.
3120 1109 3235 1185 Ego
3275 1124 3446 1169 autem
3486 1116 3631 1172 nullo
3678 1116 3862 1173 horum

2288 1220 2411 1259 usus
2456 1220 2591 1258 sum.
2650 1204 2883 1261 Dieens:
2915 1204 3119 1275 Dignus
3166 1216 3251 1263 est
3297 1209 3581 1279 operarius
3613 1211 3864 1268 mercede

2362 1389 2488 1445 Non
2508 1400 2680 1445 autem
2703 1392 2888 1465 scripsi
2912 1391 3043 1460 haec,
3075 1401 3131 1448 ut
3151 1394 3225 1449 ita
3248 1395 3379 1466 fiant
3402 1396 3456 1453 in
3480 1413 3579 1453 me.
3604 1382 3723 1453 Non
3750 1398 3867 1454 base

2288 1485 2491 1543 idcirco
2536 1486 2747 1557 scribo,
2785 1496 2843 1543 ut
2882 1489 2967 1544 vel
3000 1488 3163 1544 modo
3199 1488 3290 1545 ﬁat
3324 1491 3463 1562 quod
3495 1501 3619 1549 ante
3659 1494 3869 1549 factum

2291 1596 2399 1637 non
2445 1582 2556 1637 sit:
2606 1581 2702 1636 sed
2752 1581 2904 1637 vobis
2946 1584 3193 1652 exempla
3232 1584 3445 1654 praebeo
3484 1592 3590 1639 tam
3630 1585 3865 1655 praprii,

2290 1690 2451 1745 quam
2489 1675 2652 1730 alieni
2696 1674 3024 1732 discriminis
3057 1694 3070 1729 :
3110 1674 3295 1732 saltem
3346 1676 3414 1732 ab
3461 1675 3661 1733 illicitis
3695 1676 3871 1733 absiti-

619 1773 712 1829 dat
737 1770 1067 1840 exemplum.
1111 1766 1194 1822 llli
1232 1766 1377 1820 enim
1412 1761 1747 1819 ﬁdelioribus
1775 1756 2143 1831 praedicabant
2174 1772 2189 1810 :
2219 1759 2267 1822 B
2295 1782 2446 1835 ηενρ,
2477 1781 2597 1822 cum
2633 1766 2860 1823 videaris
2895 1782 2983 1847 me
3037 1767 3261 1825 aliorum
3301 1784 3463 1826 causa
3503 1769 3723 1838 saluus,
3773 1769 3869 1827 de.

615 1876 675 1923 et
703 1864 843 1936 apud
866 1863 1085 1919 Iudaeos
1110 1860 1329 1929 antiqua
1351 1857 1468 1911 haec
1489 1862 1607 1910 erat
1625 1851 1985 1919 consuetudo,
2017 1859 2076 1906 ut
2100 1865 2193 1906 ne-

621 1957 861 2014 cessaria
887 1952 1199 2009 doctoribus
1244 1964 1273 2004 a
1310 1946 1590 2017 discipulis
1613 1945 1984 2015 praeberentur
2008 1959 2020 1995 :
2049 1941 2193 2013 quod

620 2060 810 2122 gentes
834 2046 1011 2102 adhuc
1039 2043 1202 2099 rudes
1232 2051 1446 2112 poterat
1478 2037 1869 2094 scandalizare.

691 2144 820 2211 Quis
842 2140 1050 2196 militat.
1078 2138 1213 2194 Aliis
1242 2137 1404 2193 etiam
1427 2134 1698 2205 exemplis
1728 2132 1943 2204 probat,
1971 2130 2073 2188 sibi
2102 2128 2197 2186 de-

618 2235 788 2292 bitum
815 2234 919 2289 hoc
945 2231 1139 2288 luisse.
1512 2272 1515 2275 λ

688 2330 811 2387 Suis
837 2327 1105 2399 stipendiis
1134 2325 1418 2395 umquam?
1445 2321 1594 2389 Suis,
1623 2330 1678 2377 et
1706 2334 1815 2376 non
1847 2316 2195 2390 publicis,vel

622 2438 812 2481 eorum
844 2437 943 2492 pro
969 2420 1165 2493 quibus
1190 2418 1405 2474 militat.

694 2517 797 2583 Qui
850 2516 1056 2585 plantat
1096 2513 1317 2579 vineam,
1352 2520 1400 2565 et
1441 2510 1506 2564 de
1550 2512 1721 2581 fructu
1768 2510 1879 2580 ejus
1918 2522 2023 2560 non
2058 2503 2199 2558 edit?

627 2611 760 2677 Quis
794 2608 959 2681 pascit
989 2622 1214 2679 gregem,
1244 2613 1293 2656 et
1317 2602 1381 2656 de
1412 2603 1540 2656 lacte
1564 2601 1729 2673 gregis
1754 2615 1856 2652 non
1886 2596 2200 2651 manducat?

625 2703 733 2759 Per
760 2701 1221 2770 comparationem
1255 2696 1431 2751 vineae
1462 2702 1518 2749 et
1554 2692 1756 2763 gregis,
1790 2690 2047 2761 populum
2088 2688 2201 2743 vult

620 2791 865 2861 intelligi,
895 2792 1035 2847 sicut
1074 2789 1193 2845 ibi:
1232 2786 1456 2841 Vineam
1487 2785 1557 2840 de
1580 2783 1814 2855 Egypto
1848 2781 2195 2837 transtulisti.

628 2883 699 2939 Et
768 2885 1003 2940 iterum:
1048 2882 1203 2938 Dabo
1245 2872 1701 2951 vobis;pastores
1753 2875 2048 2933 secundum
2106 2889 2201 2929 cor

628 2992 834 3045 meum,
855 2985 911 3032 et
930 2984 1155 3047 pascent
1175 2989 1272 3029 vos
1294 2989 1415 3029 cum
1438 2972 1742 3043 disciplina.

2293 1860 2402 1917 bita
2433 1876 2542 1917 non
2567 1862 2744 1917 minus
2764 1877 2923 1933 quam
2960 1859 3108 1917 licita
3136 1862 3545 1933 contempsisse.

2365 1951 2567 2008 Bonum
2597 1964 2669 2007 est
2695 1955 2833 2007 enim
2861 1952 2989 2008 mihi
3020 1954 3185 2027 magis
3209 1955 3362 2025 mori,
3387 1970 3541 2024 quam
3561 1964 3617 2010 ut
3649 1953 3867 2027 gloriam

2294 2061 2461 2099 meam
2493 2046 2607 2117 quis
2638 2056 2867 2100 enacuet.
2901 2046 2968 2101 Et
2996 2045 3043 2100 si
3071 2045 3212 2101 fame
3243 2060 3505 2113 morerer,
3536 2047 3868 2119 propositum

2294 2152 2499 2206 meum,
2527 2139 2595 2194 de
2622 2153 2731 2209 quo
2758 2146 2884 2195 ante
2910 2138 3081 2195 Deum
3106 2138 3329 2209 glorior,
3363 2154 3658 2210 numquam
3696 2148 3871 2211 potest

2296 2228 2590 2285 immutari.

2370 2321 2510 2376 Nam
2547 2331 2595 2377 et
2620 2322 2666 2376 si
2701 2324 3138 2395 eaangelizavero,
3162 2338 3267 2380 non
3294 2331 3374 2379 est
3397 2322 3525 2380 mihi
3548 2323 3716 2395 gloria
3736 2339 3755 2377 :
3782 2340 3872 2379 ne-

2291 2415 2506 2469 cessitas
2527 2416 2662 2469 enim
2682 2415 2809 2469 mihi
2829 2417 3093 2473 incumbit.
3118 2415 3255 2471 Cum
3279 2416 3460 2472 omnia
3487 2416 3719 2473 feceritis
3740 2431 3874 2486 pra:-

2303 2517 2483 2578 cepta,
2515 2509 2697 2564 debita
2726 2525 2821 2566 vos
2846 2510 3010 2565 dicite
3048 2509 3394 2580 persolvisse.
3426 2508 3545 2565 Non
3586 2510 3726 2565 enim
3767 2510 3872 2565 ali-

2299 2602 2430 2675 quid
2470 2603 2699 2675 amplius
2725 2603 2949 2670 lecistis,
2979 2602 3122 2659 unde
3141 2603 3361 2673 gloriari
3389 2601 3626 2673 possitis.

2380 2693 2470 2748 Va:
2499 2696 2634 2750 enim
2672 2694 2801 2749 mihi
2830 2705 2926 2763 est,
2951 2695 2995 2750 si
3031 2710 3133 2750 non
3164 2694 3600 2769 esangelizaaera.
3640 2694 3875 2752 Damna-

2308 2790 2512 2845 tionem
2563 2788 2757 2845 habeo.

2374 2881 2437 2938 Si
2464 2883 2599 2937 enim
2619 2882 2791 2937 volens
2820 2881 2917 2936 hoc
2946 2896 3043 2953 ago
3062 2881 3087 2937 1’
3104 2880 3384 2938 mercedem
3404 2881 3562 2937 habeo
3584 2897 3605 2937 :
3630 2882 3677 2937 si
3703 2893 3877 2936 autem

2302 2977 2513 3045 invitus,
2547 2976 2865 3046 dispensatio
2888 2976 3017 3031 mihi
3055 2977 3248 3031 credita
3291 2985 3384 3032 est.
3420 2975 3569 3033 Tunc
3597 2976 3772 3048 magis
3798 2978 3880 3034 vi-

704 3070 973 3142 Numquid
1018 3067 1298 3123 secundum
1346 3067 1605 3121 hominem
1645 3066 1755 3118 hac
1800 3063 1961 3119 dico?
1996 3060 2055 3117 Id
2095 3070 2198 3130 est,

2303 3070 2521 3128 debitur
2553 3071 2942 3140 voluntarium,
2984 3071 3030 3127 si
3072 3086 3260 3129 amore
3303 3072 3420 3144 ejus
3462 3072 3604 3129 licita
3633 3082 3881 3130 contem-

627 3164 888 3237 numquid
928 3163 1151 3235 proprio
1179 3170 1390 3216 tantum
1413 3173 1577 3215 sensu
1607 3156 1835 3227 loquor?

700 3281 782 3334 An
804 3288 851 3333 et
882 3277 964 3332 lea:
990 3275 1098 3332 hinc
1130 3291 1230 3330 non
1248 3266 1430 3329 dicit?
1457 3272 1720 3343 Scriptum
1743 3278 1816 3324 est
1848 3269 1982 3324 enim
2014 3270 2069 3323 in
2096 3269 2206 3341 lege

631 3370 803 3444 Moysi
826 3387 846 3426 :
876 3369 1001 3426 Non
1029 3366 1270 3439 alligabis
1300 3383 1357 3421 as
1386 3365 1499 3420 bovi
1532 3363 1820 3418 trituranti.
1848 3361 2117 3433 Numquid
2143 3361 2206 3415 de

632 3465 786 3520 bobus
814 3481 939 3519 cura
969 3472 1044 3519 est
1068 3461 1214 3517 Deo?
1236 3459 1317 3515 An
1346 3466 1556 3533 propter
1585 3475 1678 3513 nos
1707 3458 1883 3527 utique
1921 3458 2027 3511 lucc
2049 3455 2207 3509 dicit?

632 3559 774 3615 Nam
804 3567 1014 3632 propter
1040 3574 1133 3613 nos
1164 3557 1337 3627 utique
1363 3556 1554 3627 scripta
1596 3562 1735 3607 sunt.
1766 3549 2047 3620 Quomodo
2077 3564 2206 3621 ergo

632 3653 685 3711 ei
716 3655 784 3710 de
820 3653 1112 3724 pecoribus
1148 3666 1277 3708 cura
1319 3650 1441 3706 est?
1472 3649 1541 3705 Et
1587 3646 1654 3702 ad
1689 3645 1880 3703 Jonam
1912 3644 1981 3701 de
2015 3642 2208 3700 Ninive

632 3747 864 3803 dicitur:
893 3746 945 3802 in
972 3762 1071 3816 qua
1100 3753 1227 3802 sunt
1251 3744 1522 3810 homines,
1548 3751 1602 3796 et
1632 3755 1828 3811 pecora
1864 3738 2069 3794 multa?
2099 3736 2206 3794 Sed

634 3840 701 3896 de
727 3839 857 3910 ipsis
879 3848 1101 3909 propter
1125 3836 1419 3905 hominem,
1439 3833 1526 3891 cui
1549 3842 1727 3890 creata
1752 3840 1898 3899 sunt,
1927 3846 2056 3887 cura
2079 3840 2162 3886 est
2190 3848 2201 3883 :

636 3948 761 3990 nam
788 3929 1075 3989 deﬁciente
1115 3928 1357 3994 homine,
1393 3936 1448 3984 et
1492 3928 1592 3981 ista
1631 3925 1927 3982 deﬁciunt:
1975 3939 2085 3981 non
2127 3931 2208 3978 ta-

633 4042 757 4084 men
786 4023 1006 4098 praprie
1028 4021 1122 4078 Dei
1150 4037 1333 4078 curam
1356 4029 1656 4076 merentur.

709 4141 966 4210 Quoniam
994 4136 1139 4193 debet
1168 4137 1222 4190 in
1248 4152 1338 4207 spe
1361 4135 1448 4207 qui
1478 4141 1615 4196 arat,
1643 4147 1832 4188 arare:
1864 4140 1911 4186 et
1931 4129 2018 4201 qui
2048 4127 2205 4184 tritu-

638 4248 738 4303 rat,
770 4237 823 4291 in
842 4254 930 4308 spe
956 4236 1154 4304 {ructus
1178 4230 1511 4305 percipiendi.
1538 4226 1710 4283 Debet
1740 4224 1972 4279 fructum
2003 4222 2087 4280 sui
2124 4222 2206 4276 la—

636 4332 780 4388 boris
809 4330 1129 4402 percipere:
1156 4335 1210 4383 et
1251 4324 1346 4397 qui
1373 4323 1607 4389 triturat,
1632 4319 1791 4377 debet
1818 4318 1887 4374 de
1927 4317 2045 4388 ipsa
2080 4330 2206 4373 area

636 4422 988 4482 manducare.

2230 3155 2278 3222 C
2307 3175 2524 3222 nantur.

2380 3256 2509 3323 Qua:
2529 3265 2603 3311 est
2629 3273 2749 3329 ergo
2771 3272 2959 3314 merces
2980 3272 3091 3313 mea
3107 3258 3133 3312 .9
3158 3266 3215 3312 ut
3237 3257 3573 3333 Evangelium
3593 3259 3880 3331 prtedlcans

2307 3349 2416 3403 sine
2457 3358 2662 3421 sumptu
2693 3366 2882 3418 ponam
2913 3349 3270 3423 Evangetium,
3305 3362 3361 3405 ut
3386 3368 3490 3407 non
3516 3352 3703 3407 abutar
3732 3363 3882 3425 pote-

2307 3448 2437 3497 state
2465 3457 2578 3495 mea
2605 3442 2659 3496 in
2686 3439 2995 3514 Evangelia.
3019 3442 3182 3511 Quasi
3213 3445 3505 3516 interroget
3539 3447 3682 3503 unde
3713 3448 3883 3519 majo—

2306 3548 2423 3589 rem
2444 3533 2625 3603 possit
2669 3532 2873 3590 habere
2904 3535 3229 3602 mercedem,
3260 3546 3313 3592 et
3350 3537 3465 3608 ipse
3492 3538 3803 3609 respondet,
3835 3540 3883 3595 si

2306 3626 2474 3698 gratis
2512 3626 2825 3683 annuntiem
2849 3667 2865 3694 ,
2922 3641 3025 3684 nec
3070 3636 3352 3700 acceptam
3397 3642 3678 3687 exerceam
3726 3640 3883 3702 pote-

2308 3726 2499 3774 atatem
2510 3758 2524 3772 .

2380 3811 2521 3866 Nam
2548 3828 2665 3867 cum
2694 3812 2820 3868 liber
2848 3828 3010 3870 essem
3029 3830 3093 3870 ex
3116 3815 3374 3884 omnibus,
3399 3816 3632 3871 omnium
3659 3832 3739 3871 me
3766 3831 3883 3871 ser-

2307 3919 2426 3960 vum
2456 3904 2574 3975 feci,
2605 3914 2663 3960 ut
2688 3905 2864 3974 plures
2894 3907 3273 3978 lucrifacerem.
3301 3908 3436 3964 Cum
3465 3923 3676 3979 possem
3706 3909 3784 3964 uti
3820 3908 3886 3963 li-

2307 3995 2520 4053 bertate
2563 4013 2707 4065 mea,
2753 4008 2810 4057 et
2837 3999 2907 4057 de
2950 4002 3163 4058 caeteris
3210 4016 3319 4059 non
3367 4016 3595 4059 curare:
3626 4002 3884 4059 omnibus

2310 4098 2488 4149 tamen
2515 4106 2832 4164 compassus
2854 4108 2995 4162 sum,
3030 4102 3088 4149 ut
3115 4108 3210 4150 eos
3236 4093 3472 4152 facerem
3499 4095 3702 4151 salvos.

2384 4184 2449 4238 Et
2470 4187 2635 4254 [actus
2668 4201 2781 4240 sum
2804 4184 3005 4242 Judceis
3032 4194 3295 4258 tamquam
3316 4185 3557 4256 Judazus,
3589 4196 3645 4242 ut
3668 4188 3887 4243 Iudaeas

2310 4276 2555 4333 tucrarer.
2580 4278 2806 4346 Quando
2824 4295 2883 4336 se
2902 4279 3203 4351 puriﬁcavit
3230 4282 3283 4337 in
3309 4283 3528 4353 templo,
3552 4281 3695 4352 quod
3719 4282 3889 4339 Tem-

2308 4384 2441 4440 pore
2469 4371 2656 4440 gratiss
2691 4370 2897 4428 sciebat
2920 4386 3042 4429 esse
3070 4372 3417 4443 superﬂuum.

2380 4461 2482 4516 His
2507 4463 2596 4533 qui
2618 4463 2710 4517 sub
2742 4463 2853 4535 lege
2882 4473 3021 4535 sunt,
3049 4466 3199 4536 quasi
3227 4465 3318 4520 sub
3342 4464 3449 4536 lege
3473 4479 3656 4522 essem.
3686 4463 3888 4523 Osten-

711 4538 771 4593 Si
806 4554 896 4593 nos
920 4536 1061 4590 vobis
1096 4529 1389 4605 spiritualia
1420 4527 1800 4594 seminavimus,
1836 4539 2082 4597 magnum
2109 4530 2200 4588 est,

2309 4551 2388 4608 dit
2415 4527 2686 4624 quomodo
2712 4527 2876 4611 fuerit
2902 4527 3021 4611 cum
3046 4527 3177 4627 ipsis
3202 4566 3259 4613 et
3281 4527 3668 4627 ipsevludaaus.
3696 4558 3889 4616 Potest

638 4633 683 4687 si
724 4649 816 4686 nos
846 4627 1078 4685 carnalia
1107 4637 1272 4681 uestra
1309 4624 1593 4679 metamus?
1624 4619 1683 4677 Si
1711 4619 1865 4674 vobis
1910 4618 2205 4689 spiritualia

637 4736 692 4782 et
720 4725 905 4781 divina
935 4721 1341 4785 seminavimus,
1365 4712 1624 4786 numquid
1650 4713 1988 4785 gravabimus
2018 4729 2137 4783 vos,
2161 4713 2206 4769 si

637 4835 669 4875 a
692 4818 869 4886 vobis,
896 4831 1014 4888 quas
1040 4814 1189 4871 carni
1214 4826 1355 4882 Opus
1377 4818 1522 4877 sunt,
1552 4808 1781 4865 velimus
1806 4805 2087 4877 accipere?

713 4934 773 4989 Si
808 4933 899 4988 alii
935 4929 1201 5004 potestatis
1240 4936 1418 4982 vestra:
1446 4925 1723 4997 participes
1750 4933 1891 4989 sunt,
1915 4938 2072 4995 quare
2104 4936 2210 4976 non

643 5024 812 5093 potius
855 5024 985 5077 nos?
1012 5021 1071 5079 Si
1111 5020 1183 5075 illi
1219 5034 1250 5073 a
1274 5019 1427 5074 vobis
1453 5025 1817 5088 acceperunt:
1865 5014 2061 5086 quibus
2104 5014 2205 5070 mi-

642 5116 784 5169 nime
823 5113 1105 5181 debeatur,
1150 5110 1592 5182 pseudoapostoli
1629 5108 1856 5173 scilicet,
1896 5120 2031 5177 quos
2074 5105 2209 5161 nihil

640 5206 795 5263 vobis
822 5216 1033 5263 eertum
1063 5213 1148 5260 est
1176 5202 1493 5269 contulisse,
1522 5209 1724 5273 quanto
1755 5199 1923 5269 magis
1950 5214 2050 5254 nos
2070 5199 2210 5255 acci-

641 5315 768 5371 pere
796 5298 1118 5370 poterimus,
1146 5296 1194 5350 si
1220 5293 1374 5350 vobis
1401 5294 1561 5350 utiles
1586 5307 1708 5350 esse
1738 5291 2031 5347 sentimus!

712 5412 825 5469 Sed
859 5425 960 5464 non
987 5411 1067 5465 usi
1095 5424 1271 5465 sumus
1300 5408 1397 5462 hac
1427 5415 1697 5479 potestate,
1727 5407 1818 5461 sed
1854 5402 2025 5459 amnia
2059 5405 2213 5460 susti-

640 5520 834 5571 nemus,
856 5518 917 5556 ne
936 5503 1073 5575 quod
1098 5500 1471 5570 olfendiculum
1489 5501 1664 5555 demus
1687 5498 1968 5570 Evangelia
1990 5496 2205 5552 Christi.

645 5598 756 5652 Hoc
786 5606 893 5663 est,
924 5598 1116 5652 famem
1157 5606 1212 5651 et
1248 5594 1415 5662 sitim,
1446 5602 1501 5651 et
1527 5593 1827 5649 nuditatem
1858 5590 2210 5646 libentissime

645 5690 972 5744 toleramus:
994 5707 1061 5747 ne
1084 5706 1179 5761 per
1208 5707 1308 5747 nos
1332 5691 1661 5749 adversariis
1691 5690 1974 5747 occasione
1994 5699 2210 5761 accepta

650 5779 1031 5838 devorantibus
1071 5784 1377 5843 attendatis.
1410 5788 1515 5844 Aut
1558 5800 1625 5844 ne
1652 5785 1734 5844 cui
1764 5783 2072 5857 prmdicatio
2114 5797 2211 5843 nc-

2308 4656 2367 4704 et
2413 4647 2486 4703 ita
2534 4647 2784 4721 intelligi,
2818 4649 2960 4721 quod
2992 4649 3362 4707 Samaritanus
3390 4650 3591 4708 dixerit
3619 4666 3741 4710 esse
3785 4654 3887 4709 sub

2310 4740 2429 4812 lege
2455 4756 2471 4799 :
2497 4740 2590 4812 qui
2614 4741 2785 4812 legem
2814 4750 3022 4800 tantum
3048 4743 3181 4800 Mosi
3206 4744 3461 4800 videntur
3482 4746 3753 4817 accipere.

2382 4831 2509 4888 Cum
2545 4834 2653 4907 ipse
2690 4852 2794 4890 non
2826 4853 2985 4892 essen:
3024 4837 3115 4892 sub
3156 4838 3287 4910 lege,
3318 4848 3375 4893 ut
3413 4853 3496 4893 eos
3519 4838 3607 4907 qui
3649 4838 3743 4893 sub
3774 4838 3890 4912 lege

2312 4936 2455 4982 erant
2497 4927 2875 4999 lucrifacerem.
2922 4928 3040 4985 Non
3085 4939 3167 4987 est
3208 4930 3309 4984 sub
3361 4930 3478 5000 lege
3508 4928 3729 5001 litteras,
3761 4946 3891 5003 qua:

2314 5022 2690 5092 peccatoribus
2716 5022 2841 5079 data
2863 5039 2983 5081 esse
3011 5021 3381 5097 perscribitur.

2382 5133 2485 5190 His
2516 5136 2606 5206 qui
2644 5139 2753 5191 sine
2782 5140 2890 5209 lege
2925 5148 3091 5208 erant,
3126 5148 3383 5209 tamquam
3410 5138 3518 5194 sine
3555 5138 3663 5211 lege
3699 5134 3883 5196 essem.

2313 5231 2443 5289 Sine
2474 5233 2594 5303 lege
2623 5232 2814 5289 littera:
2840 5250 2855 5287 :
2886 5243 2941 5289 et
2968 5249 2998 5289 a
3029 5233 3281 5305 gentibus
3312 5235 3365 5290 in
3399 5232 3585 5306 primis
3616 5234 3786 5291 solam
3819 5236 3887 5290 ll-

2312 5326 2434 5383 dem
2482 5327 2775 5397 quaarebat,
2806 5326 2959 5398 quasi
3001 5341 3109 5382 non
3159 5328 3386 5385 haberet
3431 5338 3699 5401 praecepta
3749 5327 3888 5402 legis

2314 5417 2538 5485 Christi,
2568 5434 2688 5487 qua:
2716 5419 2839 5475 illos
2868 5417 3155 5477 observare
3181 5421 3424 5489 doceret,
3459 5424 3576 5477 sive
3607 5420 3659 5476 in
3690 5435 3757 5477 eo
3780 5435 3889 5491 quo

2310 5508 2433 5565 illos
2463 5509 2529 5563 ad
2564 5509 2687 5564 ﬁdei
2715 5510 3090 5569 credulitatem
3128 5530 3234 5570 non
3262 5522 3368 5569 tam
3394 5514 3655 5585 legalibus
3680 5514 3889 5570 doctri-

2309 5600 2413 5665 nis,
2429 5616 2585 5670 quam
2600 5600 3002 5658 rationabilibus
3018 5605 3349 5675 argumentis
3364 5607 3715 5675 provocabat.
3734 5604 3891 5663 Sicut

2308 5693 2533 5750 Athenis
2565 5694 2757 5751 iecisse
2786 5694 3122 5765 perhibetur,
3164 5697 3513 5767 philosophos
3548 5704 3604 5754 et
3643 5713 3891 5768 paganos

2308 5804 2404 5861 per
2439 5787 2854 5863 philosophiam,
2899 5799 2955 5849 et
2995 5803 3219 5851 ararum
3264 5789 3477 5849 titulum
3518 5790 3891 5866 exhortando,
