4030 6202
231 247 341 309 743

997 242 1546 307 COMMENTARIUS
1584 242 1651 306 IN
1690 242 2078 306 EPISTOLAM
2116 244 2137 302 ι
2176 242 2270 303 AD
2305 242 2464 305 COR.
2503 245 2657 305 CAP.
2698 246 2771 306 Χ.

3422 249 3527 311 Ὶιϐ

230 365 361 421 dum
393 363 565 421 dicit:
597 360 835 421 Circuivi
874 376 997 420 aras
1024 372 1258 431 vestras,
1290 372 1343 420 et
1372 371 1430 420 ut
1459 361 1679 434 quidam
1702 376 1821 420 ves-
1850 363 1906 425 Α
2002 358 2067 413 Et
2110 374 2285 415 omnes
2330 361 2562 415 eamdem
2605 357 2936 430 spiritualem
2969 373 3140 416 escam
3182 360 3527 420 manducaue-

232 471 375 517 trum
406 461 682 518 dixerunt.

305 557 439 613 Cum
478 560 587 613 sine
629 557 738 628 lege
786 554 884 612 Dei
922 570 1027 613 non
1073 570 1261 625 essem,
1293 554 1383 610 sed
1420 555 1475 609 in
1520 552 1628 628 lege
1670 568 1828 609 essem

234 649 450 716 Christi,
483 657 538 702 ut
568 649 927 720 lucrifacerem
952 646 1056 715 eos,
1088 650 1177 720 qui
1207 648 1317 703 sine
1343 648 1452 718 lege
1480 656 1650 701 erant.
1682 644 1828 702 Con-

234 748 316 795 tra
347 740 584 797 Arianos
612 749 669 797 et
700 740 1080 809 Pbotinianos,
1112 739 1258 812 quod
1290 739 1434 795 Deus
1461 739 1533 794 sit
1555 736 1827 794 Christus.

235 830 415 888 Etiam
470 834 575 888 hoc
626 832 949 901 notandum,
997 831 1141 905 quod
1185 846 1386 888 novum
1420 831 1828 889 Testamentum

233 926 319 983 lex
352 927 680 999 appellatur.

310 1018 506 1074 Factus
533 1037 649 1075 sum
671 1020 893 1089 infirmis
916 1019 1177 1091 infirmus,
1208 1029 1262 1075 ut
1291 1020 1528 1090 infirmos
1556 1020 1833 1090 lucriface-

234 1127 367 1167 rem.
403 1111 635 1184 Propter
664 1113 909 1170 inﬁrmos
947 1114 1093 1170 olera
1135 1112 1486 1183 manducavi,
1512 1127 1636 1169 cum
1679 1125 1831 1169 secu-

233 1220 330 1263 rus
358 1222 571 1277 possem
594 1209 849 1265 carnibus
876 1208 1023 1264 vesci
1050 1207 1399 1278 promiscuis.

311 1298 563 1355 Omnibus
595 1300 768 1355 omnia
798 1304 966 1371 factus
1001 1316 1138 1365 sum,
1181 1308 1237 1351 ut
1269 1314 1441 1353 omnes
1472 1296 1693 1369 facérem
1722 1295 1831 1352 sal-

232 1408 346 1447 eos.
371 1390 487 1446 Non
517 1391 719 1462 aliquid
748 1390 903 1460 mihi,
933 1406 1035 1447 nec
1058 1404 1332 1460 quaerens,
1366 1389 1508 1459 quod
1537 1389 1667 1444 mihi
1698 1387 1831 1444 utile

234 1495 341 1555 est,
373 1485 469 1542 sed
502 1484 645 1555 quod
676 1484 879 1540 multis.
909 1483 1042 1541 ltem
1069 1484 1228 1540 aliter
1254 1502 1268 1538 :
1296 1484 1355 1539 In
1398 1484 1482 1538 his
1509 1498 1629 1554 qua)
1664 1496 1829 1552 supe-

233 1579 350 1635 rius
375 1580 800 1635 memoravimus
828 1597 838 1632 :
864 1592 972 1634 non
997 1586 1058 1633 ut
1079 1577 1300 1649 quidam
1322 1578 1464 1633 male
1492 1576 1828 1647 existimant,

234 1670 389 1727 illum
418 1673 583 1727 etiam
618 1671 823 1727 illicitis
851 1672 1219 1727 consensisse.

1847 466 1858 473 δ
1928 460 2070 517 runt,
2121 463 2169 507 et
2205 468 2380 507 omnes
2414 453 2648 508 eumdem
2688 462 2866 523 potum
2907 453 3230 520 spiritualem
3271 454 3522 513 biberunt.

1930 543 2153 613 Manna,
2186 545 2358 616 ﬁgura
2386 545 2633 616 corporis
2661 544 2860 602 Christi
2888 545 3008 601 fuit.

1931 644 1943 695 ξλ
2003 635 2257 692 Bibebant
2294 647 2465 694 autem
2496 639 2559 694 de
2592 638 2862 711 spirituali
2885 648 3222 712 consequente
3252 657 3335 698 eos
3362 652 3525 715 petra.

1932 727 2190 785 Ostendit
2220 730 2523 801 apostolus,
2560 731 2816 802 quoniam
2848 733 3080 804 populus
3119 734 3307 805 lsrael,
3338 752 3529 807 quam-

1933 820 2024 875 diu
2053 821 2109 876 in
2138 821 2359 878 deserto
2388 823 2503 887 luit,
2535 836 2631 893 per
2651 839 2818 880 omne
2849 826 2958 881 iter
2982 840 3173 881 eorum
3203 827 3533 897 sequebatur

1932 926 2029 969 eos
2076 922 2251 984 petra.
2301 914 2458 971 Unde
2486 915 2691 987 pepulo
2737 930 2860 972 cum
2895 918 3045 973 omni
3092 919 3396 977 substantia
3436 935 3535 978 sua

1932 1008 2134 1063 ﬂuenta
2175 1008 2556 1065 suffecerunt:
2601 1008 2779 1067 donec
2808 1011 3200 1083 pervenientes
3235 1014 3289 1069 in
3329 1022 3533 1072 terram

1934 1099 2115 1166 Moab,
2146 1108 2367 1169 puteum
2402 1100 2713 1158 eﬁ‘oderunt
2733 1119 3019 1175 aquarum,
3052 1113 3195 1163 terra
3225 1106 3537 1179 chromis-

1932 1190 2103 1246 sionis
2124 1191 2180 1247 in
2207 1194 2458 1263 proximo
2480 1196 2801 1253 constituat.

2006 1281 2166 1338 Petra
2208 1292 2385 1340 autem
2431 1295 2541 1341 erat
2593 1288 2852 1345 Christus.
2921 1290 3058 1360 Quia
3108 1292 3365 1354 Christus
3417 1306 3538 1354 erat

1933 1375 2283 1448 postmodum
2337 1387 2667 1440 secuturus:
2720 1382 2877 1453 cujus
2929 1386 3157 1458 ﬁguram
3203 1397 3331 1447 tunc
3384 1400 3539 1463 petra

1934 1469 2176 1540 gerebat.
2233 1470 2441 1529 Idcirco
2496 1472 2729 1545 pulchre
2781 1476 2939 1549 dixit,
3001 1493 3376 1554 consequente
3440 1499 3539 1541 cos

1936 1572 2109 1634 petra.

2011 1655 2118 1712 Sed
2150 1658 2334 1713 nonin
2370 1656 2609 1731 pluribus
2646 1676 2822 1718 eorum
2864 1661 3245 1736 beneplacitum
3286 1679 3361 1726 est
3404 1668 3537 1729 Deo.

312 1764 498 1820 οιηηία
538 1775 711 1820 aufem
746 1766 885 1837 [αείο
923 1775 1135 1836 prop“,-
1173 1761 1536 1837 Evangeuum.
1570 1776 1627 1821 ηε
1662 1768 1832 1836 pm“;
1861 1758 1912 1821 Β
1941 1744 2081 1803 Nam
2104 1751 2349 1820 prostrati
2376 1762 2498 1806 sunt
2522 1753 2578 1807 in
2608 1753 2828 1811 deserto.
2854 1755 2935 1812 Ita
2965 1772 3096 1830 ergo
3128 1768 3184 1815 et
3216 1761 3371 1819 vobis
3408 1765 3536 1833 erit,

231 1871 355 1928 ceps
399 1859 514 1928 ejus
549 1857 773 1927 efficiar.
798 1856 869 1912 Ut
912 1857 967 1911 in
1012 1871 1095 1927 eo.
1127 1863 1335 1927 partem
1378 1870 1591 1912 merear
1632 1857 1833 1915 habere

230 1961 361 2003 cum
389 1950 615 2003 sanctis.

310 2040 538 2095 Nescitis
566 2041 704 2111 quod
733 2040 788 2096 Iri
824 2041 916 2112 qui
954 2041 1007 2096 in
1037 2042 1207 2098 stadio
1240 2054 1475 2112 currunt,
1511 2059 1682 2099 omnes
1712 2043 1831 2115 qui-

234 2134 353 2189 dem
391 2141 628 2201 currunt,
663 2134 759 2188 sed
792 2151 928 2189 unus
971 2136 1162 2205 accipit
1199 2136 1472 2192 bravium?
1500 2137 1592 2193 Sic
1618 2138 1831 2205 currite,

236 2232 301 2279 ut
336 2224 807 2296 comprehendatis.
842 2227 940 2281 llic
975 2227 1137 2282 stadii
1179 2242 1421 2297 cursum,
1460 2228 1708 2300 justiti-.13,
1748 2228 1833 2285 vel

237 2322 365 2378 ﬁdei
410 2325 789 2394 comparavit:
821 2323 948 2395 quia
996 2325 1269 2395 quomodo
1317 2324 1431 2381 illic
1478 2340 1601 2382 cum
1643 2340 1833 2382 omnes

235 2418 380 2472 intra
399 2417 637 2473 stadium
660 2426 911 2485 currunt,
948 2433 1054 2474 non
1087 2419 1191 2474 nisi
1220 2419 1311 2490 qui
1340 2419 1480 2476 bene
1504 2420 1829 2491 cucurrerit,

234 2508 436 2579 dignus
463 2509 689 2581 praemio
712 2509 994 2579 judicatur
1021 2527 1036 2568 :
1078 2510 1153 2565 ita
1180 2518 1235 2566 et
1271 2510 1378 2579 hic,
1413 2514 1659 2583 quamvis
1690 2514 1834 2569 intra

240 2601 371 2658 ﬁdei
403 2611 578 2659 metas
609 2604 793 2659 cuncti
833 2604 1123 2662 credentes
1166 2606 1572 2672 contineantur,
1604 2606 1704 2662 soli
1747 2614 1831 2661 ta-

234 2707 364 2749 men
408 2695 500 2765 qui
543 2696 690 2764 juste
742 2694 1000 2763 vixerint,
1057 2698 1342 2768 praemium
1385 2699 1611 2755 cteleste
1657 2701 1833 2770 perci-

232 2785 409 2858 pient.
452 2786 583 2843 ltem
626 2787 731 2843 hoc
762 2788 881 2844 loco
921 2789 1066 2845 inter
1109 2806 1229 2860 eos,
1259 2793 1351 2863 qui
1392 2793 1444 2847 in
1491 2793 1670 2849 stadio
1700 2809 1831 2850 cur-

233 2887 386 2945 runt,
420 2894 586 2935 unum
619 2881 975 2951 accipientem
1008 2882 1264 2963 palmam,
1303 2884 1577 2955 signiﬁcat
1616 2902 1831 2943 omnem

234 2983 385 3032 recte
416 2975 576 3031 tidem
610 2984 911 3044 tenentem,
944 2986 999 3033 et
1023 2986 1293 3049 praecepta
1318 2987 1651 3036 servantem.

1938 1842 1985 1897 si
2014 1856 2109 1897 eos
2143 1843 2433 1900 volueritis
2458 1848 2736 1916 peccando
2761 1850 2984 1906 imitari.

2010 1932 2143 1989 Haec
2172 1945 2342 1991 autem
2368 1938 2421 1991 in
2446 1939 2615 2010 figura
2638 1943 2774 2012 facta
2804 1952 2923 1997 sunt
2951 1947 3135 2013 nostri,
3158 1957 3213 2002 ut
3238 1967 3341 2005 non
3371 1951 3534 2008 simus

1937 2031 2355 2099 concupiscentes
2400 2033 2696 2103 malorum,
2747 2036 2880 2090 sicut
2927 2047 2973 2091 et
3019 2037 3103 2093 illi
3144 2045 3540 2115 concupierunt.

1936 2119 2073 2192 lpsis
2099 2136 2227 2178 vere
2262 2120 2404 2178 facta
2434 2134 2582 2192 sunt,
2611 2140 2732 2196 qua:
2770 2125 2826 2181 in
2855 2127 3028 2200 ﬁgura
3051 2140 3205 2187 crant
3232 2142 3439 2203 nostra,
3483 2146 3545 2192 ut

1936 2213 2226 2272 timeamus
2263 2216 2387 2271 talia
2426 2232 2609 2287 agere,
2653 2235 2721 2276 ne
2764 2221 2890 2277 talia
2940 2222 3302 2283 incurramus.
3352 2228 3546 2286 Omnia

1937 2307 2103 2376 euim,
2138 2324 2258 2379 quae
2284 2308 2339 2365 in
2382 2313 2581 2381 populo
2610 2312 2776 2369 lsrael
2827 2315 2922 2372 illo
2950 2324 3197 2391 tempore
3235 2321 3375 2379 facta
3418 2333 3546 2381 sunt

1935 2402 1989 2458 in
2014 2402 2202 2473 ﬁgura,
2228 2403 2447 2459 nuncin
2472 2403 2631 2459 nobis
2663 2405 2714 2461 in
2736 2407 2967 2465 veritate
2990 2411 3360 2471 celebrantur.
3391 2414 3548 2472 Sicut

1935 2495 2080 2553 enim
2112 2495 2187 2549 illi
2219 2509 2317 2566 per
2358 2496 2579 2569 Moysen
2611 2512 2678 2553 ex
2718 2498 2959 2573 Egypto
3000 2503 3215 2561 liberati
3262 2514 3391 2562 sunt
3417 2525 3433 2564 :
3458 2511 3545 2565 sic

1934 2602 2036 2645 nos
2066 2603 2162 2659 per
2190 2588 2490 2657 quemlibet
2518 2591 2881 2658 sacerdotem,
2906 2594 2993 2650 vel
3020 2595 3301 2654 doctorem
3328 2599 3398 2655 de
3435 2615 3539 2656 sa:-

1936 2682 2062 2738 culo
2088 2682 2401 2738 liberamur.
2438 2682 2646 2739 Deinde
2671 2682 2964 2742 Christiani
2998 2686 3147 2755 facti,
3173 2689 3425 2747 ducimur
3444 2708 3542 2763 per

1934 2775 2150 2831 deserta
2172 2791 2187 2842 ;
2215 2782 2275 2830 ut
2298 2789 2399 2846 per
2421 2775 2741 2831 exercitium
2761 2787 3105 2850 contemptus
3126 2783 3312 2837 mundi
3334 2792 3389 2840 et
3413 2783 3538 2840 abs-

1937 2868 2224 2937 tinentiae,
2277 2869 2331 2923 in
2382 2867 2715 2925 oblivionem
2762 2870 2919 2925 nobis
2969 2880 3125 2928 erant
3172 2873 3393 2947 [Egypti
3442 2891 3542 2932 vo-

1939 2961 2175 3032 luptates
2222 2979 2233 3015 :
2277 2962 2350 3016 ita
2393 2970 2454 3016 ut
2504 2962 2811 3018 nesciamus
2846 2963 2912 3019 ad
2954 2966 3213 3021 saaculum
3258 2968 3541 3039 repedare.

311 3065 494 3121 Omnis
523 3068 681 3135 enim,
713 3070 805 3139 qui
830 3068 885 3122 in
916 3085 1080 3139 agone
1103 3070 1391 3138 contendit,
1421 3071 1484 3124 ab
1506 3070 1745 3126 omnibus
1778 3088 1833 3127 se
1934 3055 2068 3113 Cum
2098 3070 2228 3111 vero
2259 3055 2514 3126 baptismi
2542 3071 2692 3112 mare
2722 3056 3042 3127 ίτθῐῖείῐηιιεν
3077 3067 3207 3117 ιιιηο
3235 3062 3389 3119 "Cibis
3420 3064 3543 3121 dia-

234 3157 475 3212 abstinet.
520 3158 605 3214 Ab
632 3159 885 3214 omnibus
914 3160 1080 3227 escis,
1107 3176 1229 3231 quae
1258 3174 1476 3216 cursum
1508 3176 1695 3218 eorum
1728 3163 1829 3219 im-

1951 3149 2093 3205 bolus
2132 3163 2254 3205 cum
2302 3163 2402 3204 suo
2430 3150 2697 3219 exercitu,
2733 3161 3004 3223 tamquam
3033 3153 3247 3211 Pharao
3272 3155 3546 3227 demergi-

231 3249 423 3320 pedire
447 3260 874 3307 consueverunt.

307 3342 377 3398 Et
406 3342 487 3399 illi
520 3344 747 3414 quidem,
777 3353 838 3399 ut
878 3346 1266 3419 corruptibilem
1293 3363 1543 3404 coronam
1577 3350 1827 3421 accipiat,

230 3453 331 3493 nos
375 3446 549 3493 autem
588 3440 970 3513 incorruptam.
1022 3440 1134 3514 Ego
1182 3442 1342 3515 igitur
1383 3444 1458 3499 sic
1499 3462 1675 3514 curro,
1725 3464 1829 3501 non

230 3532 388 3603 quasi
415 3533 469 3585 in
499 3533 752 3587 incertum
788 3549 806 3587 :
837 3534 913 3588 sic
939 3552 1136 3606 pugno,
1171 3552 1273 3589 non
1293 3538 1441 3607 quasi
1463 3555 1633 3594 aerem
1659 3542 1831 3594 verbe-

231 3639 378 3679 rans.
412 3625 522 3682 Sed
554 3627 752 3700 castigo
779 3644 967 3700 corpus
997 3645 1191 3697 meum,
1234 3640 1281 3685 et
1313 3633 1367 3686 in
1413 3635 1710 3689 servitutem
1742 3651 1828 3690 re-

233 3719 374 3790 digo.
404 3719 521 3776 Non
553 3721 607 3775 in
641 3736 841 3778 vanum
884 3738 1069 3789 curro,
1098 3723 1185 3779 vel
1229 3724 1373 3795 ﬁngo
1398 3735 1701 3795 certamen,
1731 3729 1828 3785 sed

232 3812 442 3885 castigo
464 3829 663 3886 corpus
694 3832 897 3883 meum,
921 3826 976 3873 et
1007 3819 1255 3875 servituti
1278 3820 1511 3891 subjicio
1544 3837 1639 3892 per
1662 3823 1831 3878 absu-

231 3903 472 3958 nentiam
496 3912 551 3959 ct
577 3905 929 3962 alﬁictionem
949 3917 1112 3977 atque
1142 3908 1379 3976 labores,
1405 3910 1547 3966 sicut
1567 3912 1698 3967 alibi
1723 3914 1823 3967 ait:

230 3992 289 4050 ln
315 3994 543 4065 jejuniis
570 3997 777 4063 multis,
808 4000 860 4051 in
894 3998 1118 4067 vigiliis,
1146 4000 1200 4052 in
1235 3998 1377 4055 fame
1412 4010 1467 4055 ct
1503 4000 1618 4067 siti,
1651 4002 1704 4055 in
1737 4002 1831 4058 fri-_

227 4102 363 4160 gore
402 4097 458 4142 et
499 4087 767 4155 nuditate,
809 4089 863 4142 in
906 4089 1205 4158 laboribus,
1250 4090 1305 4144 in
1338 4092 1673 4159 carceribus,
1718 4102 1825 4149 etc.

227 4181 385 4235 Sicut
414 4177 482 4233 ad
505 4177 788 4245 Hebrteos,
816 4179 1137 4251 prophetas,
1160 4189 1216 4237 et
1236 4180 1372 4238 alios
1394 4192 1612 4238 sanctos
1638 4198 1828 4253 passos

229 4272 404 4328 multa
437 4270 559 4326 talia
585 4273 922 4327 memoravit.

302 4362 389 4418 Ne
414 4363 551 4433 forte
579 4380 695 4418 cum
722 4363 841 4419 aliis
873 4366 1281 4441 prwdicaverim,
1312 4367 1422 4439 ipse
1448 4368 1696 4439 reprobus
1725 4369 1830 4439 eﬂi-

231 4458 358 4514 ciar.
387 4455 507 4514 Non
538 4455 789 4514 faciendo
818 4473 939 4528 qurc
964 4460 1109 4515 dico.

863 4550 1091 4607 CAPUT
1129 4550 1201 4611 X.

304 4640 450 4698 Nolo
496 4643 634 4699 enim
673 4658 761 4698 vos
808 4643 1077 4713 ignorare,
1118 4648 1328 4714 fratres,
1369 4646 1615 4718 quoniam
1658 4654 1829 4718 patres

232 4735 397 4789 nostri
421 4750 597 4791 omnes
625 4733 720 4788 sub
744 4732 878 4788 nube
904 4736 1137 4804 fuerunt,
1169 4745 1218 4791 et
1244 4752 1416 4792 omnes
1441 4754 1585 4792 mare
1612 4740 1831 4793 transie-

232 4835 373 4881 runt.
404 4825 483 4883 Ne
508 4826 633 4897 quis
655 4826 938 4883 conﬁdens
962 4827 1016 4881 in
1038 4843 1107 4884 eo
1131 4830 1330 4897 solum,
1360 4830 1502 4901 quod
1528 4831 1832 4902 baptizatus

231 4925 354 4973 est:
386 4929 479 4972 aut
507 4918 561 4973 in
584 4932 709 4974 esca
745 4916 1037 4988 spirituali,
1064 4920 1148 4975 vel
1173 4929 1325 4991 potu,
1356 4930 1509 4992 putet
1530 4921 1631 4977 sibi
1663 4923 1830 4979 Deum

236 5023 483 5079 parcere,
516 5009 564 5065 si
592 5012 899 5080 peccaverit
930 5028 944 5067 :
978 5010 1086 5068 tale
1116 5021 1329 5083 patrum
1361 5014 1614 5084 pr0ponit
1641 5028 1832 5070 exem-

232 5101 405 5171 plum,
435 5116 541 5173 quo
585 5103 863 5173 ostendat,
900 5113 1027 5160 tunc
1075 5105 1175 5161 ista
1224 5106 1420 5163 merito
1450 5105 1754 5178 profutura,
1787 5108 1833 5163 si

235 5201 504 5263 prmeepta
546 5203 761 5252 servent
771 5212 854 5252 ur.

312 5280 383 5335 Et
413 5299 585 5340 omnes
615 5287 670 5342 in
713 5287 897 5361 Moyse
927 5289 1183 5361 baptizati
1220 5299 1361 5347 sunt.
1396 5290 1454 5348 ln
1502 5291 1709 5365 Moyse,
1743 5291 1838 5363 qui

237 5375 445 5433 Christi
490 5386 674 5450 typum
717 5383 965 5452 gerebat.
1014 5384 1172 5452 ltem,
1205 5386 1322 5442 [uec
1364 5387 1418 5442 in
1467 5386 1560 5441 illo
1592 5395 1837 5455 tempore

236 5472 399 5546 quasi
434 5473 487 5527 in
516 5476 706 5533 umbra
753 5490 807 5535 et
851 5489 980 5553 typo
1028 5482 1255 5550 ﬁebant,
1298 5497 1406 5540 non
1456 5484 1511 5539 in
1560 5481 1835 5539 veritate:

245 5574 440 5640 postea
463 5581 593 5624 vero
623 5573 910 5638 praesentia
941 5572 1141 5632 Christi
1167 5577 1526 5648 complentur.

318 5657 387 5715 In
418 5660 571 5728 nube,
602 5670 649 5716 et
688 5663 742 5717 in
772 5668 923 5722 mari.
952 5668 1090 5738 Quia
1136 5679 1193 5727 et
1222 5671 1394 5730 nubes
1420 5672 1701 5746 proprium
1739 5670 1843 5729 bu-

256 5767 465 5812 morem
499 5764 701 5825 portat.

484 5876 487 5879 ·
542 5852 818 5917 Pnaoc.
862 5854 1076 5917 XXX.

1938 3249 2045 3296 tur.
2078 3240 2284 3298 Deinde
2317 3254 2513 3295 manna
2534 3240 2804 3308 cibamur,
2837 3251 2893 3297 et
2922 3252 3106 3313 potum
3147 3245 3446 3316 accipimus
3471 3248 3542 3306 de

1935 3332 2141 3389 Christi
2170 3333 2338 3389 latere
2372 3341 2742 3388 emanautem.
2773 3332 3004 3389 Claritas
3035 3349 3253 3406 quoque
3297 3337 3541 3395 scientia:

1935 3434 2208 3497 tamquam
2232 3424 2491 3481 columna
2524 3424 2687 3495 ignis,
2720 3424 2773 3479 in
2806 3434 2966 3481 nocte
2994 3427 3179 3483 saeculi
3206 3428 3541 3487 demonstra-

1936 3526 2042 3585 tur,
2086 3526 2142 3573 et
2185 3518 2240 3571 in
2282 3513 2651 3570 tribulationis
2694 3525 2853 3583 testu,
2902 3516 3119 3573 divinae
3145 3520 3538 3580 consolationis

1934 3610 2078 3665 nube
2109 3606 2460 3678 protegimur.
2492 3603 2621 3659 Post
2648 3620 2771 3675 qua:
2801 3606 2981 3661 omnia
3014 3608 3057 3662 si
3094 3611 3498 3678 peccaverimus
3518 3654 3534 3680 ,

1934 3704 2036 3758 iSta
2060 3700 2219 3755 nobis
2247 3699 2362 3755 sola
2398 3696 2682 3769 suﬁ‘ragari
2726 3714 2834 3754 non
2880 3709 3138 3770 poterunt
3172 3719 3187 3757 :
3218 3704 3363 3761 sicut
3384 3715 3440 3763 et
3465 3708 3535 3765 ad

1935 3795 2196 3851 Hebraeos
2220 3792 2418 3848 dicitur
2449 3810 2462 3846 :
2492 3790 2706 3848 lrritam
2733 3793 2855 3862 quis
2885 3793 3091 3852 faciens
3118 3796 3291 3869 legem
3323 3800 3531 3875 Moysi,

1934 3888 2148 3944 duobus
2176 3896 2270 3943 aut
2295 3887 2467 3943 tribus
2499 3886 2755 3954 testibus,
2778 3887 2897 3944 sine
2921 3888 3025 3944 ulla
3057 3890 3411 3952 miseratione
3434 3912 3533 3968 puo

1934 3984 2085 4041 nitur
2114 4001 2127 4037 :
2158 3983 2371 4052 Quanto
2402 3982 2570 4053 magis
2611 3982 2815 4051 putatis
2850 3981 3119 4041 deteriora
3169 3990 3368 4044 mereri
3400 4005 3529 4061 sup-

1934 4078 2114 4150 plicia,
2150 4076 2240 4148 qui
2267 4077 2460 4132 Filium
2497 4077 2595 4132 Dei
2617 4076 3061 4134 conculcaverit?
3087 4088 3141 4136 et
3163 4090 3381 4138 caetera.

2008 4171 2191 4243 Neque
2220 4172 2515 4226 idololatra:
2540 4173 2848 4243 eﬂiciamini,
2877 4174 3008 4228 sicut
3038 4176 3249 4243 quidam
3275 4195 3338 4233 ea:
3357 4178 3483 4251 ipsis
3505 4198 3526 4238 :

1934 4265 2365 4336 quemadmodum
2397 4265 2647 4336 scriptum
2694 4274 2769 4320 est
2792 4280 2813 4321 :
2842 4265 2995 4322 Sedit
3039 4270 3266 4340 populus
3294 4275 3523 4328 mandu-
3612 4320 3615 4324 .

1932 4376 2052 4416 care
2071 4369 2121 4414 et
2150 4359 2336 4423 bibere,
2368 4368 2416 4413 et
2436 4369 2774 4414 surrexerunt
2800 4360 2999 4416 ludere.
3024 4361 3081 4416 ln
3113 4361 3279 4420 idolio
3307 4379 3525 4422 recum-

1934 4452 2177 4509 bentium
2224 4466 2394 4522 usque
2435 4452 2572 4507 adeo
2616 4453 2892 4523 negotium
2942 4455 3274 4525 aggravavit,
3304 4464 3364 4511 ut
3404 4458 3526 4516 illos

1855 4532 1909 4587 Ῐ)
1933 4544 2250 4602 idololatras
2272 4542 2440 4598 fuisse
2466 4542 2708 4599 deﬁniat.

2008 4636 2192 4708 Neque
2229 4636 2570 4708 fornicamur,
2604 4636 2735 4689 sicut
2772 4635 2985 4705 quidam
3018 4652 3080 4691 ea:
3118 4637 3248 4704 ipsis
3279 4641 3527 4712 fornicati

1935 4737 2080 4796 sunt,
2110 4738 2158 4783 et
2181 4727 2473 4783 ceciderunt
2494 4742 2599 4779 una
2626 4726 2709 4779 die
2738 4726 2922 4798 t-iginti
2951 4727 3050 4781 tria
3073 4729 3263 4784 millia.
3318 4731 3525 4791 Notan-

1935 4823 2061 4879 dum
2093 4820 2237 4891 quod
2269 4834 2376 4873 non
2404 4817 2579 4872 solum
2612 4816 2915 4872 idololatrre
2937 4818 3114 4887 perire
3141 4822 3414 4882 dicuntur.

2010 4913 2192 4979 Neque
2221 4919 2473 4964 tentemus
2506 4908 2796 4976 Christum,
2822 4909 2956 4963 sicut
2985 4911 3195 4979 quidam
3233 4930 3427 4974 eorum.
3461 4919 3529 4977 Et

1938 5006 2027 5063 hic
2068 5002 2315 5059 Christus
2363 4999 2510 5054 Deus
2556 4998 2865 5055 ostenditur
2896 5017 2911 5053 :
2942 5002 3064 5071 quia
3110 5003 3281 5063 Deum
3326 5008 3530 5070 dixisse

1938 5098 2169 5168 legimus
2203 5110 2218 5147 z
2252 5091 2623 5148 Tentaverth
2653 5105 2742 5147 me
2772 5090 2974 5148 decies.

2011 5196 2384 5262 Tentaverunt,
2416 5202 2465 5250 et
2508 5210 2541 5248 a
2580 5192 2904 5266 serpentibus
2932 5195 3211 5264 perierunt.
3258 5200 3531 5273 Dieentes,

1940 5287 2201 5360 numquid
2231 5295 2416 5359 potest
2445 5287 2587 5344 Deus
2615 5300 2810 5357 parare
2830 5300 3075 5343 mensam
3104 5290 3159 5346 in
3190 5291 3448 5351 deserto?

2014 5380 2196 5453 Neque
2215 5378 2675 5444 murmuraveritis,
2703 5378 2833 5433 sicut
2858 5378 3070 5449 quidam
3093 5398 3270 5439 eorum
3299 5403 3540 5444 murmu-

1941 5481 2223 5528 raverunt:
2254 5482 2302 5527 et
2348 5472 2618 5543 perierunt
2659 5470 2724 5524 ab
2768 5472 3187 5529 exterminatore.
3217 5473 3274 5531 In
3306 5478 3538 5537 tribula-

1946 5569 2189 5627 tionibus
2221 5574 2443 5639 propter
2465 5566 2761 5622 Christum.

2022 5661 2152 5717 llarc
2198 5668 2368 5715 autem
2413 5658 2593 5714 omnia
2632 5659 2688 5714 in
2738 5658 2909 5731 ﬁgura
2955 5661 3321 5733 contingebant
3376 5664 3486 5721 illis
3531 5683 3553 5726 :

1954 5756 2147 5830 scripta
2190 5761 2311 5812 sunt
2341 5760 2518 5810 autem
2545 5751 2614 5808 ad
2656 5751 3033 5823 correptionem
3074 5764 3327 5815 nostram.
3350 5756 3546 5817 Omnia

2926 5843 3005 5910 2’s
