4030 6202
505 191 612 250 747
1538 178 1597 233 S.
1642 173 2018 232 lilERONYMl
2055 168 2341 228 OPERUM
2380 165 2745 223 MANTISSA.
3714 157 3851 217 748

510 320 631 377 qua:
662 304 771 360 illis
816 302 1181 373 contigerunt,
1222 292 1522 350 secundum
1560 290 1700 344 facta
1745 303 1840 343 sua
1883 287 2102 357 quidem
2132 289 2182 347 Α
2209 296 2341 342 esse.
2374 296 2420 337 et
2452 298 2642 336 mensa:
2684 282 3082 377 davnioniarum.
3116 278 3233 335 Non
3280 278 3515 351 potestis
3542 288 3602 335 et
3632 279 3737 335 Dei
3780 288 3850 335 et

509 373 837 469 receperunt
864 415 876 449 :
906 395 999 449 sed
1031 403 1205 445 tamen
1236 387 1359 442 ideo
1382 386 1580 454 scripta
1610 392 1761 457 sunt,
1787 395 1859 434 ne
1882 395 1980 432 nos
2008 394 2103 447 pu-
2210 377 2518 431 daemonum
2549 389 2673 429 esse
2704 373 3018 444 participes.

512 462 690 545 tamus
722 491 943 557 impune
976 495 1222 553 peccare.
1258 478 1314 535 Si
1357 478 1506 533 enim
1536 474 1715 529 adhuc
1753 471 2006 544 parvulis
2048 479 2105 525 et
2289 468 2369 521 Αη
2409 467 2723 521 cumulantur
2770 463 3096 519 Dominum?
3139 463 3246 557 Alii
3294 462 3513 519 codices
3564 462 3788 557 habent
3825 481 3841 516 :

516 580 744 635 rudibus
777 556 881 630 non
928 574 1199 643 pepercit,
1232 577 1439 640 quanto
1471 568 1643 637 magis
1686 564 1865 627 nobis,
1898 564 1987 634 qui
2021 562 2102 616 le-
2212 558 2326 631 Ipsi
2366 576 2445 613 me
2485 561 2782 614 zelaverunt
2811 560 2863 612 in
2908 557 3157 624 Domino,
3207 556 3314 613 hac
3364 566 3467 619 est.
3522 556 3591 611 ad
3632 557 3843 612 zelum

515 686 634 738 gem
685 664 1041 737 perfectionis
1086 662 1416 732 accepimus,
1470 674 1579 715 non
1622 666 1833 729 parcet,
1885 656 1933 709 si
1980 654 2105 708 talia
2214 661 2673 724 provocaveruul.

510 759 831 818 fecerimus!
2288 743 2561 812 Numquid
2586 745 2831 815 fortiores
2855 744 2949 799 illo
2987 745 3204 800 sumus?
3229 743 3333 813 Qui
3360 743 3462 799 ista
3493 759 3603 799 non
3635 742 3784 800 fecit
3818 763 3837 799 :

591 852 656 906 In
685 868 812 921 quos
853 850 984 921 ﬁnes
1024 848 1337 903 sceculorum
1367 844 1701 901 devenerunt.
1734 840 1794 895 In
1824 851 1961 911 quos
1996 845 2107 893 tota
2211 854 2334 894 nam
2367 840 2411 893 si
2442 839 2633 893 scisset
2666 838 2792 893 hinc
2826 837 2986 892 ﬁdem
3017 835 3388 893 ﬁrmissimam
3418 839 3825 908 comprobari,

515 957 816 1016 temporum
848 943 1108 1014 perfectio
1130 938 1464 997 decucurrit.
2211 928 2266 984 in
2295 930 2395 985 hoc
2423 945 2635 1000 quoque
2664 928 2906 985 dedisset
2932 929 3271 999 exemplum.

581 1036 770 1107 Itaque
795 1035 885 1105 qui
912 1051 965 1087 se
998 1033 1264 1087 existimat
1295 1040 1463 1094 stare,
1496 1026 1666 1082 videat
1696 1042 1759 1079 ne
1803 1022 1980 1078 cadat.
2016 1020 2108 1077 Vi-
2288 1023 2475 1076 Omnia
2498 1023 2624 1075 milii
2650 1022 2823 1088 licent,
2854 1023 2944 1075 sed
2972 1039 3074 1075 non
3102 1023 3278 1076 omnia
3298 1023 3598 1093 expediunt.
3623 1022 3839 1079 Omnia

516 1128 667 1194 deat,
692 1141 761 1181 ne
792 1142 887 1196 per
916 1124 1021 1180 hoc
1044 1123 1223 1194 ipsum
1255 1120 1416 1176 cadat
1447 1137 1459 1172 :
1493 1117 1636 1189 quod
1679 1132 1738 1173 se
1766 1123 1915 1172 stare
1944 1114 2111 1170 ﬁrmi—
2213 1131 2334 1186 qum
2364 1132 2390 1168 a
2416 1116 2534 1186 lege
2560 1132 2667 1169 non
2698 1116 3077 1186 prohibentur,
3106 1115 3272 1169 licent
3298 1133 3311 1169 :
3345 1116 3469 1187 quia
3491 1131 3590 1185 per
3620 1132 3681 1171 se
3713 1130 3836 1170 non

521 1232 604 1275 ter
632 1218 897 1290 gloriatur
933 1236 944 1270 :
980 1218 1123 1281 sive,
1150 1214 1330 1269 videat
1359 1227 1427 1267 ne
1450 1210 1688 1265 fallatur.
2215 1209 2415 1264 habent
2448 1219 2727 1279 peccatum
2758 1250 2773 1274 ,
2812 1208 2907 1264 sed
2942 1224 3047 1263 non
3079 1223 3298 1277 semper
3328 1208 3659 1277 expediunt:
3695 1206 3836 1279 quia

585 1313 829 1368 Tentatio
859 1329 948 1366 vos
991 1327 1095 1365 non
1138 1306 1529 1380 apprehendat,
1563 1304 1665 1357 nisi
1707 1305 1957 1356 humana.
1989 1298 2107 1354 Non
2215 1302 2561 1358 occasionem
2603 1316 3006 1371 nonnumquam
3038 1302 3305 1371 generant
3333 1300 3713 1370 delinquendi.

513 1406 671 1462 vobis
715 1406 868 1461 venit
903 1403 1251 1460 extrinsecus
1296 1401 1402 1454 ista
1450 1398 1700 1461 tentatio,
1750 1408 1911 1465 quam
1956 1391 2111 1445 vobis
2292 1395 2481 1450 Omnia
2519 1396 2645 1449 mihi
2675 1397 2849 1466 licent,
2882 1397 2972 1450 sed
2996 1412 3101 1450 non
3140 1396 3315 1449 omnia
3334 1396 3613 1465 wdi/icant.
3642 1393 3839 1449 Nemo

515 1510 712 1572 sponte
738 1500 1044 1570 generatis;
1072 1510 1233 1567 quam
1266 1494 1428 1549 etiam
1474 1491 1519 1545 si
1552 1488 1841 1543 tormentis
1889 1497 2113 1555 cogere-

521 1595 673 1661 mini,
708 1593 997 1648 admittere
1031 1603 1135 1644 non
1176 1584 1471 1643 deberetis.
1502 1582 1615 1638 Hoc
1644 1581 1765 1636 ideo
1792 1578 1945 1645 dicit,
1984 1576 2108 1647 quia

2216 1490 2353 1560 quod
2385 1506 2538 1544 suum
2566 1500 2638 1545 est
2667 1500 2885 1562 quwrat,
2918 1490 3009 1545 sed
3040 1489 3180 1560 quod
3209 1490 3436 1545 alterius.
3460 1490 3631 1545 Omne
3656 1488 3829 1557 quod

2218 1582 2467 1652 expedit,
2516 1582 2677 1637 licet:
2730 1597 2839 1638 non
2879 1597 3040 1638 omne
3069 1582 3213 1653 quod
3243 1582 3386 1648 licet,
3424 1582 3672 1652 expedit;
3709 1581 3828 1637 sed

516 1695 817 1757 spontanea
873 1684 1170 1748 voluntate,
1234 1677 1519 1735 immolata
1604 1673 1763 1731 idolis
1823 1671 2115 1727 manduca-
2148 1680 2196 1739 B
2223 1689 2321 1728 nos
2352 1674 2597 1743 Apostoli
2640 1675 2893 1745 exemplo
2924 1684 2978 1729 et
3021 1673 3226 1729 Christi
3275 1690 3380 1728 non
3418 1673 3679 1727 debemus
3725 1672 3827 1727 illa

523 1782 677 1834 bant.

589 1867 795 1922 Fidelis
815 1873 987 1919 autem
1014 1863 1157 1916 Deus
1181 1871 1275 1928 est,
1309 1861 1397 1930 qui
1434 1875 1534 1914 non
1558 1857 1785 1929 patietur
1812 1870 1899 1909 ros
1922 1850 2114 1908 tentari

524 1978 690 2031 supra
716 1958 769 2011 id
792 1957 929 2027 quod
958 1952 1193 2025 potestis.
1227 1950 1328 2019 Qui
1359 1965 1419 2006 se
1450 1950 1721 2021 pollicitus
1762 1955 1847 2002 est
1886 1944 1967 2001 sui
2018 1958 2117 1999 no-

527 2051 692 2107 minis
722 2062 884 2103 causa
910 2044 1313 2099 tribulationem
1346 2042 1676 2114 patientibus
1703 2039 2020 2106 aﬁ'uturunt,
2055 2044 2115 2090 ut

524 2147 599 2200 ihi
637 2167 650 2200 :
683 2142 861 2199 Multa:
890 2138 1268 2194 tribulationes
1291 2137 1584 2209 justorum,
1614 2142 1670 2190 et
1698 2144 1917 2189 caetera.

595 2235 702 2291 Sed
724 2234 877 2305 faciet
902 2232 1059 2285 etiam
1085 2246 1202 2283 cum
1236 2228 1515 2285 tentatione
1536 2236 1859 2299 prouentum,
1885 2233 1941 2278 ut
1959 2224 2120 2295 possit

530 2329 809 2383 sustinere.
859 2324 974 2379 Non
1024 2322 1342 2392 ampliorem
1384 2319 1538 2375 vobis
1590 2316 1997 2373 tribulationem
2029 2331 2122 2370 ve-

531 2426 649 2478 nire
678 2425 936 2492 patietur,
966 2431 1126 2487 quam
1155 2414 1427 2469 sustinere
1447 2412 1691 2481 possitis.

624 2514 846 2585 I'rOp'cr
868 2509 1029 2582 quod,
1060 2506 1352 2561 charissimi
1383 2503 1532 2572 mihi,
1564 2503 1730 2574 fugite
1765 2501 1827 2554 ab
1866 2500 2129 2554 idolorum

527 2609 753 2664 cultura.
793 2602 860 2659 Ut
883 2600 1219 2672 prudentibus
1238 2599 1443 2668 loquor,
1458 2612 1545 2649 vos
1573 2595 1674 2665 ipsi
1696 2594 1959 2667 judicate,
1984 2590 2125 2663 quod

527 2705 667 2756 dico.
704 2699 936 2767 Pro‘pter
958 2696 1162 2761 omnia,
1195 2705 1317 2764 quae
1344 2689 1593 2761 superius
1622 2684 2039 2758 comprehendi.

598 2794 751 2849 Catia:
773 2787 1172 2853 benedictionis,
1204 2785 1290 2838 cui
1320 2781 1692 2837 benedicimns.
1727 2779 1852 2834 ldeo
1890 2776 2125 2847 primum

532 2887 762 2943 calicem
818 2880 1159 2946 nominavit,
1216 2885 1277 2931 ut
1321 2874 1491 2946 possit
1537 2872 1606 2929 de
1654 2886 1794 2943 pane
1825 2871 1985 2926 latius
2016 2867 2129 2924 dis-

539 2993 751 3053 putare.

2223 1774 2431 1821 tantum
2464 1765 2816 1822 considerare
2853 1782 2972 1836 qua:
2996 1767 3195 1833 licent,
3225 1765 3321 1821 sed
3348 1765 3435 1820 illa
3468 1764 3651 1836 potius
3694 1780 3829 1835 qua:

2219 1858 2379 1914 nobis
2406 1859 2701 1930 cXpediunt
2726 1901 2740 1923 ,
2772 1869 2826 1913 et
2850 1860 3125 1916 aediﬁcant
3156 1858 3391 1915 fratres:
3431 1868 3490 1913 ut
3531 1873 3640 1913 non
3668 1873 3825 1926 qure-

2217 1966 2404 2006 ramus
2436 1967 2558 2022 quae
2590 1951 2747 2007 nobis
2778 1953 2916 2009 solis
2945 1952 3318 2024 temporaliter
3350 1953 3593 2024 prosint,
3620 1961 3677 2007 et
3702 1950 3832 2006 aliis

2221 2048 2355 2104 forte
2386 2058 2602 2103 nocent.

2297 2140 2459 2196 Omne
2487 2142 2627 2212 quod
2656 2142 2708 2197 in
2739 2143 2957 2197 macello
2994 2145 3149 2211 venit,
3177 2144 3492 2199 manducate
3522 2189 3537 2213 ,
3573 2144 3710 2198 nihil
3740 2145 3831 2197 in-

2223 2242 2558 2305 terrogantes,
2580 2244 2791 2308 prapter
2812 2236 3202 2291 conscientiam.
3229 2236 3287 2292 Si
3310 2237 3471 2291 vultis
3494 2235 3834 2292 manducare

2223 2344 2440 2396 carnes,
2475 2329 2667 2385 saltem
2695 2328 2764 2384 de
2794 2328 3023 2384 macello
3052 2338 3403 2401 comparate:
3441 2339 3647 2386 tantum
3673 2345 3743 2385 ne
3772 2330 3833 2385 in

2226 2420 2389 2475 idolio
2408 2420 2730 2486 comedatis,
2753 2432 2808 2477 et
2842 2423 3015 2477 nolite
3039 2422 3404 2495 interrogare,
3426 2433 3608 2478 utrum
3634 2423 3834 2478 immo-

2223 2512 2349 2567 latae
2368 2513 2477 2567 sint
2508 2531 2519 2565 ε
2555 2530 2623 2569 ne
2643 2525 3036 2585 cognoscentes
3059 2530 3178 2586 vos,
3204 2516 3383 2572 omnia
3408 2518 3684 2573 immolata
3710 2532 3836 2572 esse

2229 2605 2638 2675 respondeant,
2684 2616 2870 2662 etnon
2922 2608 3143 2678 possitis
3175 2620 3398 2681 prapter
3442 2610 3837 2665 conscientiam

2230 2698 2579 2755 mandtmare.

2305 2790 2514 2845 Domini
2543 2800 2615 2845 est
2642 2802 2803 2861 terra,
2828 2801 2877 2847 et
2897 2792 3165 2865 plenitudo
3193 2796 3331 2867 ejus.
3356 2794 3412 2851 Si
3437 2792 3657 2851 Domini
3684 2799 3834 2863 sunt,

2233 2882 2433 2938 munda
2466 2892 2592 2938 sunt
2621 2884 2801 2939 omnia
2835 2885 3160 2954 simpliciter
3190 2886 3492 2941 utentibus.

2312 2974 2373 3030 Si
2394 2977 2508 3045 quis
2540 2986 2687 3030 vocat
2709 2993 2799 3031 vos
2825 2977 3115 3047 inﬁdelium
3138 2979 3206 3032 ad
3230 2995 3448 3047 auitam,
3479 2988 3527 3033 et
3549 2978 3706 3033 vultis
3725 2979 3799 3030 ire
3821 2991 3839 3028 :

613 3072 803 3129 Nonne
851 3062 1249 3124 communicatio
1304 3059 1574 3131 sanguinis
1614 3055 1804 3111 Chr?!”
1853 3055 1962 3109 95‘?
2015 3051 2132 3108 εἷθ’
2162 3065 2208 3129 C
2240 3084 2388 3123 omne
2414 3070 2553 3140 quod
2585 3071 2726 3124 vobis
2755 3072 3057 3143 apponitur,
3087 3072 3433 3128 manducata:
3462 3072 3598 3127 nihil
3617 3072 3841 3124 interro-

536 3180 597 3224 ut
647 3167 765 3236 ipse
822 3163 1075 3219 Salvator
1138 3155 1271 3211 dicit
1326 3170 1341 3209 :
1391 3151 1493 3219 Qui
1548 3148 1840 3203 manducat
1898 3160 2117 3201 carnem

538 3274 740 3327 meam,
771 3264 827 3311 et
867 3252 1067 3309 biberit
1115 3245 1432 3318 sanguinem
1466 3256 1680 3308 meum,
1714 3240 1771 3294 in
1802 3253 1888 3294 me
1931 3250 2134 3305 manet,

546 3365 605 3407 et
634 3366 733 3421 ego
764 3348 819 3402 in
846 3361 934 3401 eo.

615 3442 684 3497 Et
710 3440 858 3513 panis
884 3452 1033 3509 quem
1056 3432 1365 3506 frangimus,
1393 3443 1561 3484 nonne
1587 3425 1921 3500 participatio
1946 3440 2135 3495 carpo-

2246 3173 2456 3233 gnntes,
2499 3172 2707 3235 propter
2727 3165 3114 3219 conscientiam.
3152 3164 3211 3219 Si
3252 3165 3368 3233 quis
3398 3176 3571 3219 autem
3610 3162 3843 3217 dixerit:

2242 3255 2360 3309 Hoc
2401 3257 2724 3311 immolatum
2750 3268 2823 3312 est
2854 3257 3045 3312 idolis:
3069 3257 3227 3313 nolite
3257 3258 3608 3323 manducare,
3639 3264 3846 3330 propter

2244 3348 2391 3401 illum
2414 3348 2502 3419 qui
2531 3348 2777 3402 indicavit
2795 3391 2811 3418 ,
2853 3360 2899 3404 et
2925 3360 3135 3422 propter
3156 3352 3539 3405 conscientiam.
3564 3347 3844 3406 Concessit

2245 3442 2327 3496 ire
2351 3442 2392 3494 si
2415 3440 2603 3495 velint.
2624 3440 2775 3498 Tunc
2796 3456 2924 3498 sane
2947 3442 3463 3500 debet'Christianus
3488 3445 3554 3498 ad
3578 3442 3844 3498 infidelem

547 3538 624 3592 ris
653 3533 860 3587 Domini
882 3531 999 3585 est?
1026 3526 1282 3593 Ωιιοηίαηι
1311 3539 1445 3577 ωιυδ
1483 3520 1635 3593 Pan“
1664 3529 1710 3573 εί
1748 3533 1910 3572 """m
1951 3531 2142 3587 corpus
2250 3534 2351 3598 ire,
2374 3532 2418 3587 si
2440 3533 2591 3587 novit
2611 3548 2733 3589 esse
2754 3533 3086 3605 profectum;
3111 3536 3246 3590 sicut
3268 3532 3533 3602 Salvator,
3558 3532 3725 3606 quiad
3745 3528 3847 3587 hoc

560 3627 712 3681 multi
759 3641 959 3679 sumus.
1017 3621 1094 3675 Ita
1143 3628 1203 3675 et
1248 3616 1400 3689 panis
1439 3613 1784 3682 idololatriae,
1836 3613 2143 3669 daemonum

557 3736 639 3791 pat
658 3716 899 3785 ticipatio
925 3728 1044 3768 esse
1077 3718 1431 3766 monstratur.

634 3807 822 3875 Omnes
852 3804 1061 3876 quidem
1083 3802 1146 3854 de
1166 3815 1270 3853 uno
1297 3814 1453 3870 pane,
1486 3806 1531 3851 et
1556 3796 1619 3851 de
1644 3812 1749 3851 uno
1784 3796 1943 3850 calice
1978 3797 2147 3867 partl-

562 3904 814 3969 cipamus.
866 3896 941 3950 lta
988 3893 1031 3947 si
1062 3907 1183 3948 cum
1216 3888 1517 3945 idololatris
1544 3888 1612 3943 dc
1651 3904 1759 3945 uno
1799 3903 1939 3961 pane
1968 3902 2152 3945 come-

560 3996 762 4058 dimus,
788 4005 952 4045 unum
981 4001 1101 4041 cum
1132 3985 1239 4040 illis
1261 3997 1459 4053 corpus
1483 3982 1773 4039 efﬁcimur.

646 4087 827 4140 Videte
862 4079 1027 4135 Israel
1070 4077 1349 4132 secundant
1398 4093 1626 4130 carnem.
1672 4077 1922 4133 Carnalis
1961 4076 2151 4143 Israel,

562 4179 812 4238 carnales
860 4172 1070 4229 hostias
1108 4169 1415 4225 offerebat:
1450 4171 1588 4225 sicut
1634 4170 1953 4240 spiritualis,
1990 4171 2159 4225 sacri-

570 4276 689 4331 ﬁcia
722 4267 1029 4343 Spirituaiia
1055 4264 1213 4321 offert
1236 4263 1477 4320 Christo.
1518 4263 1651 4319 item
1699 4264 1824 4318 ideo
1858 4266 2157 4319 secundum

572 4381 816 4430 carnem,
848 4359 988 4431 quod
1024 4358 1179 4429 juxta
1224 4357 1460 4412 litteram
1494 4369 1601 4409 non
1650 4354 2007 4426 spiritualiter
2038 4370 2159 4411 ser-

568 4466 802 4518 vierunt.

649 4553 836 4608 Nonne
878 4549 968 4620 qui
1006 4548 1163 4603 edunt
1208 4542 1428 4605 hostias,
1460 4538 1741 4610 participes
1780 4549 1901 4593 sunt
1943 4541 2165 4597 altaris?

579 4648 730 4703 Sicut
773 4644 850 4699 illi
883 4641 1108 4697 edentes
1144 4635 1375 4698 hostias,
1407 4631 1703 4703 participes
1750 4630 1952 4688 ﬁebant
1998 4632 2162 4689 divini

651 4829 789 4899 Quid
811 4826 961 4896 ergo?
982 4819 1115 4876 Dico
1144 4818 1282 4890 quod
1310 4816 1467 4870 idolis
1492 4813 1823 4868 immolatum
1851 4815 1916 4870 sit
1946 4815 2165 4889 aliquid,

580 4935 667 4979 aut
688 4920 827 4992 quod
848 4918 1045 4971 idolum
1066 4914 1130 4966 sit
1148 4908 1387 4979 aliquid?
1412 4906 1518 4963 Sed
1538 4921 1657 4978 qua:
1678 4907 1949 4963 immolant
1972 4920 2169 4981 gentes,

584 4991 854 5069 dwntoniis
883 5004 1176 5067 immolant,
1211 5012 1257 5054 ct
1284 5016 1390 5053 non
1424 4998 1555 5053 Deo.
1604 4991 1746 5053 Nolo
1774 5009 1947 5055 autem
1972 5016 2059 5054 vos
2087 5016 2174 5055 so-

584 5110 691 5161 cios
722 5102 834 5174 ﬁeri
877 5100 1277 5154 dientoniorum.
1318 5089 1616 5155 Prtevcnit,
1652 5105 1719 5147 ne
1758 5093 1880 5162 quis
1919 5090 2125 5149 diceret
2157 5112 2169 5147 :

584 5200 729 5268 Ergo
774 5194 910 5249 dicis
942 5193 1051 5245 vim
1098 5188 1335 5257 aliquam
1370 5183 1582 5240 habere
1625 5182 1853 5251 idolum,
1885 5186 1971 5241 vel
2014 5201 2174 5256 posse

587 5285 870 5361 polluere?
902 5284 1040 5348 Non,
1089 5280 1285 5350 inquit,
1327 5276 1533 5332 idolum
1584 5275 1903 5333 insensibile
1953 5278 2170 5348 polluit,

584 5385 678 5439 sed
718 5382 1017 5443 dannones,
1067 5372 1160 5444 qui
1200 5370 1419 5439 templis
1462 5369 1761 5438 prtesident
1811 5370 1878 5425 ad
1922 5370 2174 5430 homines

583 5469 983 5546 depravandos,
1012 5475 1067 5523 et
1096 5478 1200 5520 suo
1228 5461 1454 5515 servitio
1482 5459 1893 5530 maneipandos.

659 5564 781 5618 Non
830 5559 1044 5630 potestis
1094 5555 1315 5609 calicem
1357 5550 1568 5606 Domini
1621 5552 1806 5619 bibere,
1861 5564 1910 5607 et
1961 5554 2175 5610 calicem

590 5654 981 5709 da'ntoniorum.
1016 5647 1137 5704 Non
1166 5644 1383 5717 potestis
1413 5658 1601 5700 mensa:
1636 5641 1851 5700 Domini
1886 5648 2183 5719 participes

2252 3624 2380 3687 ibat,
2402 3632 2461 3677 ut
2481 3632 2571 3678 aut
2592 3624 2741 3695 signa
2766 3625 2986 3692 faceret,
3012 3637 3103 3681 aut
3124 3626 3344 3683 doceret
3366 3645 3377 3682 :
3407 3630 3544 3682 sicut
3561 3626 3698 3697 apud
3720 3624 3848 3696 pha-

2252 3717 2469 3774 rismum
2496 3760 2510 3785 ,
2538 3719 2712 3787 primo
2741 3718 2916 3789 ipsum
2956 3719 3137 3775 docuit
3161 3764 3175 3787 ,
3200 3737 3307 3776 non
3333 3720 3527 3776 divites
3552 3717 3847 3791 pascendos

2254 3822 2395 3874 esse,
2429 3808 2525 3864 sed
2552 3809 2780 3867 debiles.
2811 3810 3015 3867 Deinde
3059 3813 3217 3868 simul
3246 3812 3648 3883 discumbentes
3671 3808 3848 3867 docuit

2256 3900 2611 3957 humilitatem
2656 3903 2817 3959 etiam
2856 3902 2909 3959 in
2953 3904 3200 3961 accubitu
3230 3906 3523 3961 custodire.
3575 3905 3847 3961 Postremo

2258 3994 2602 4064 legisperitos
2633 3996 2808 4065 arguit
2836 3997 3160 4067 arrogantia:
3186 4042 3199 4063 ,
3228 4012 3294 4053 eo
3323 3996 3465 4068 quod
3502 4013 3599 4053 nec
3639 3996 3736 4068 ipsi
3764 4010 3847 4051 re-

2261 4088 2583 4157 darguerem
2625 4090 2967 4160 superbiam,
2996 4106 3097 4147 nec
3117 4090 3252 4146 alios
3281 4101 3610 4161 paterentur.

2336 4178 2717 4233 Conscientiam
2756 4191 2928 4234 autem
2964 4180 3104 4248 dico,
3138 4198 3240 4236 non
3268 4190 3413 4236 luant
3437 4228 3450 4250 ,
3493 4182 3582 4236 sed
3622 4181 3845 4235 alterius.

2264 4268 2343 4323 Ne
2368 4270 2489 4339 quis
2512 4278 2663 4339 putet
2688 4270 2782 4325 illa
2814 4287 2909 4327 vos
2939 4274 3092 4343 quasi
3121 4287 3305 4329 sancta
3340 4275 3643 4331 comedere.

2343 4361 2411 4417 Ut
2441 4363 2568 4433 quid
2589 4365 2725 4418 enim
2756 4364 2965 4419 libertas
3001 4383 3109 4419 mea
3124 4367 3400 4439 judicatnr
3428 4367 3489 4420 ab
3526 4366 3697 4421 aliena
3732 4383 3853 4422 con-

2191 4448 2246 4509 D
2271 4455 2529 4508 scientia?
2557 4454 2670 4510 Hoc
2690 4463 2795 4523 est,
2829 4456 2895 4511 ad
2925 4473 3083 4528 quem
3115 4458 3418 4528 profectum
3446 4459 3519 4515 ita
3543 4468 3668 4515 utor
3697 4457 3852 4517 liber-

2275 4556 2385 4602 tate
2415 4562 2553 4613 mea,
2590 4558 2648 4602 ut
2676 4564 2761 4604 me
2789 4551 2929 4606 alius
2956 4551 3354 4621 reprehendat?

2348 4636 2410 4694 Si
2454 4654 2551 4709 ego
2581 4655 2697 4692 cum
2726 4642 2899 4712 gratia
2934 4644 3218 4716 participe,
3251 4644 3381 4716 quid
3409 4643 3734 4712 blaspltemor
3767 4659 3854 4715 pro

2275 4747 2358 4799 eo,
2386 4732 2525 4801 quod
2545 4732 2741 4802 gratias
2773 4736 2910 4803 ago?
2938 4734 3053 4789 Non
3086 4734 3209 4791 ideo
3237 4736 3339 4790 sub
3369 4736 3538 4807 gratia
3570 4750 3779 4801 sumus,
3804 4744 3856 4789 ut

2276 4823 2382 4877 sub
2420 4822 2688 4878 libertatis
2732 4825 2917 4895 specie
2952 4828 3295 4883 occasionem
3334 4823 3520 4881 demus
3556 4823 3857 4880 inﬁdelibus

2282 4914 2725 4984 blasphemandi.

2357 5007 2474 5063 Sive
2504 5024 2623 5080 ergo
2659 5010 2986 5065 manducatis
3003 5055 3017 5076 ,
3047 5013 3152 5067 sive
3178 5012 3371 5078 bibitis,
3391 5012 3467 5068 rel
3488 5011 3633 5066 aliud
3650 5009 3765 5081 quid
3783 5010 3860 5081 {ac

2282 5099 2421 5165 citis,
2454 5101 2709 5154 omniain
2746 5100 2968 5172 gloriam
3000 5101 3099 5158 Dei
3124 5105 3301 5175 facite.
3335 5102 3478 5160 Nihil
3513 5104 3679 5174 magis
3708 5116 3858 5173 agen-

2283 5191 2412 5247 dum
2444 5202 2530 5248 est
2555 5194 2864 5250 Christiano
2890 5236 2905 5261 ,
2934 5211 3097 5266 quam
3136 5204 3194 5250 nt
3238 5196 3292 5251 in
3322 5199 3475 5253 omni
3516 5208 3681 5269 opere
3713 5194 3821 5267 ejus
3842 5238 3856 5263 ,

2285 5285 2381 5341 Dei
2428 5286 2599 5356 gloria
2647 5287 2971 5358 praedicetur
3010 5307 3024 5345 :
3075 5306 3177 5347 nec
3226 5291 3431 5363 aliquid
3482 5292 3683 5362 faciat,
3737 5290 3861 5347 unde

2284 5378 2486 5435 Christi
2516 5381 2762 5436 doctrina
2795 5384 2965 5451 possit
2992 5384 3043 5439 in
3074 5384 3256 5455 aliquo
3278 5384 3633 5455 reprehendi.

2360 5471 2486 5527 Sine
2515 5471 2802 5537 offensione
2821 5482 2978 5527 estote
2997 5472 3199 5531 Iudaeis
3220 5486 3266 5532 et
3286 5476 3549 5548 gentibus,
3572 5488 3620 5532 et
3643 5474 3864 5533 Ecclesia:

2289 5560 2411 5617 Dei.
2444 5563 2579 5629 Quia
2611 5575 2666 5619 et
2694 5563 2870 5620 Judazi
2901 5573 3173 5636 tamquam
3206 5568 3273 5623 de
3299 5569 3627 5626 idololatriis
3656 5570 3864 5627 scandao

2289 5654 2401 5713 lum
2430 5656 2727 5728 patientes,
2758 5653 2985 5713 credere
3026 5672 3134 5714 non
3178 5659 3452 5718 audebant
3478 5680 3490 5717 :
3524 5672 3578 5720 et
3610 5674 3792 5734 gentes
3817 5663 3866 5718 in
