4030 6202
130 205 240 264 749

876 208 1423 268 COMMENTARIUS
1462 210 1528 266 ΙΝ
1573 210 1960 271 EPISTOLAM
2002 214 2017 268 Ι
2060 214 2153 271 AD
2190 211 2349 270 COR.
2390 214 2547 273 CAP.
2589 215 2681 273 XI.

3326 227 3441 289 τω

129 320 377 378 colendis
406 320 577 377 idolis
614 320 970 378 minabantur
993 362 1009 389 ,
1056 335 1113 380 et
1153 322 1454 380 Christiani
1501 324 1595 379 tali
1633 324 1702 379 de
1759 329 1811 387 Α
1912 326 2361 396 Quoniumimugo
2385 336 2431 380 et
2454 329 2623 398 gloria
2652 329 2748 381 Dei
2770 338 2844 382 est
2868 346 2887 383 :
2916 332 3105 388 mulier
3123 342 3297 389 autem
3324 337 3433 407 glo-

130 414 491 470 struebantur
510 414 783 486 exemplo.

208 508 359 563 Sicut
387 518 433 562 et
464 526 561 580 ego
588 526 679 579 per
704 510 882 564 omnia
917 510 1155 565 omnibus
1193 510 1377 577 placeo
1402 556 1416 579 ,
1453 527 1555 567 non
1583 528 1730 583 qure-

129 617 254 654 rens
301 601 439 670 quod
477 602 608 656 mihi
646 603 776 658 utile
813 612 911 673 est,
954 604 1046 659 sed
1089 605 1229 674 quod
1268 605 1454 660 multis
1501 616 1558 659 ut
1598 605 1732 661 salvi

130 690 286 759 ﬁant.
331 690 444 760 Ego
460 707 556 746 me
584 692 665 747 sic
705 692 946 749 exhibeo
971 738 987 762 ,
1022 702 1079 749 ut
1113 694 1367 749 omnibus
1393 694 1636 765 placeam
1664 697 1733 751 ad

134 784 469 852 profectum.
517 783 577 841 Si
610 785 735 854 quis
769 801 865 842 me
892 787 1013 842 sine
1052 800 1218 843 causa
1246 786 1432 843 odisse
1461 787 1729 854 voluerit,

135 891 245 947 ego
270 892 384 933 non
411 892 530 934 satu
560 878 616 935 in
644 879 829 950 culpa.
871 880 1175 952 Numquam
1207 881 1507 949 Apostolus
1528 882 1650 953 ipse
1675 896 1736 938 se

137 968 353 1037 laudat,
378 985 485 1026 non
510 984 571 1027 se
592 970 659 1026 ad
678 972 1056 1029 extollendam
1080 972 1262 1028 laudat
1284 991 1296 1029 :
1317 972 1410 1029 sed
1432 988 1532 1028 suo
1551 988 1738 1029 exem-

130 1061 230 1132 plo
260 1062 382 1118 illos
414 1073 673 1130 provocat
698 1064 764 1119 ad
797 1066 1124 1135 profectum.
1156 1064 1310 1121 Unde
1336 1075 1392 1120 et
1419 1080 1517 1119 nos
1539 1064 1607 1118 ad
1630 1063 1735 1118 hoc

133 1156 321 1210 solum
350 1156 616 1213 debemus
648 1160 789 1215 velle
812 1160 1035 1228 placere
1062 1178 1074 1213 :
1101 1170 1160 1213 ut
1182 1160 1324 1215 sicut
1353 1160 1501 1214 illius
1525 1168 1732 1214 tantttm

136 1248 289 1303 Deus
316 1259 557 1304 nostram
592 1252 805 1306 noverit
828 1252 1223 1307 conscientiam
1262 1268 1277 1303 :
1311 1250 1435 1321 quia
1477 1265 1583 1305 non
1632 1249 1737 1305 hoc

134 1352 364 1411 propter
394 1343 666 1411 favorem,
699 1344 794 1401 sed
826 1354 1051 1416 propter
1081 1345 1310 1400 salutem
1343 1343 1622 1401 hominum
1650 1345 1734 1400 fa-

132 1433 337 1490 cimus.

750 1505 981 1561 CAPUT
1019 1503 1115 1562 XI.

214 1614 512 1670 lmitatores
536 1616 636 1670 mei
666 1625 848 1685 estote,
884 1618 1013 1672 sicut
1047 1628 1093 1671 et
1121 1633 1212 1689 ego
1243 1616 1455 1673 Christi.
1488 1617 1738 1675 Christus

1833 420 1914 475 ria
1946 421 2041 475 viri
2080 430 2174 474 est.
2211 420 2303 475 Vir
2333 421 2401 475 ad
2434 421 2724 492 imaginem
2766 422 2862 478 Dei
2892 424 3067 482 factus
3096 438 3180 484 est
3210 444 3225 484 :
3268 439 3324 486 et
3350 430 3435 486 id-

1835 513 1981 568 circo
2014 511 2149 568 liber
2174 521 2275 567 est.
2310 512 2499 568 Mulier
2525 528 2653 569 vero
2684 514 2751 569 ad
2777 515 2882 571 viri
2909 518 3321 578 similitudinem
3348 532 3437 581 est

1835 600 2069 659 formata
2102 621 2115 657 :
2146 604 2291 660 unde
2316 604 2539 673 iubetur
2568 620 2691 689 esse
2713 607 2977 677 subjecta.

1914 698 2036 753 Non
2066 700 2201 753 enim
2224 699 2301 752 rir
2327 714 2389 754 ea:
2414 700 2631 755 muliere
2654 709 2750 768 est,
2777 701 2869 757 sed
2896 703 3087 759 mulier
3110 720 3177 759 ex
3198 706 3327 761 viro.
3354 706 3433 763 Ex

1837 798 1988 846 costa
2009 791 2217 847 scilicet
2245 789 2369 846 viri.

1911 881 2119 937 Etenim
2149 899 2250 938 non
2289 892 2368 938 est
2394 894 2596 939 creatus
2636 886 2715 939 oir
2754 894 2965 958 propter
3000 889 3308 960 mulierem,
3346 892 3438 947 sed

1839 974 2027 1028 mulier
2050 985 2257 1046 propter
2285 975 2467 1028 cirum.
2505 976 2597 1030 Vir
2619 987 2844 1047 propter
2863 979 3105 1051 seipsum
3132 980 3307 1037 factus
3326 990 3437 1049 est,

1839 1066 2036 1121 mulier
2065 1078 2198 1123 vero
2225 1067 2293 1122 ad
2318 1068 2421 1122 viri
2446 1068 2775 1137 adiutorium
2804 1081 2989 1127 creata
3016 1081 3123 1129 est.

1911 1156 2039 1212 Ideo
2059 1159 2204 1212 debet
2229 1159 2415 1212 mulier
2438 1159 2666 1215 velamen
2682 1161 2873 1217 habere
2896 1180 3057 1233 super
3079 1174 3236 1235 caput
3264 1182 3445 1223 suum.

1841 1247 2097 1306 V-clamen
2128 1250 2340 1320 signum
2376 1254 2658 1320 potestatis
2688 1269 2811 1310 esse
2836 1255 3101 1312 declarat.

1912 1339 1981 1396 Et
2007 1336 2216 1413 praptor
2242 1342 2479 1412 angelos.
2510 1342 2643 1398 Item
2678 1344 2789 1399 hoc
2822 1347 2940 1400 loco
2970 1347 3216 1416 angelos,
3244 1348 3441 1404 Eccle-

1840 1432 1936 1487 siis
1971 1432 2331 1503 praesidentes
2365 1434 2501 1489 dicit
2534 1452 2547 1487 :
2579 1434 2725 1490 sicut
2747 1444 2805 1491 et
2842 1436 3135 1492 Malachias
3177 1442 3441 1508 propheta

1843 1532 2091 1591 testatur,
2135 1525 2478 1579 sacerdotem
2527 1527 2781 1595 angelum
2814 1542 2971 1593 esse,
3001 1529 3192 1582 dicens
3225 1546 3238 1581 :
3273 1530 3433 1585 Lahia

1842 1614 1985 1669 enim
2009 1616 2309 1672 sacerdotis
2337 1616 2650 1671 custodiunt
2676 1617 2957 1675 scientiam
2993 1636 3006 1672 :
3049 1619 3117 1673 Et
3140 1621 3319 1688 legem
3351 1635 3437 1673 re-

138 1708 271 1763 nihil
307 1718 530 1779 propter
560 1723 619 1762 se
646 1707 795 1771 l‘ccit,
830 1718 923 1763 aut
948 1724 1142 1778 passus
1164 1719 1269 1776 est,
1302 1710 1403 1766 sed
1430 1719 1516 1767 est
1540 1712 1736 1767 salutis
1767 1709 1815 1772 Β
1844 1708 2058 1775 quirent
2083 1724 2151 1763 ex
2171 1724 2267 1765 ore
2288 1708 2430 1779 ejus,
2459 1710 2581 1778 quia
2609 1709 2836 1780 angelus
2862 1711 3073 1765 Domini
3099 1713 3443 1767 exercituum

136 1814 307 1857 causa
338 1801 659 1856 multorum.
694 1800 824 1856 Item
853 1804 945 1872 qui
980 1816 1087 1856 non
1127 1803 1324 1871 qumrit
1351 1818 1413 1857 ea
1440 1846 1455 1869 ,
1484 1819 1607 1873 quae
1628 1804 1739 1861 sibi

140 1894 246 1949 soli
278 1892 573 1964 expediant
597 1934 611 1958 ,
644 1893 737 1949 sed
766 1903 820 1949 et
850 1893 1101 1963 pluribus
1126 1938 1142 1959 ,
1173 1903 1231 1948 ut
1256 1894 1391 1949 salvi
1422 1894 1560 1948 fiant
1585 1914 1598 1951 :
1627 1896 1743 1965 ipse

142 1986 395 2041 imitator
421 1995 508 2039 est
532 1983 765 2051 Christi,
798 1985 885 2055 qui
916 1999 1015 2055 pro
1042 1984 1201 2041 nobis
1236 1993 1292 2041 et
1322 2000 1511 2057 passus
1535 1995 1621 2043 est
1643 2028 1657 2053 ,
1689 1992 1746 2043 et

142 2090 418 2137 mortuus.

222 2170 409 2225 Laudo
435 2180 608 2225 autem
638 2187 750 2236 vos,
786 2173 998 2241 fratres,
1031 2173 1168 2243 quod
1198 2188 1288 2242 per
1316 2173 1490 2228 omnia
1516 2172 1614 2227 mei
1642 2188 1746 2227 nte-

150 2279 322 2317 mores
350 2263 498 2317 estis.
535 2263 729 2333 Incipit
754 2264 823 2319 de
852 2264 1177 2319 velamentis
1201 2307 1217 2331 ,
1270 2274 1328 2319 et
1370 2265 1639 2319 laudando
1678 2263 1745 2317 ad

150 2358 418 2412 rationem
448 2364 707 2427 provocat
733 2373 747 2409 :
779 2356 904 2425 quia
938 2355 993 2411 in
1027 2357 1127 2412 hac
1153 2372 1339 2427 causa,
1369 2357 1746 2412 auctoritatem

151 2449 290 2518 legis
325 2464 432 2504 non
476 2449 643 2504 habet
670 2439 831 2519 quam
864 2450 1088 2520 profert.
1144 2452 1270 2508 llaec
1302 2451 1576 2508 irridendo
1604 2452 1749 2520 Apo-

151 2543 326 2598 stolus
358 2542 522 2608 dicit,
556 2544 701 2612 quod
732 2543 852 2612 ejus
886 2552 1155 2614 praecepta
1192 2544 1414 2601 minime
1442 2553 1748 2599 servarent.

228 2634 297 2689 Et
329 2636 464 2689 sicut
494 2636 689 2689 tradidi
723 2637 884 2701 vobis,
917 2646 1175 2707 precepta
1204 2652 1318 2691 mea
1344 2637 1548 2691 tenetis.
1586 2635 1753 2705 Quasi

153 2727 335 2795 legem
368 2734 634 2797 praecepta
667 2743 783 2783 mea
813 2729 1011 2784 tenetis
1039 2771 1053 2795 ,
1105 2730 1343 2786 scientes
1386 2731 1537 2785 illum
1580 2731 1632 2784 in
1666 2745 1754 2785 me

152 2819 413 2888 spiritum
439 2818 611 2887 loqui,
643 2819 739 2890 qui
770 2821 823 2875 itt
852 2820 994 2893 Lege
1026 2821 1238 2878 locutus
1259 2832 1419 2878 estet
1442 2822 1751 2893 Propltetis.

234 2911 374 2965 Volo
413 2920 580 2966 autem
612 2928 699 2967 uos
724 2915 875 2967 scire.
928 2914 1099 2969 Etiam
1134 2914 1190 2970 in
1222 2916 1324 2971 hoc
1353 2916 1479 2971 volo
1525 2930 1619 2970 vos
1669 2917 1753 2971 in-

156 3014 396 3071 struere,
428 3017 485 3061 ut
513 3005 645 3061 illud
676 3007 929 3063 similiter
958 3010 1208 3064 teneatis.

232 3098 391 3166 Quas!
421 3100 589 3154 omnis
618 3102 713 3154 viri
736 3111 911 3171 caput,
945 3101 1179 3156 Christus
1212 3112 1305 3156 est.
1345 3102 1435 3156 Vir
1463 3102 1595 3157 nulli
1624 3102 1751 3157 sub-
1778 3086 1828 3147 (ἶ

154 3192 336 3261 jectns
383 3203 469 3249 est
511 3194 612 3248 nisi
651 3192 868 3248 Christo
894 3196 1050 3264 ,‘qui
1094 3204 1150 3250 et
1194 3196 1355 3249 homo
1381 3204 1437 3249 et
1462 3194 1607 3249 Deus
1650 3204 1755 3249 est.

159 3286 355 3342 Mulier
386 3302 517 3343 vero
542 3300 598 3342 et
626 3288 846 3342 Christo
872 3297 927 3343 et
952 3288 1072 3342 viro
1100 3288 1266 3344 debet
1288 3302 1416 3343 esse
1458 3288 1719 3358 subjecta.

232 3378 406 3449 Caput
434 3389 602 3434 autem
635 3381 863 3434 mulieris
904 3381 999 3434 vir.
1030 3379 1341 3437 Secundum
1378 3380 1625 3436 ordinem
1665 3395 1761 3435 na-

162 3471 420 3526 turalem.
445 3469 717 3527 Ceterum
745 3474 799 3527 in
826 3472 1048 3529 Christo
1070 3472 1200 3529 lesu
1234 3488 1408 3541 neque
1441 3474 1716 3529 masculus
1742 3514 1758 3539 ,

162 3578 341 3633 neque
375 3563 596 3627 femina.
628 3563 723 3618 sed
750 3564 920 3618 voluit
946 3579 1041 3619 eas
1064 3580 1189 3620 esse
1214 3564 1505 3634 subjectas.

237 3654 410 3725 Caput
444 3671 563 3710 vero
594 3655 788 3711 Christi
830 3655 985 3710 Deus.
1017 3656 1327 3712 Secundum
1360 3657 1623 3728 assumpti
1666 3656 1763 3713 ho-

170 3749 327 3804 minis
360 3748 609 3805 formam.
661 3749 791 3806 ltem
822 3750 943 3805 ideo
973 3760 1137 3821 caput
1160 3749 1372 3807 Christi
1404 3751 1549 3806 Deus
1580 3770 1593 3805 :
1627 3765 1765 3821 quo-

170 3843 312 3895 niam
340 3850 652 3911 susceptazn
688 3843 1119 3898 incarnationem
1152 3842 1451 3897 secundum
1486 3840 1763 3897 hominem

168 3932 344 3989 deitas
378 3950 502 4005 qum
535 3936 590 3989 in
628 3949 695 3989 eo
726 3935 902 3989 inerat
927 3975 943 3999 ,
991 3933 1333 4005 gubernabat
1368 3952 1389 3986 -:
1440 3932 1578 3987 sicut
1617 3932 1762 3986 idem

169 4026 469 4095 Apostolus
498 4025 626 4080 alibi
655 4025 787 4080 dicit
811 4042 824 4078 :
850 4026 992 4082 Deus
1017 4033 1135 4080 erat
1160 4025 1214 4080 in
1235 4023 1476 4088 Christo,
1508 4021 1767 4077 mundum

174 4117 544 4173 reconcilians
573 4116 699 4170 sibi.

246 4209 431 4264 Omnis
454 4210 530 4262 vir
562 4224 739 4276 orans,
772 4208 851 4263 uel
877 4207 1212 4280 prepltetans.
1242 4208 1369 4264 Sive
1396 4207 1626 4275 docens,
1653 4208 1773 4265 sive

176 4297 350 4354 futura
380 4298 705 4369 przcdicans.

259 4390 436 4445 l’etato
465 4391 659 4461 capite,
690 4388 936 4459 deturpat
971 4398 1127 4460 caput
1157 4407 1330 4447 suum.
1358 4390 1519 4447 Venit
1547 4391 1614 4447 ad
1642 4406 1770 4447 cau-

1845 1811 1947 1853 est.
1973 1798 2105 1856 Sive
2129 1815 2259 1856 vere
2286 1809 2511 1871 propter
2543 1800 2809 1857 honorem
2838 1804 3189 1874 angelorum,
3218 1803 3310 1874 qui
3345 1804 3439 1858 Ec-

1845 1893 2318 1948 clesiae-assistere
2345 1892 2727 1962 perhibentur.

1924 1982 2294 2037 Verumtamen
2324 1999 2488 2054 neque
2512 1984 2591 2038 uir
2624 1986 2735 2039 sine
2770 1985 3012 2055 muliere,
3056 2003 3221 2058 neque
3262 1988 3453 2043 mulier

1848 2078 1959 2133 sine
1981 2079 2089 2132 viro
2114 2079 2168 2131 in
2194 2075 2443 2132 Domino.
2472 2076 2800 2133 Consolatur
2824 2078 2967 2147 illas,
2997 2094 3067 2136 ne
3097 2080 3324 2134 nimium
3354 2094 3450 2136 eas

1849 2188 2108 2245 gravasse
2127 2172 2373 2229 videatur
2403 2188 2417 2225 :
2445 2182 2502 2227 et
2530 2186 2630 2227 nec
2653 2172 2733 2226 vir
2760 2172 2879 2227 sine
2900 2172 3130 2229 muliere
3154 2181 3337 2243 potest
3357 2188 3455 2227 na-

1850 2266 1952 2330 sci,
1974 2279 2080 2321 nec
2094 2265 2301 2320 mulier
2331 2264 2447 2320 sine
2478 2265 2611 2318 viro.

1927 2356 2068 2411 Nam
2091 2358 2234 2410 sicut
2264 2356 2445 2410 mulier
2478 2356 2542 2409 de
2569 2355 2701 2420 uiro,
2739 2357 2811 2409 ita
2841 2366 2891 2410 et
2922 2358 2999 2410 vir
3034 2372 3130 2427 per
3161 2357 3452 2411 mulierem.

1856 2449 1972 2505 Iloc
1996 2458 2081 2505 est
2104 2450 2154 2504 in
2180 2448 2476 2519 principio.
2512 2448 2701 2503 Potest
2720 2458 2777 2503 et
2801 2450 2872 2501 ita
2903 2449 3012 2503 dici
3040 2468 3051 2501 :
3077 2448 3232 2504 Sicut
3262 2449 3370 2504 Eva
3392 2464 3457 2503 ex

1854 2541 2054 2605 Adam,
2089 2542 2160 2595 ita
2189 2540 2493 2596 secundum
2527 2540 2833 2605 hominem,
2871 2542 3121 2596 Christus
3152 2557 3227 2597 ex
3270 2542 3458 2598 Maria.

1934 2634 2123 2688 Omnia
2151 2643 2322 2687 autem
2344 2649 2412 2687 ea:
2444 2631 2577 2687 Deo.
2622 2632 2822 2688 Contra
2859 2633 3210 2701 Manichaee,
3232 2634 3331 2705 qui
3364 2648 3461 2691 ne-

1856 2738 1986 2798 gant
2012 2741 2234 2783 carnem
2265 2726 2517 2781 factama
2549 2726 2683 2783 Deo.

1939 2820 2042 2876 Vos
2085 2823 2184 2891 ipsi
2223 2822 2461 2894 judicate
2506 2838 2524 2877 :
2574 2822 2718 2877 decet
2767 2822 3036 2877 mulierem
3076 2839 3188 2877 «non
3236 2824 3458 2877 relatam

1856 2935 2011 2973 orare
2038 2918 2227 2973 Deum.
2261 2920 2316 2974 In
2363 2920 2607 2989 ipsorum
2649 2920 2856 2990 judicio
2900 2920 3083 2990 ponit,
3106 2928 3290 2975 ut'sua
3327 2933 3461 2975 con-

1864 3013 2093 3067 scientia
2112 3012 2529 3068 contineantur.

1939 3105 2051 3159 Nec
2078 3106 2194 3175 ipsa
2220 3116 2406 3159 natura
2432 3105 2588 3159 docet
2618 3121 2725 3161 vos.
2771 3106 2956 3160 Potest
2996 3106 3127 3171 dici,
3152 3108 3203 3160 si
3224 3108 3337 3161 hoc
3367 3122 3463 3161 na-

1864 3205 1986 3251 tura
2011 3206 2094 3252 est
2120 3214 2132 3249 :
2154 3212 2321 3266 quare
2350 3210 2456 3251 non
2480 3198 2547 3252 ab
2568 3196 2823 3252 omnibus
2846 3197 3100 3267 gentibus
3122 3199 3463 3254 custoditur?

1863 3290 1988 3360 quia
2020 3291 2097 3344 illi
2125 3305 2155 3344 a
2185 3300 2377 3345 natura
2406 3290 2739 3347 deciderunt
2770 3308 2783 3342 :
2824 3293 2971 3345 sicut
3005 3306 3072 3345 ex
3110 3291 3301 3347 multis
3339 3292 3467 3347 aliis

1862 3382 2275 3450 comprobatur.
2310 3381 2553 3448 Denique
2599 3381 2717 3435 sine
2748 3380 2875 3449 lege
2912 3381 3121 3443 vivunt,
3152 3388 3208 3433 et
3242 3380 3288 3434 si
3319 3382 3461 3450 apud

1864 3474 1990 3530 illos
2040 3474 2365 3546 loqueretur
2415 3474 2745 3541 Apostolus,
2794 3472 2928 3527 aliis
2984 3472 3291 3529 rationibus
3340 3485 3465 3531 ute-

1867 3577 2036 3624 retur.
3314 3616 3333 3627 .

1941 3658 2093 3723 Quod
2121 3658 2201 3711 vir
2239 3656 2445 3727 quidem
2484 3655 2761 3708 sicomam
2788 3654 3011 3718 nutriat,
3052 3655 3340 3726 ignominia
3391 3669 3465 3713 est

1867 3752 1950 3806 illi
1981 3767 2000 3805 :
2029 3747 2219 3803 mulier
2246 3764 2367 3802 vero
2387 3748 2432 3800 si
2460 3762 2660 3801 comam
2682 3748 2900 3812 nutrita,
2933 3748 3100 3819 gloria
3129 3758 3203 3802 est
3228 3747 3333 3804 illi.
3356 3749 3466 3805 Na-

1862 3842 2033 3898 'zarwi
2063 3849 2121 3897 ut
2142 3855 2357 3895 comam
2387 3839 2681 3905 nutrirent,
2713 3853 2777 3893 es
2808 3836 2901 3891 Dei
2934 3849 3203 3908 ιιι-ευσεβιο
3226 3839 3465 3896 devotis-

1869 3935 2012 3991 sime
2042 3934 2332 3991 faciebant.

1947 4028 2205 4094 Quoniam
2231 4025 2411 4095 capilli
2444 4040 2547 4096 pro
2582 4024 2838 4080 velandae
2864 4026 2975 4079 dati
3016 4036 3135 4081 sunt
3176 4028 3243 4081 ei.
3280 4028 3462 4099 Eupo-

1873 4121 2001 4187 suit,
2033 4120 2178 4191 quod
2203 4120 2435 4184 dixerat,
2467 4120 2511 4174 si
2541 4133 2645 4172 non
2675 4120 2885 4173 velatur
2908 4128 2963 4175 ot
2988 4121 3295 4177 tondeatur.

1951 4214 2012 4270 Si
2055 4214 2169 4284 quis
2208 4220 2377 4268 autem
2405 4213 2605 4267 videtur
2639 4213 2991 4269 contentiosus
3033 4231 3160 4271 esse.
3188 4216 3467 4273 Prmvenit

1854 4306 2020 4371 illos,
2052 4321 2120 4361 ne
2138 4307 2261 4376 quis
2287 4304 2494 4360 diceret
2521 4323 2533 4358 :
2570 4305 2661 4359 tibi
2684 4306 2945 4376 scriptum
2971 4307 3089 4362 est?
3122 4307 3204 4361 vel
3226 4306 3352 4361 aliis
3372 4322 3462 4365 ar-

1877 4399 2146 4469 gumentis
2178 4395 2304 4452 huic
2331 4396 2615 4453 resisteret
2641 4398 2860 4451 rationi.

182 4497 292 4538 sam
328 4503 340 4538 :
385 4485 511 4555 quia
552 4494 602 4539 et
648 4484 746 4538 viri
791 4499 1001 4539 comam
1050 4486 1383 4553 nutriebant,
1415 4495 1471 4541 et
1513 4486 1768 4542 mulieres
1796 4475 1850 4536 Ῐ)
1950 4491 2065 4545 Nos
2093 4488 2244 4544 talem
2271 4488 2687 4543 consuetudinem
2714 4506 2818 4543 non
2862 4487 3134 4542 habemus.
3178 4488 3304 4545 Sive
3329 4502 3465 4546 cono

186 4578 326 4633 nudo
351 4580 530 4650 capite
560 4577 930 4649 procedebant
951 4579 1001 4633 in
1036 4579 1359 4649 Ecclesium,
1393 4580 1691 4650 gloriantes
1715 4581 1765 4636 in

187 4670 418 4730 crinibus
442 4692 456 4728 :
482 4672 627 4744 quod
650 4673 947 4728 nonsolum
965 4673 1312 4729 inhonestum
1327 4684 1464 4736 erat.
1486 4675 1580 4730 sed
1602 4676 1768 4729 etiam

191 4766 638 4834 concupiscentia
658 4768 895 4821 fomenta
919 4767 1226 4835 praestabat.
1251 4765 1347 4821 Vir
1368 4782 1497 4836 ergo
1526 4775 1584 4821 ut
1611 4766 1767 4833 liber,

164 4930 167 4935 η
192 4869 292 4911 non
315 4858 476 4915 debet
505 4859 711 4916 habere
740 4860 1011 4928 velamen,
1036 4861 1369 4931 cujns’capnt
1394 4867 1478 4916 est
1495 4859 1771 4917 Christus.

196 4947 380 5007 Mulier
407 4968 536 5008 vero
566 4953 728 5010 debet
776 4967 903 5009 esse
946 4953 1153 5022 velata,
1199 4961 1257 5009 ut
1283 4952 1620 5019 ostendatur,
1646 4953 1773 5023 quia

199 5040 351 5097 debet
378 5059 497 5100 esse
528 5044 747 5101 humilis
775 5052 832 5100 et
858 5045 1131 5115 subjecta.

272 5132 444 5191 Omnis
462 5148 636 5194 autem
658 5140 845 5193 mulier
860 5154 1038 5207 orans,
1056 5150 1145 5193 aut
1164 5138 1482 5209 prophetam
1495 5153 1600 5193 non
1613 5138 1780 5193 velato

192 5222 383 5291 capite,
407 5227 639 5295 deturpat
663 5241 818 5303 caput
844 5248 1020 5286 suunt.
1048 5230 1223 5286 Unum
1253 5232 1389 5286 enim
1409 5240 1505 5300 est,
1532 5247 1593 5284 ac
1621 5231 1667 5285 si
1688 5232 1781 5285 de-

207 5313 449 5371 calvetur.
486 5319 621 5375 Nam
665 5324 710 5377 si
750 5340 855 5378 nou
892 5324 1093 5378 uelatur
1122 5324 1332 5389 mulier,
1380 5322 1677 5378 tondeatur.
1722 5322 1787 5379 Si

208 5421 323 5458 vero
347 5414 487 5474 turpe
505 5424 575 5466 est
602 5416 805 5471 mulieri
853 5418 1074 5483 tonderi,
1104 5427 1197 5472 aut
1228 5416 1514 5483 decalvari,
1545 5414 1672 5471 celet
1700 5433 1787 5471 ca-

212 5506 301 5566 put
327 5514 493 5553 suum.
520 5505 573 5558 ln
595 5521 692 5562 suo
719 5524 873 5576 sexu,
905 5521 997 5565 aut
1025 5513 1077 5566 in
1103 5510 1287 5566 domo.

292 5585 381 5639 Vir
402 5591 597 5658 quidem
616 5614 719 5652 non
760 5602 901 5657 debet
932 5604 1098 5659 rclare
1122 5613 1275 5677 caput
1306 5621 1478 5661 suum.
1509 5604 1653 5676 Ergo
1685 5615 1789 5660 nec

214 5691 422 5736 comam
445 5689 663 5746 nutrire.
1492 5690 1503 5693 ’
1763 5688 1774 5698 ’

1868 4585 2153 4653 tondendi,
2186 4584 2300 4639 sive
2330 4583 2458 4637 talia
2492 4581 2743 4636 faciendi.

1948 4676 2131 4746 Neque
2174 4674 2411 4730 Ecclesia
2461 4672 2579 4726 Dei.
2630 4672 2762 4739 Quae
2806 4669 3210 4727 mansuetudini
3261 4673 3459 4743 potius,

1872 4783 2037 4841 quam
2069 4765 2510 4824 contentionibus
2536 4762 2737 4818 studet.

1952 4862 2070 4917 Hoc
2089 4870 2261 4915 autem
2289 4858 2553 4929 praecipio.
2572 4855 3046 4911 Considerandum
3077 4864 3179 4923 est,
3204 4856 3340 4927 "quid
3371 4872 3467 4913 au-

1879 4955 2042 5012 dierit
2071 4969 2100 5005 a
2126 4951 2357 5005 Domino
2388 4950 2477 5002 ille
2503 4962 2718 5012 servus,
2750 4949 2841 5018 qui
2873 4946 3047 5003 solum
3076 4955 3358 5018 acceptum
3384 4961 3467 5004 ta-

1880 5050 2086 5107 lentum
2116 5039 2426 5099 Custodivit.
2456 5038 2609 5095 Unde
2636 5056 2744 5094 non
2776 5048 2861 5094 est
2879 5039 3203 5105 laudandus,
3235 5042 3326 5112 qui
3359 5058 3471 5098 non

1884 5152 2101 5208 semper
2129 5134 2331 5190 crescit
2377 5134 2429 5188 iu
2469 5130 2666 5186 melius
2699 5149 2713 5185 :
2747 5131 2872 5200 quia
2903 5130 3039 5186 [idos
3080 5146 3149 5187 eo
3179 5133 3474 5202 perfectior

1885 5247 2011 5289 esse
2043 5227 2230 5292 debet,
2252 5241 2364 5297 quo
2390 5223 2597 5280 senior.
2630 5222 2882 5279 Miserum
2911 5232 3095 5279 autem
3123 5234 3229 5291 est,
3251 5227 3297 5281 si
3325 5239 3477 5282 sem-

1889 5339 1987 5398 per
2009 5321 2187 5377 infans
2213 5318 2353 5375 lacte
2383 5325 2637 5387 potetur:
2671 5326 2762 5371 aut
2783 5317 2877 5386 qui
2905 5316 3106 5373 litteris
3133 5316 3337 5383 studet,
3373 5318 3479 5373 hoc

1890 5418 2068 5473 solum
2101 5413 2317 5479 habeat,
2362 5410 2505 5481 quod
2542 5411 2592 5463 in
2642 5410 2835 5481 primis
2876 5410 3206 5467 rudimentis
3236 5413 3478 5480 accepit.

1891 5510 2102 5578 Quanto
2133 5505 2293 5574 igitur
2323 5502 2615 5572 magisville
2643 5501 2761 5557 sine
2784 5517 2883 5575 spe
2900 5511 3009 5566 est,
3042 5502 3133 5572 qui
3163 5516 3270 5558 non
3290 5503 3479 5560 solum

1892 5616 1999 5656 non
2034 5597 2267 5669 proﬁcit,
2302 5594 2397 5651 sed
2423 5592 2586 5649 etiam
2618 5592 2834 5659 deficit,
2876 5601 2934 5652 et
2959 5592 3093 5652 illud
3123 5596 3302 5667 ipsum
3333 5594 3487 5666 peni-

1896 5700 1982 5749 tus
2012 5688 2351 5748 obliviscitur
2379 5685 2525 5760 quod
2550 5686 2799 5759 accepit!
3518 5674 3523 5681 ’
