4030 6202
186 291 288 346 755

915 286 1458 345 COMMENTARIUS
1496 287 1564 344 ΙΝ
1607 287 1997 348 EPlSTOLAM
2036 290 2057 348 l
2098 291 2190 347 AD
2228 290 2383 348 COR.
2423 291 2579 350 CAP.
2620 292 2735 350 ΧΠ.

3373 301 3479 362 75ι

185 403 458 460 manducat
484 411 530 461 et
565 405 709 461 bibit.
749 403 1046 474 Dupliciter
1080 416 1208 459 reus
1239 401 1485 470 eliectus,
1512 417 1774 473 pracsum-
1797 407 1853 466 Α
1878 404 2046 471 mine,
2089 403 2339 459 introibit
2369 405 2422 459 in
2462 420 2692 476 regnum
2734 403 3018 480 caelorum,
3072 408 3169 466 sed
3210 411 3304 482 qui
3343 412 3476 471 iacit

181 499 382 570 ptionis
409 500 638 565 scilicet,
667 508 724 556 et
751 499 984 572 peccati.

251 590 376 646 Non
397 591 693 662 dijudicans
732 609 922 664 corpus
959 590 1197 648 Domini.
1236 591 1355 649 Non
1386 589 1706 648 discernens
1741 607 1773 648 a

179 684 300 741 cibo
326 687 623 742 communi.

252 774 381 832 Ideo
404 778 534 832 inter
551 794 640 834 vos
661 780 812 835 multi
830 782 1025 850 inﬁrmi
1044 790 1091 835 et
1113 780 1414 848 imbecilles,
1440 788 1487 834 et
1507 780 1774 835 dormiunt

179 868 348 923 multi.
391 869 545 935 Quod
573 869 619 924 si
639 873 974 944 nosmetipsos
1002 873 1432 944 dijudicaremus,
1462 889 1566 926 non
1597 873 1773 942 utique

177 961 601 1032 dijudicaremur.
629 963 761 1018 Erat
790 980 1031 1034 praesens
1054 966 1354 1035 correptio,
1387 973 1441 1020 et
1469 980 1613 1021 nunc
1641 975 1724 1020 est
1755 981 1768 1017 :

177 1052 272 1109 sed
299 1055 424 1123 quia
454 1055 609 1110 multi
640 1056 768 1110 talia
805 1057 1106 1127 patiuntur,
1138 1069 1390 1128 putamus
1417 1057 1772 1114 consuetudi-

175 1145 260 1200 nis
289 1158 434 1213 esse,
459 1145 602 1216 quod
632 1147 805 1216 culpa:
822 1157 922 1202 est.
952 1147 1147 1203 Tribus
1171 1163 1303 1204 sane
1333 1149 1516 1202 causis
1543 1147 1772 1202 inﬁrmi-

176 1244 317 1291 tates
342 1235 636 1292 adveniunt
665 1239 976 1308 corporales
1002 1255 1016 1294 :
1049 1248 1145 1294 aut
1176 1254 1242 1294 ex
1275 1239 1592 1306 tentatione,
1628 1239 1769 1296 sicut

176 1327 278 1383 Job
307 1337 362 1383 et
393 1328 607 1394 Tobiae;
637 1339 730 1385 aut
760 1345 826 1387 ex
857 1340 1078 1401 peccato
1098 1375 1113 1398 ,
1147 1333 1290 1387 sicut
1318 1333 1501 1404 Asaph
1534 1335 1680 1404 regi,
1713 1343 1771 1390 et

175 1420 258 1474 his
283 1423 375 1490 qui
405 1420 458 1475 in
503 1424 754 1491 praesenti
796 1423 867 1479 ab
907 1424 1168 1493 Apostolo
1213 1437 1546 1496 arguuntur;
1579 1436 1669 1482 aut
1700 1443 1766 1484 ex

173 1512 349 1580 aliqua
371 1512 810 1584 intemperantia,
839 1525 896 1571 ut
919 1515 1231 1583 Timotheo,
1265 1528 1319 1574 et
1343 1519 1425 1574 his
1455 1520 1548 1590 qui
1573 1519 1769 1588 juben-

178 1617 262 1661 tur
289 1606 558 1662 medicum
593 1611 885 1666 honorare.
918 1611 1056 1669 lluic
1085 1622 1292 1677 tantum
1317 1628 1500 1668 causa
1529 1614 1765 1669 humana

175 1709 351 1769 potest
398 1715 720 1758 succurrere
769 1703 1057 1759 medicina.
1103 1706 1240 1760 item
1271 1705 1766 1776 signiﬁeatCorin-

1877 498 2212 554 voluntatem
2245 496 2424 553 Patris
2453 499 2581 554 mei.

1947 589 2237 645 Divisiones
2265 606 2383 645 vero
2432 592 2722 663 gratiarum
2749 601 2892 661 sunt,
2937 594 3075 650 idem
3111 607 3279 654 autem
3308 600 3469 670 spiri-

1877 693 1980 738 tus.
2035 684 2100 737 Et
2128 685 2410 741 divisiones
2440 686 2886 741 ministrationum
2930 700 3074 757 sunt,
3120 691 3254 744 idem
3301 703 3473 746 autem

1879 775 2157 832 Dominus.
2199 776 2268 831 Et
2296 778 2574 832 divisiones
2616 782 2978 850 Operationum
3009 791 3150 846 sunt,
3186 785 3322 838 idem
3349 800 3470 838 vero

1875 870 2039 938 Deus,
2071 871 2160 942 qui
2212 880 2456 942 aperatur
2502 871 2678 925 omnia
2715 875 2768 926 in
2809 874 3068 929 omnibus.
3103 874 3201 930 Hic
3231 876 3350 931 vult
3388 892 3477 932 os-

1875 964 2120 1030 tendere,
2153 964 2338 1034 gratiae
2373 963 2610 1034 Spiritus
2641 967 2818 1021 sancti
2844 967 3152 1024 divisiones
3183 984 3327 1035 esse,
3361 985 3468 1025 non

1875 1052 2066 1124 ipsius.
2112 1054 2180 1108 Et
2207 1055 2456 1123 quamvis
2492 1054 2580 1110 hic
2613 1055 2766 1112 locus
2804 1058 3022 1128 proprie
3062 1069 3252 1115 contra
3295 1060 3477 1117 Mace-

1873 1147 2139 1202 donianos
2165 1146 2350 1212 faciat,
2395 1148 2486 1217 qui
2518 1148 2782 1218 Spiritum
2829 1161 3081 1208 sanctum
3114 1165 3311 1224 negant
3351 1170 3473 1212 esse

1874 1237 2078 1294 Deum:
2111 1238 2345 1294 dicendo
2366 1239 2532 1306 enim,
2563 1254 2782 1312 semper
2804 1243 2968 1312 idem,
2999 1247 3180 1302 omnia
3204 1262 3263 1302 se
3291 1247 3475 1304 dicere

1871 1329 1939 1384 de
1961 1329 2163 1399 Spiritu
2193 1339 2385 1386 sancto
2417 1331 2680 1388 declarat.
2726 1334 2834 1391 Sed
2876 1347 2932 1391 et
2969 1338 3134 1406 paulo
3173 1349 3294 1410 post
3333 1341 3410 1396 ait
3454 1357 3472 1396 :

1872 1420 2001 1476 Haec
2031 1429 2210 1477 autem
2237 1423 2420 1478 omnia
2441 1435 2771 1495 cooperatur
2801 1435 2942 1483 'uaus
2974 1440 3138 1501 atque
3168 1433 3309 1489 idem
3348 1435 3473 1506 Spi-

1872 1512 2008 1568 ritus
2043 1530 2057 1572 :
2099 1521 2155 1568 ut
2181 1529 2306 1570 eum
2349 1526 2404 1572 et
2432 1516 2600 1572 Deum
2628 1527 2683 1574 et
2710 1519 3000 1576 Dominum
3041 1524 3468 1583 demonstraret.

1871 1604 2076 1660 Tamen
2103 1615 2294 1661 contra
2327 1605 2564 1664 Arianos
2597 1624 2703 1664 non
2737 1611 3020 1668 mediocre
3067 1623 3152 1670 est
3177 1630 3470 1686 argumen-

1873 1705 2008 1763 tum,
2036 1698 2129 1768 qui
2157 1698 2226 1754 de
2257 1699 2358 1754 hoc
2389 1701 2706 1756 calumniari
2748 1703 2947 1771 solent,
2978 1705 3122 1774 quod
3154 1707 3332 1776 primo
3360 1709 3465 1763 Pa-

172 1789 334 1856 thios,
383 1800 602 1861 propter
641 1794 1016 1864 supradictum
1059 1806 1362 1864 peccatum,
1410 1799 1765 1866 aegrotatione
1797 1786 1845 1846 B
1873 1798 1974 1854 ter,
2003 1791 2242 1845 secundo
2281 1792 2474 1860 Filius,
2507 1794 2664 1849 tertio
2693 1794 2930 1865 Spiritus
2958 1807 3182 1854 sanctus
3217 1801 3472 1856 nomina-

169 1889 226 1938 et
254 1883 632 1940 imbecillitate
676 1894 729 1940 et
763 1895 938 1942 morte
968 1902 997 1940 a
1031 1887 1260 1942 Domino
1305 1903 1426 1943 esse
1457 1898 1761 1958 correptos.

243 1974 381 2029 Dum
418 1976 727 2047 judicamur
746 1987 939 2043 autem,
974 1997 1005 2031 α
1044 1978 1270 2034 Domino
1299 1981 1617 2052 corripiatur
1657 1997 1677 2036 :
1710 1992 1766 2036 ut

169 2085 272 2123 non
305 2085 424 2123 cum
457 2072 554 2124 hoc
594 2072 788 2125 mundo
830 2073 1156 2126 damnemur.
1198 2071 1483 2143 Correptio
1527 2083 1763 2143 paterna:

168 2168 251 2218 est
291 2159 529 2230 pietatis,
582 2171 641 2217 ut
688 2164 1054 2233 pmniteamus
1097 2183 1109 2218 :
1159 2179 1226 2221 ne
1279 2179 1402 2221 cum
1450 2166 1762 2223 inﬁdelibus

170 2255 354 2310 mundi
385 2255 712 2312 damnemur
739 2259 794 2312 in
825 2267 1113 2314 aztcrnum.

240 2347 454 2421 Itaque,
489 2351 676 2422 fratres
708 2353 828 2417 mei,
874 2368 990 2406 cum
1017 2355 1299 2408 convenitis
1333 2354 1401 2408 ad
1441 2355 1762 2411 manducan-

167 2441 310 2508 dum,
347 2443 563 2497 invicem
604 2454 919 2514 exspectate.
954 2445 1017 2501 Si
1039 2447 1158 2516 quis
1197 2448 1382 2517 esurit,
1430 2449 1571 2502 domi
1605 2467 1758 2504 man-

169 2532 337 2590 ducet.
367 2535 505 2601 Quia
537 2551 696 2593 nemo
719 2537 885 2594 alium
910 2539 1290 2610 exspectabat,
1323 2548 1380 2595 ut
1401 2542 1762 2598 communiter

167 2626 478 2682 oﬁ‘erretur.
1027 2617 1034 2626 ³

243 2715 312 2770 Ut
342 2735 447 2772 non
476 2719 531 2774 in
550 2721 815 2790 judicium
844 2723 1182 2778 conveniatis.
1214 2723 1333 2780 Non
1366 2725 1418 2780 in
1446 2725 1759 2783 sanctiﬁca-

170 2807 397 2876 tionem,
426 2811 520 2866 sed
553 2812 618 2866 ad
641 2811 906 2884 judicium
938 2817 1355 2872 conveniebant.

239 2899 444 2957 Cretera
487 2913 658 2959 autem
691 2923 808 2960 cum
840 2924 1045 2977 venero,
1093 2910 1389 2981 disponant.
1435 2907 1647 2967 Caetera
1693 2911 1760 2967 de

170 2989 340 3063 ipsius
370 2997 614 3067 mysterii
644 3007 1009 3055 sacramento.

774 3133 1003 3192 CAPUT
1042 3135 1159 3191 XII.

241 3266 320 3321 De
361 3269 733 3339 spiritualibus
793 3279 990 3325 autem.
1044 3269 1239 3340 Incipit
1276 3270 1346 3325 de
1395 3270 1765 3340 spiritualibus

166 3362 548 3418 sacramentis.
581 3361 875 3417 Crescente
920 3362 1044 3427 ﬁde,
1083 3362 1194 3432 jam
1239 3362 1544 3432 linguarum
1591 3365 1761 3434 gratia

168 3452 356 3522 (quam
381 3463 604 3524 preptcr
627 3455 872 3510 inﬁdeles
898 3454 1242 3526 acceperant)
1267 3455 1554 3510 desinebat
1581 3475 1595 3511 :
1633 3457 1762 3513 hinc

166 3560 298 3616 ergo
330 3547 547 3616 plurimi
573 3549 902 3618 contristati,
932 3547 1110 3604 adhuc
1157 3550 1321 3604 etiam
1355 3550 1493 3604 hanc
1523 3551 1756 3620 gratiam

170 3639 496 3698 habentibus
537 3643 870 3713 invidebant,
903 3644 1156 3701 omnibus
1185 3644 1345 3700 donis
1395 3644 1534 3701 hanc
1575 3646 1760 3718 majo—

170 3747 281 3788 rem
311 3749 435 3792 esse
464 3745 736 3808 putantes.

239 3827 384 3886 Nolo
411 3847 499 3886 vos
527 3833 789 3903 ignorare,
817 3835 1025 3904 fratres.
1064 3832 1202 3888 Nolo
1231 3846 1328 3888 vos
1359 3831 1517 3904 hujus
1546 3840 1752 3905 mystc-

169 3918 232 3974 rii
263 3923 480 3979 nescire
511 3924 800 3979 rationem.

236 4011 406 4067 Scitis
435 4024 608 4068 autem
642 4016 887 4085 quoniam
917 4033 1035 4068 cum
1064 4025 1237 4086 gentes
1266 4015 1469 4080 essetis,
1501 4015 1568 4068 ad
1599 4015 1762 4068 sintu-

170 4101 316 4156 lacra
346 4116 513 4159 muta.
543 4105 656 4161 Hoc
692 4115 797 4168 est,
841 4106 1261 4173 irrationabiles,
1300 4105 1595 4161 secundum
1631 4106 1762 4161 Pro-

171 4195 387 4263 phetam
415 4197 687 4253 dicentem
715 4217 728 4252 :
765 4199 984 4255 Similes
1007 4199 1113 4256 illis
1146 4201 1296 4268 ﬁant,
1325 4200 1418 4271 qui
1440 4199 1644 4256 faciunt
1671 4217 1758 4270 ea,

170 4297 223 4343 et
246 4305 442 4347 omnes
469 4293 560 4360 qui
589 4291 864 4347 conﬁdunt
888 4293 938 4346 in
967 4293 1066 4349 eis.

240 4380 408 4438 Prout
434 4384 763 4439 ducebamini
787 4392 980 4439 euntes.
1006 4384 1052 4441 Α
1073 4384 1260 4456 magis,
1292 4384 1374 4440 vel
1411 4384 1759 4456 aruspicibus

175 4472 461 4533 idolorum.

1871 1891 1976 1936 tur.
2011 1880 2110 1936 llic
2132 1883 2277 1937 enim
2308 1886 2472 1938 istum
2512 1885 2759 1940 ordinem
2800 1891 3146 1957 permutavit.
3176 1890 3307 1948 ltem
3350 1910 3464 1949 ma-

1867 1973 2062 2030 nifesta
2099 1975 2410 2044 praedicatio
2433 1986 2534 2043 est,
2569 1978 2727 2033 unius
2753 1978 2979 2035 deitatis
3015 1991 3179 2052 atque
3207 1984 3463 2041 substan-

1866 2065 1952 2120 tiae
1996 2066 2211 2122 Patrem
2238 2077 2292 2122 et
2340 2067 2559 2136 Filium,
2606 2077 2662 2124 et
2705 2070 2969 2140 Spiritum
3008 2084 3255 2130 sanctum
3309 2093 3454 2147 esse,

1863 2159 1956 2229 qui
2007 2168 2326 2228 potestatem
2371 2170 2428 2216 ut
2472 2163 2734 2219 Dominus
2764 2174 2820 2220 et
2867 2166 3035 2234 Deus,
3080 2168 3309 2240 singulis
3339 2173 3458 2243 qui-

1862 2251 2094 2319 busque,
2127 2264 2183 2308 ut
2206 2254 2338 2319 vult,
2370 2257 2670 2325 gratiarum
2698 2258 2840 2314 dona
2863 2260 3111 2331 largitur.

1938 2342 2224 2416 Unicuique
2278 2355 2449 2400 autent
2499 2348 2655 2402 datur
2713 2351 3068 2421 manifestatio
3115 2356 3335 2425 spiritus
3386 2360 3457 2412 ad

1865 2436 2160 2492 utilitatem.
2209 2436 2280 2494 Ut
2308 2449 2566 2510 appareat
2596 2439 2750 2497 illum
2782 2443 3046 2516 Spiritum
3079 2458 3335 2506 sanctum
3376 2466 3466 2506 ac-

1864 2527 2097 2596 cepisse.

1935 2619 2042 2674 Alii
2082 2621 2292 2692 quidem
2331 2639 2423 2694 per
2461 2626 2706 2695 spiritum
2753 2629 2910 2684 datur
2963 2649 3133 2688 sermo
3173 2635 3469 2705 sapientiae.

1865 2713 2159 2783 Sapientiae
2199 2729 2382 2774 sermo
2411 2727 2515 2786 est,
2556 2720 2835 2788 sapienter
2862 2733 2917 2778 et
2945 2733 3070 2794 apte
3116 2741 3181 2780 ac
3211 2727 3452 2783 rationa—

1863 2807 2046 2864 biliter
2071 2809 2262 2880 loqui:
2307 2820 2362 2866 et
2401 2826 2563 2882 posse
2606 2811 2900 2880 disserere,
2934 2819 3020 2872 vel
3063 2818 3286 2884 docere,
3319 2822 3463 2890 quod

1867 2901 2009 2954 norit
2027 2915 2178 2955 sane.
2198 2901 2299 2969 Qui
2323 2918 2390 2958 ex
2413 2903 2559 2958 dono
2590 2903 2753 2961 habet
2770 2908 3076 2976 sapientiae,
3096 2909 3214 2964 sine
3241 2925 3340 2964 suo
3369 2926 3464 2965 co-

1867 3003 2002 3048 natu
2030 2994 2266 3064 loquitur
2307 3003 2360 3051 et
2390 2995 2581 3052 labore
2631 3016 2642 3050 :
2688 3008 2740 3053 et
2788 3013 2949 3054 nemo
2995 2999 3075 3054 illi
3119 3001 3260 3056 sicut
3300 3002 3463 3059 beato

1867 3085 2147 3156 Stephano
2174 3087 2431 3156 praevalet
2457 3090 2753 3144 contraire.
2796 3091 2879 3145 Ad
2925 3091 3214 3148 utilitatem
3237 3136 3252 3160 ,
3283 3105 3338 3150 et
3381 3097 3464 3150 in-

1789 3160 1834 3223 Ο
1870 3176 2236 3243 credulorum,
2269 3178 2575 3234 utcredant
2602 3198 2614 3233 :
2644 3189 2698 3235 et
2725 3182 3036 3252 credentes,
3070 3195 3128 3239 ut
3152 3187 3460 3241 ﬁrmentur.

1941 3271 2046 3324 Alii
2086 3280 2256 3325 autem
2299 3288 2464 3326 sermo
2489 3273 2739 3339 scientiae,
2773 3277 3055 3329 secundum
3087 3279 3320 3330 eumdem
3358 3279 3467 3349 spi-

1867 3362 2045 3415 ritum.
2078 3360 2144 3416 Ut
2179 3360 2318 3416 sciat
2363 3363 2496 3432 legis
2527 3364 2789 3432 mysteria
2841 3367 3142 3435 explanare
3179 3385 3190 3420 :
3236 3368 3350 3435 vel,
3407 3377 3467 3424 ut

1867 3452 2139 3522 prieterita
2172 3454 2408 3517 noverit,
2439 3463 2495 3507 et
2524 3455 2756 3509 restimet
2783 3455 2851 3510 de
2878 3457 3094 3513 futuris.

1938 3544 2100 3598 Alteri
2141 3545 2270 3614 ﬁdes
2299 3544 2352 3597 iu
2381 3544 2561 3597 eodem
2586 3547 2800 3614 spiritu.
2837 3547 2934 3602 llic
2960 3547 3118 3614 ﬁdes,
3162 3551 3228 3604 ad
3275 3552 3462 3623 prodi-

1864 3637 1952 3708 gia
1995 3636 2261 3702 facienda,
2289 3650 2411 3705 qure
2449 3645 2661 3692 montes
2695 3638 3006 3695 transierat.
3049 3640 3286 3699 Abusive
3315 3645 3459 3699 enim

1867 3743 1980 3784 rem
2010 3727 2190 3798 posuit
2229 3741 2328 3796 pro
2353 3726 2569 3782 eﬁ'ectu.

1937 3821 2041 3875 Alii
2087 3820 2260 3892 gratia
2298 3821 2579 3874 sanitatum
2627 3822 2682 3876 in
2747 3839 2852 3879 uno
2915 3826 3127 3897 spiritu.
3179 3827 3246 3883 Ut
3303 3839 3459 3886 curet

1865 3922 2122 3986 aegrotos.

1937 4005 2044 4059 Alii
2074 4007 2309 4076 operatio
2335 4006 2601 4061 virtutum.
2633 4006 2782 4079 Opus
2807 4010 3024 4070 virtutis
3053 4022 3156 4079 est,
3191 4013 3458 4071 dmmonia

1866 4095 2087 4167 ejicere,
2135 4099 2220 4153 vel
2252 4108 2498 4155 mortuos
2523 4100 2813 4157 suscitare.

1938 4189 2044 4244 Alii
2072 4189 2360 4261 praphetia.
2417 4191 2531 4248 Hoc
2561 4202 2667 4259 est,
2701 4203 2762 4248 ut
2788 4195 2964 4251 futura
2991 4195 3269 4267 prmdicet.

1937 4281 2043 4336 Alii
2090 4282 2332 4336 discretio
2378 4283 2709 4352 spirituum:
2759 4287 2850 4341 alii
2893 4305 3079 4360 genera
3131 4290 3452 4359 linguarum.

1870 4372 1938 4430 Ut
1963 4374 2157 4444 qualis,
2209 4374 2295 4430 vel
2333 4389 2440 4445 quo
2471 4377 2664 4447 spiritu
2695 4379 2898 4446 veniat,
2943 4381 3026 4436 vel
3067 4381 3344 4453 loquatur,
3376 4384 3457 4439 in-

1871 4468 2094 4538 telligat.

241 4566 368 4624 Ideo
397 4580 582 4625 notum
620 4571 759 4624 vobis
803 4569 964 4639 facio,
993 4569 1130 4640 quod
1158 4587 1306 4626 nemo
1347 4571 1401 4625 in
1430 4572 1620 4642 spiritu
1663 4572 1761 4626 Dei

1936 4559 2041 4613 Alii
2106 4559 2460 4632 interpretatio
2513 4579 2820 4618 sermonum.
2883 4563 3038 4618 Alius
3105 4564 3452 4636 interpretari

173 4655 402 4730 loquens,
436 4664 566 4718 dicit
596 4661 872 4717 anathema
908 4661 1058 4717 Jesu.
1104 4661 1314 4718 Utinam
1355 4663 1760 4719 irrationabiles

177 4751 506 4827 mobilesque
537 4771 642 4812 non
674 4755 792 4810 sitis
820 4756 832 4808 !
862 4771 983 4810 cum
1013 4753 1272 4823 religione
1297 4755 1442 4810 enim
1487 4765 1540 4810 et
1573 4771 1757 4812 mores

175 4853 376 4901 mutare
404 4846 643 4914 debetis,
678 4858 730 4901 et
764 4861 924 4902 nosse
951 4855 1148 4900 vestra:
1181 4845 1303 4900 ﬁdei
1336 4846 1624 4901 rationein.

247 4932 309 4988 Et
338 4953 484 4992 nemo
513 4946 676 5012 potest
704 4937 895 5004 dicere,
942 4937 1192 4991 Dominus
1218 4937 1394 5002 Iesus,
1431 4939 1532 4992 nisi
1564 4939 1615 4991 in
1639 4936 1764 5007 Spi-

178 5023 275 5077 ritu
310 5041 499 5085 sancte.
531 5032 814 5100 Quomodo
842 5047 970 5102 ergo
1001 5031 1282 5101 operarios
1318 5031 1618 5102 iniquitatis
1648 5030 1753 5085 Do-

184 5116 354 5174 minus
380 5134 688 5192 cognoscet,
724 5124 770 5179 si
816 5125 982 5179 etiam
1013 5123 1243 5179 virtutes
1270 5124 1382 5179 sint
1427 5124 1656 5194 operati,
1707 5131 1762 5178 et

186 5203 321 5261 Deus
347 5213 497 5268 malis
537 5216 794 5284 operibus
826 5215 1171 5285 denegatur?
1214 5215 1322 5272 Sed
1367 5230 1525 5270 nemo
1582 5224 1763 5283 potest

189 5294 240 5348 in
269 5295 463 5366 Spiritu
493 5318 678 5363 sancto
707 5309 1000 5365 Dominum
1046 5309 1347 5379 appellare,
1389 5309 1490 5363 nisi
1523 5309 1611 5379 qui
1639 5324 1762 5364 eum

188 5394 246 5440 et
268 5391 464 5462 verbis,
495 5409 544 5451 et
574 5402 830 5469 operibus
872 5403 1182 5458 conﬁtetur.
1216 5401 1348 5457 item
1388 5401 1549 5457 docet
1574 5402 1762 5456 Corin-

192 5478 352 5546 thios,
384 5485 484 5540 nisi
513 5488 565 5543 in
594 5491 796 5561 Spiritu
823 5505 1030 5560 sancto,
1064 5495 1166 5550 hoc
1205 5504 1310 5562 est,
1352 5496 1404 5548 in
1440 5494 1596 5549 bonis
1627 5509 1762 5564 ope-

192 5570 340 5626 ribus
387 5589 785 5653 conversantes,
850 5588 1136 5643 Dominum
1193 5588 1376 5644 Jesum
1423 5589 1628 5652 dicant,
1682 5587 1765 5643 eis

198 5663 452 5729 prodesse
479 5685 582 5727 non
613 5689 792 5744 posse,
825 5678 967 5736 sicut
991 5689 1046 5734 et
1076 5679 1192 5749 ipse
1215 5680 1477 5734 Dominus
1505 5678 1558 5734 in
1591 5680 1764 5735 Evan-

198 5755 336 5826 gelio
364 5758 489 5822 dicit
523 5783 534 5819 :
570 5765 688 5828 Non
715 5771 892 5829 omnis
921 5770 1014 5843 qui
1034 5771 1166 5828 dicit
1195 5771 1348 5842 mihi,
1379 5771 1624 5842 Domine,
1660 5773 1765 5831 Do-

1866 4661 2076 4723 poterat
2106 4668 2224 4722 qua:
2247 4653 2386 4708 alius
2414 4654 2750 4725 loqueretur.

1936 4745 2066 4801 Haec
2094 4758 2266 4801 autem
2292 4747 2463 4801 omnia
2501 4758 2744 4818 aperatur
2787 4764 2919 4802 unus
2950 4759 3100 4820 atque
3142 4752 3275 4805 idem
3301 4754 3458 4821 spiri-

1867 4851 1967 4895 tus.
2022 4839 2078 4894 Si
2107 4839 2285 4893 omnia
2332 4853 2474 4892 unus
2525 4839 2751 4906 spiritus
2790 4849 3068 4910 Operatur,
3112 4857 3284 4912 quare
3320 4858 3452 4898 con-

1868 4933 2125 4995 tristaris,
2158 4930 2302 5000 quod
2346 4931 2508 4984 aliam
2538 4932 2765 5000 gratiam
2814 4934 3070 5003 accepisti
3115 4952 3128 4987 :
3171 4945 3226 4990 et
3265 4937 3452 5000 alium,

1867 5025 2020 5096 quasi
2073 5022 2334 5090 majorem
2381 5031 2588 5091 partem
2635 5023 2928 5091 invaserit,
2972 5025 3282 5096 mmularis,
3329 5043 3452 5082 cum

1869 5117 1973 5174 hoc
2000 5131 2108 5171 non
2138 5113 2192 5168 in
2233 5122 2438 5182 nostra,
2468 5114 2563 5170 sed
2593 5113 2646 5169 in
2679 5114 2932 5172 donantis
2961 5117 3032 5174 sit
3075 5119 3312 5189 positum
3358 5135 3455 5190 po-

1871 5217 2084 5266 testate.

1940 5298 2194 5354 Divideus
2232 5299 2453 5368 singulis
2484 5308 2637 5370 prout
2676 5299 2805 5354 vult.
2831 5299 2923 5356 Sic
2955 5315 3168 5372 quoque
3206 5301 3453 5370 spiritum

1874 5393 2088 5451 Domini
2109 5392 2240 5448 dicit
2269 5407 2282 5450 :
2315 5391 2444 5448 dum
2479 5406 2584 5448 non
2603 5392 2811 5462 jussus,
2840 5393 2936 5450 sed
2962 5394 3296 5450 voluntarius
3323 5407 3454 5465 ope-

1869 5497 2041 5544 ratur.

1943 5581 2092 5636 Sicut
2142 5580 2276 5634 enim
2319 5596 2506 5651 corpus
2555 5596 2715 5634 unum
2767 5590 2883 5646 est,
2941 5590 2986 5634 et
3038 5579 3260 5634 membra
3308 5578 3459 5632 habet

1874 5674 2039 5728 multa
2062 5691 2080 5727 :
2107 5672 2297 5729 Omnia
2317 5681 2487 5727 autent
2508 5674 2734 5728 membra
2760 5674 2996 5744 corporis
3013 5689 3128 5727 cum
3149 5674 3247 5727 sint
3270 5669 3458 5734 multa,

1879 5783 2042 5825 unum
2072 5775 2242 5824 tamen
2279 5783 2464 5837 corpus
2507 5776 2648 5823 sunt.
2693 5767 2798 5828 Per
2840 5765 3300 5839 comparationem
3335 5776 3461 5818 cor-
