4030 6202
553 241 663 302 75⁸3
829 278 843 291 ι
1608 239 1669 293 S.
1712 233 2089 290 IIIERONYMI
2127 228 2417 290 ODERUM
2456 223 2821 284 MANTISSA.
3822 221 3933 280 756

559 365 741 437 poris,
770 362 1007 423 ostendit
1032 374 1139 417 non
1162 366 1412 415 naturam
1433 353 1828 414 membrorum,
1854 350 1945 405 sed
1978 347 2158 404 ofﬁcia
2186 348 2241 408 Α
2266 341 2483 407 oculus,
2516 357 2623 437 non
2650 356 2771 397 sum
2801 355 2866 397 cs
2908 352 3178 410 corpore:
3207 353 3338 395 num
3369 336 3494 395 ideo
3537 353 3659 395 non
3697 346 3819 394 est
3860 337 3933 393 dc

568 434 695 515 esse
725 434 937 515 diversa
974 472 988 508 :
1023 462 1076 507 et
1126 452 1401 506 neminem
1433 448 1637 503 debere
1674 458 1875 497 curare
1901 443 2057 510 cujus
2090 441 2161 496 sit
2267 434 2540 503 corpore?

570 551 757 615 oilicii,
791 550 914 603 dum
944 557 1136 601 omnes
1158 557 1267 597 uno
1289 541 1590 609 eodemque
1611 536 1806 606 spiritu
1829 535 2160 589 animentur.
2341 525 2394 579 Ν
2399 543 2467 580 on
2511 527 2632 582 estis
2672 526 2799 581 mihi
2841 526 3139 583 necessarii.
3163 525 3372 583 Oculus
3398 534 3502 591 est,
3528 528 3631 596 qui
3691 525 3927 582 istc-lli-

569 641 747 698 Sumit
770 636 1081 706 exemplum
1102 648 1172 690 ex
1202 634 1441 689 humano
1471 643 1700 699 corpore
1731 644 1746 683 :
1777 638 1835 685 ut
1867 627 2061 683 doceat
2091 627 2163 679 ita
2266 617 2342 689 Si!
2375 634 2389 683 ;
2422 632 2505 681 08.
2542 618 2633 671 illi?
2661 621 2749 687 qui
2779 617 2963 681 άοοεῑν
3006 618 3090 672 νει
3132 618 3374 687 loquitur
3408 618 3627 688 linguis.

573 747 698 789 esse
750 730 1029 785 Ecclesiae
1057 728 1111 782 in
1140 724 1367 783 Christo
1403 738 1568 779 unum
1611 736 1832 791 corpus,
1866 720 2009 775 sicut
2035 725 2167 773 sunt
2341 710 2449 766 Sed
2490 710 2655 764 multo
2697 710 2882 781 magis.
2915 726 3033 781 qua
3072 710 3313 764 videntur
3360 710 3598 765 membra
3646 714 3923 780 corporis

572 823 824 879 membra
852 822 906 877 in
928 834 1160 888 corwe
1184 815 1467 874 hominis;
1497 829 1567 870 ne
1595 810 2163 881 adversumalterum9
2269 804 2563 872 inﬁrmiora
2618 819 2726 858 esse
2752 845 2766 868 ,
2822 803 3181 856 necessariora
3221 814 3364 857 sunt.
3420 802 3677 863 Membra
3702 843 3721 868 ,
3785 819 3921 871 qua:

573 916 715 971 οιτον
744 913 982 968 ίηαοιυε,
2268 894 2530 966 spernitis
2562 895 2615 949 in
2648 895 2893 972 Ecclesia
2925 893 3151 963 majoris
3182 895 3441 952 utilitatis
3476 910 3601 952 esse
3642 896 3923 966 proban-

646 1004 736 1059 lta
764 1016 811 1059 et
842 1004 1095 1058 Christus.
1123 998 1428 1059 Notandum
1461 996 1611 1068 quod
1631 996 1885 1058 Christus
1926 1008 2022 1064 per
2047 1007 2168 1051 coc-
2271 998 2362 1045 tur
2395 1007 2406 1043 :
2440 990 2582 1044 sicut
2612 989 2665 1043 in
2696 1004 2926 1058 corpore
2953 988 3079 1044 sine
3103 987 3360 1047 manibus
3389 996 3441 1041 ct
3471 987 3725 1057 pedibus
3759 989 3918 1043 uivi-

576 1111 679 1166 pus
706 1111 863 1150 suum
883 1094 1099 1148 dicatur
1132 1091 1397 1148 Ecclesia.
2275 1091 2388 1148 tur,
2417 1080 2537 1137 sine
2570 1081 2847 1136 intestinis
2884 1080 3107 1136 omnino
3150 1094 3264 1134 non
3294 1080 3513 1135 vivitur.

649 1188 863 1243 Etenim
910 1187 964 1240 in
1005 1202 1111 1240 uno
1141 1185 1331 1256 spiritu
1365 1197 1545 1238 omnes
1573 1197 1668 1237 nos
1711 1180 1767 1234 in
1796 1194 1957 1237 unum
1986 1192 2171 1248 corpus
2346 1172 2416 1228 Et
2454 1190 2571 1243 qua
2596 1184 2839 1246 putamus
2876 1172 3191 1246 ignobiliora
3215 1173 3444 1229 membra
3465 1190 3579 1229 esse
3614 1174 3914 1245 corporis.

579 1280 825 1352 baptisati
849 1294 1051 1345 sumus,
1077 1277 1182 1332 sive
1202 1275 1400 1342 Judtei,
1440 1276 1549 1330 sive
1587 1272 1842 1339 Gentiles,
1870 1272 1972 1325 sive
2013 1270 2169 1338 servi,
2274 1266 2393 1324 Non
2418 1283 2527 1338 quo
2563 1283 2697 1323 vere
2724 1266 2831 1323 sint
2862 1266 3012 1327 talia.

574 1370 680 1425 sive
720 1370 891 1425 liberi.
937 1368 1005 1425 Ut
1044 1384 1215 1423 unum
1264 1381 1465 1435 corpus
1489 1364 1787 1421 efﬁciamur
1839 1363 1892 1417 in
1930 1359 2168 1418 Christo.
2349 1359 2451 1415 His
2503 1360 2751 1415 honorem
2804 1360 3237 1415 abundantiorem
3290 1358 3695 1415 circumdamus.
3757 1358 3912 1416 Cum

580 1463 971 1531 Quorumergo
995 1458 1327 1531 spiritualia,
1352 1466 1407 1513 et
1427 1456 1675 1513 cmlestia
1693 1452 1998 1510 communia
2024 1459 2174 1518 sunt,
2279 1453 2491 1508 cautius
2518 1451 2882 1515 vestimentis,
2914 1459 2971 1505 et
3005 1450 3317 1521 diligentius
3346 1458 3742 1519 conteguntur.

584 1556 784 1612 debent
821 1564 1035 1610 terrena
1083 1560 1139 1609 et
1171 1551 1411 1608 carnalia
1460 1536 1822 1606 communiter
1866 1545 2172 1618 possidere,
2353 1543 2421 1599 Et
2472 1560 2592 1616 qua:
2638 1544 2909 1601 inhonesta
2934 1552 3054 1599 sunt
3086 1554 3284 1609 nostra,
3310 1543 3755 1598 abundantiorem
3795 1541 3914 1595 Ito-

585 1647 884 1704 secundum
911 1646 1236 1702 sententiam
1267 1642 1555 1713 PrOphetso
1587 1659 1600 1695 :
1630 1642 1818 1697 Nonne
1844 1648 2001 1710 pater
2037 1653 2177 1694 unus
2283 1647 2532 1693 aestatem
2560 1637 2767 1692 habent.
2816 1636 3048 1692 Honesta
3078 1647 3254 1692 autem
3282 1648 3453 1692 nostra
3478 1635 3689 1691 nullius
3712 1645 3907 1705 egent.

587 1740 982 1799 estomnium?
1010 1739 1143 1796 Item
1188 1738 1277 1797 hic
1322 1734 1606 1792 manifeste
1650 1733 2004 1790 ostenditur:
2043 1747 2178 1803 quo-
2207 1728 2256 1791 B
2283 1729 2415 1799 Quae
2465 1745 2560 1799 per
2607 1744 2668 1784 se
2717 1728 2940 1799 pulchra
2986 1737 3138 1795 sunt,
3189 1729 3387 1784 nullius
3417 1728 3670 1798 tegminis
3725 1738 3907 1800 egent

588 1835 734 1890 niam
784 1835 873 1905 qui
906 1834 1251 1903 baptizantur
1297 1831 1352 1886 in
1407 1828 1631 1885 nomine
1670 1828 1845 1883 Patris
1889 1837 1944 1883 et
1969 1825 2094 1882 Filii
2123 1836 2177 1882 et
2282 1820 2708 1890 pulchritudine,
2732 1830 2789 1876 ut
2817 1828 2909 1877 est
2929 1830 3091 1890 caput
3123 1828 3178 1876 et
3215 1835 3430 1876 manus.

591 1924 828 1993 Spiritus
854 1923 1049 1986 sancti,
1088 1923 1143 1977 in
1171 1936 1276 1977 una
1301 1920 1644 1990 baptizantur
1666 1918 2011 1974 substantia:
2044 1932 2175 1987 quo-
2356 1911 2463 1969 Sed
2506 1911 2649 1968 Deus
2702 1914 3002 1985 temperavit
3026 1927 3239 1981 corpus,
3276 1912 3326 1967 ei
3354 1912 3439 1967 cui
3478 1912 3681 1978 deerat,
3726 1911 3902 1965 abun-

588 2014 733 2071 niam
776 2010 1265 2069 Trinitasdeitutis
1301 2026 1411 2067 non
1445 2008 1607 2065 habet
1643 2007 2053 2072 diversitatem,
2098 2006 2180 2061 di-
2282 2005 2570 2062 dantiorem
2643 2004 2914 2061 tribuendo
2984 2006 3253 2061 honorem.
3310 2005 3615 2062 Minoribus
3676 2005 3898 2076 majora

589 2112 749 2161 cente
775 2103 1066 2173 Apostolo:
2284 2098 2431 2154 dona
2469 2096 2776 2161 concedens
2808 2114 2824 2159 :
2857 2107 2918 2154 ut
2953 2098 3044 2170 qui
3073 2096 3286 2156 honore
3322 2098 3503 2157 minor
3531 2107 3680 2166 erat,
3709 2099 3897 2170 gratia

660 2195 733 2251 Et
762 2212 937 2251 omnes
972 2196 1027 2250 in
1069 2211 1173 2250 uno
1201 2194 1389 2267 spiritu
1428 2193 1598 2249 uocati
1635 2210 1839 2249 sumus.
1884 2191 2048 2262 Quasi
2080 2207 2181 2264 po-
2283 2191 2612 2247 abundaret.
2940 2267 2949 2274 _

590 2289 780 2345 tionati
827 2288 1045 2357 Spiritu,
1086 2303 1248 2360 quem
1297 2286 1570 2357 accipiunt
1617 2285 1881 2355 haptizati
1922 2300 2018 2355 per
2064 2299 2181 2341 ma-
2360 2283 2439 2341 Ut-
2469 2301 2572 2340 non
2600 2284 2666 2340 sit
2691 2283 2919 2341 schisma
2940 2286 2995 2341 in
3019 2302 3256 2357 corpore.
3287 2284 3355 2343 Ut
3385 2300 3485 2356 pro
3513 2284 3753 2341 invicem
3782 2284 3895 2340 sol-

593 2400 761 2441 nnum
793 2382 1217 2452 itnpositionem.
2284 2378 2420 2434 liciti
2446 2379 2617 2434 simus
2645 2395 2659 2433 :
2687 2378 2815 2434 dum
2857 2379 3129 2437 alterutro
3167 2378 3496 2449 indigemus,
3545 2394 3614 2434 ne
3642 2378 3768 2448 quis
3802 2392 3893 2434 se-

664 2474 807 2529 Nam
837 2482 883 2527 et
912 2488 1120 2541 corpus.
1166 2472 1477 2527 Revertitur
1508 2471 1573 2527 ad
1605 2471 1938 2543 exemplum.
2286 2478 2485 2539 quatur
2513 2479 2570 2526 et
2596 2472 2770 2541 gratia
2800 2481 2856 2527 et
2883 2470 3093 2527 honore
3130 2474 3426 2541 privatum.

663 2566 786 2621 Non
818 2573 893 2619 est
938 2565 1435 2626 ununumembrum,
1477 2564 1570 2619 sed
1624 2565 1807 2619 multa.
1859 2564 1974 2618 Non
2008 2571 2187 2631 potest
2362 2562 2468 2617 Sed
2508 2563 2558 2614 in
2588 2562 2817 2629 idipsum
2857 2578 2951 2630 pro
2982 2562 3201 2616 invicem
3228 2563 3454 2616 sollicita
3502 2562 3608 2619 sint
3635 2562 3885 2617 membra.

588 2667 765 2716 totum
812 2673 1041 2727 corpus,
1082 2673 1249 2712 unum
1293 2657 1534 2713 ol‘licium
1588 2671 1793 2725 agere;
1843 2655 1940 2710 sed
1989 2670 2185 2711 unum-
2282 2653 2442 2717 Sicut
2478 2653 2620 2711 oculi
2652 2654 2793 2711 viam
2841 2654 3073 2723 pedibus
3102 2654 3430 2725 prmvident.
3458 2663 3517 2709 et
3566 2668 3762 2709 manus
3793 2670 3887 2722 pro

590 2751 841 2822 quodque
872 2749 1242 2813 membrorum
1276 2748 1328 2803 id
1357 2749 1463 2819 agit
1494 2748 1560 2802 ad
1593 2748 1734 2816 quod
1766 2754 1948 2817 aptum
1984 2754 2087 2801 est.
2288 2754 2403 2801 toto
2428 2760 2655 2814 corpore
2686 2755 2982 2815 operantur
3015 2764 3027 2799 :
3060 2754 3116 2802 et
3146 2746 3327 2802 omnia
3356 2746 3684 2807 alterutrum
3715 2762 3887 2802 ntem-

667 2841 732 2898 Si
778 2843 967 2898 dixerit
1012 2858 1124 2911 pes.
1177 2841 1279 2896 Pes
1330 2840 1588 2896 Ecclesia:
1616 2839 1723 2896 dici
1768 2846 1967 2910 potem,
2000 2838 2090 2909 qui
2120 2837 2187 2894 ad
2287 2836 2385 2892 bra
2415 2836 2759 2894 deserviunt.

596 2934 1043 2992 intercedendum
1073 2933 1373 3005 egreditur.
2360 2928 2431 2984 Et
2477 2931 2522 2985 si
2560 2932 2686 3000 quid
2730 2931 2925 3002 patitur
2951 2947 3115 2984 unum
3155 2931 3462 3002 membrum,
3495 2934 3883 3004 compatiuntur

668 3028 928 3098 Quoniam
960 3046 1064 3084 non
1090 3045 1205 3083 sum
1225 3042 1430 3082 manus.
1465 3027 1655 3082 Manus
1681 3034 1768 3082 est
1788 3025 1903 3091 ille,
1932 3023 2027 3095 qui
2053 3037 2185 3093 ope-
2292 3023 2469 3077 omnia
2515 3022 2761 3077 membra.
2812 3022 2871 3079 Si
2912 3037 3077 3076 unum
3130 3022 3431 3077 membrum
3475 3024 3659 3089 dolet,
3712 3034 3878 3079 tntum

593 3129 770 3178 ratur.
2214 3104 2259 3167 C
2293 3130 2491 3187 corpus
2521 3115 2801 3187 afﬂigitur,
2832 3125 2888 3172 et
2913 3116 2978 3170 ad
3011 3118 3299 3172 sanitatem
3327 3118 3447 3187 ejus
3492 3116 3742 3173 membra
3767 3134 3880 3172 om-

664 3212 792 3268 Non
828 3229 947 3268 sum
976 3212 1038 3268 de
1064 3225 1277 3282 corpore
1322 3223 1340 3261 :
1391 3223 1512 3261 num
1551 3206 1666 3260 ideo
1710 3221 1811 3261 non
1852 3216 1927 3260 est
1967 3205 2032 3260 de
2074 3223 2186 3260 cor-
2289 3209 2377 3262 nia
2406 3208 2766 3265 collaborant.

592 3308 760 3381 pore?
803 3306 873 3361 Et
914 3306 959 3362 si
988 3305 1180 3361 dixerit
1205 3303 1348 3358 auris
1372 3317 1389 3355 :
1418 3300 1664 3371 quoniam
1690 3316 1792 3354 non
1821 3316 1939 3354 sum
1980 3300 2186 3365 oculus,
2363 3300 2482 3356 Sive
2508 3300 2760 3381 gloriatur
2788 3317 2952 3356 unum
2997 3302 3305 3367 membrum,
3347 3302 3674 3373 congaudent
3708 3302 3877 3356 omnia

593 3376 697 3453 non
725 3415 839 3453 sum
885 3399 950 3451 de
977 3410 1194 3468 corpore
1229 3410 1249 3450 :
1278 3410 1414 3463 num.
1442 3393 1557 3446 ideo
1597 3409 1700 3446 non
1742 3402 1813 3449 est
1842 3392 1907 3446 de
1936 3394 2189 3464 corpore?
2289 3394 2538 3447 membra.
2581 3376 2733 3449 Sicut
2754 3392 2831 3449 ait
2867 3392 3125 3449 Salomon
3154 3412 3168 3448 :
3197 3394 3378 3450 Corde
3421 3394 3661 3459 laetante,
3701 3394 3874 3449 vultus

593 3489 823 3546 Dicebat
862 3489 1014 3557 [enim
1057 3503 1163 3541 non
1212 3500 1333 3540 esse
1372 3500 1431 3540 se
1459 3483 1528 3541 de
1554 3498 1787 3554 corpore
1820 3500 1835 3537 :
1885 3484 2008 3553 quia
2048 3484 2188 3539 hanc
2289 3483 2466 3543 lluret.
2512 3485 2620 3542 Nos
2674 3495 2853 3543 autem
2898 3486 3332 3555 compassionem
3368 3494 3426 3543 et
3462 3487 3869 3557 congratulatio-

594 3596 760 3651 quam
790 3580 882 3635 alii
910 3589 1239 3647 acceperunt
1262 3577 1515 3647 gratiam,
1535 3590 1643 3632 non
1675 3575 1929 3633 habebat.
2289 3592 2414 3633 nem
2458 3576 2513 3633 in
2542 3577 2815 3633 contraria
2854 3588 3247 3647 permutamus.

668 3670 730 3725 Si
773 3677 934 3723 totum
977 3683 1166 3735 corpus
1209 3668 1417 3734 oculus,
1465 3667 1550 3723 ubi
1579 3669 1840 3724 auditus?
1884 3666 1943 3725 Si
1996 3682 2186 3725 omnes
2366 3668 2470 3725 Vos
2493 3679 2664 3724 autem
2696 3672 2814 3725 estis
2844 3686 3032 3742 corpus
3064 3671 3282 3726 Christi.
3331 3672 3451 3730 Hoc
3475 3681 3594 3737 est,
3638 3673 3870 3729 Ecclesia

592 3759 859 3826 scientes,
886 3758 975 3816 ubi
1001 3769 1130 3815 sunt
1155 3760 1469 3816 auditores?
2288 3761 2356 3819 de
2383 3777 2549 3821 carne
2577 3764 2715 3834 ejus,
2748 3771 2805 3819 ct
2830 3764 2899 3820 de
2925 3763 3146 3822 ossibus
3163 3765 3283 3835 eius
3314 3782 3329 3822 :
3361 3766 3502 3823 sicut
3528 3766 3597 3823 ad
3614 3766 3867 3838 Ephesios

668 3851 731 3907 Si
757 3860 923 3906 totum
948 3852 1177 3917 auditus,
1211 3854 1297 3907 ubi
1323 3853 1613 3907 odoratus?
1656 3853 1710 3908 Si
1741 3867 1932 3910 omnes
1968 3854 2183 3911 audito-
2289 3856 2386 3909 ait.

588 3957 701 4014 res,
725 3943 847 4013 quis
871 3945 975 3999 erit
1006 3943 1131 4000 boni
1160 3944 1340 4001 odoris
1371 3945 1568 4002 malive
1592 3945 1864 4003 discretor
1892 3964 1906 4001 ε
1940 3958 1995 4001 ut
2020 3963 2184 4003 unum
2359 3945 2429 4000 Et
2470 3946 2695 4001 membra
2741 3948 2804 4003 de
2855 3948 3098 4002 membro.
3144 3949 3295 4013 Tuti,
3342 3962 3544 4018 corpus
3577 3966 3591 4001 :
3634 3948 3859 4020 singuli,

590 4048 790 4104 corpus
818 4034 1128 4090 efﬁciamur
1157 4036 1208 4090 in
1232 4036 1474 4093 Clu-No.
2286 4040 2553 4095 membra.

663 4125 822 4180 Nunc
859 4136 1032 4182 autem
1079 4129 1251 4201 posuit
1297 4128 1440 4184 Deus
1488 4129 1741 4198 membra,
1787 4132 2184 4202 unumquodque
2357 4130 2427 4185 Et
2452 4132 2703 4202 quosdam
2724 4132 2932 4204 quidem
2964 4134 3135 4202 posuit
3170 4131 3327 4188 Deus.
3362 4132 3523 4189 Modo
3564 4132 3726 4203 ipsum
3753 4132 3860 4191 vult

588 4236 767 4274 eorum
800 4221 852 4274 in
883 4236 1099 4291 corpore
1142 4222 1275 4276 sicut
1304 4221 1489 4276 voluit.
1521 4222 1675 4278 Sicut
1702 4224 1755 4277 in
1785 4237 2018 4293 corpore
2058 4234 2183 4293 apte
2286 4225 2655 4280 membrorum
2683 4224 2930 4279 ordinem
2959 4224 3361 4282 demonstrare.

588 4324 643 4369 et
672 4313 921 4369 ordinate
948 4315 1243 4373 constituta
1280 4326 1407 4370 sunt
1454 4316 1702 4371 membra
1750 4333 1763 4370 :
1792 4317 1867 4370 ita
1898 4325 1953 4372 et
1992 4316 2043 4371 in
2074 4318 2179 4374 Ec.
2359 4314 2425 4369 In
2455 4314 2693 4371 Ecrlesia
2720 4318 2891 4387 primo
2929 4316 3207 4389 apostolos.
3248 4316 3364 4372 Non
3394 4318 3446 4372 in
3475 4331 3763 4389 synagoga,
3794 4332 3855 4371 ne

583 4408 748 4462 clesia
782 4408 1154 4479 unusquisque
1183 4424 1213 4462 a
1244 4409 1378 4476 Deo,
1409 4407 1478 4463 ad
1504 4408 1557 4462 id
1587 4408 1733 4479 quod
1760 4416 1920 4478 aptus
1944 4418 2053 4477 est,
2084 4425 2179 4467 or-
2282 4414 2535 4476 putemus
2587 4422 2711 4462 eum
2768 4407 2835 4462 de
2865 4408 3104 4478 antiquis
3153 4407 3355 4464 dixisse
3385 4409 3663 4479 prophetis
3688 4426 3705 4464 ;
3728 4410 3854 4463 sicut

582 4496 821 4555 dinatur.
2210 4486 2264 4549 Ι)
2288 4508 2406 4555 erat
2430 4498 2650 4567 Agabus
2677 4516 2692 4555 :
2723 4509 2982 4557 cancrum
3012 4500 3349 4572 patriarchas
3374 4516 3589 4574 quoque
3615 4500 3854 4556 debuerat

660 4590 813 4657 Quod
838 4590 884 4644 si
922 4598 1091 4645 essent
1121 4591 1296 4645 omnia
1319 4606 1482 4646 unum
1506 4591 1809 4656 membrum,
1838 4593 1924 4647 ubi
1951 4598 2180 4667 corpus?
2284 4589 2594 4645 nominare.

583 4683 640 4740 Si
671 4699 866 4751 omnes
897 4700 1063 4741 unam
1096 4685 1325 4756 gratiam
1370 4685 1655 4750 haberent,
1691 4686 1915 4757 reliqua:
1967 4689 2056 4745 ubi
2090 4704 2181 4745 es-
2356 4683 2601 4741 Secundo
2628 4684 2930 4756 prapltetas,
2962 4684 3111 4740 tertio
3137 4685 3391 4741 doctores.
3415 4684 3694 4754 Propheta:
3717 4693 3848 4749 sunt,

584 4779 744 4835 sent?
775 4794 874 4835 nec
902 4793 1104 4849 corpus
1128 4779 1245 4849 jam
1274 4788 1525 4850 poterant
1554 4795 1701 4851 esse,
1741 4783 1838 4838 sed
1871 4785 2139 4841 membra.
2282 4777 2373 4848 qui
2403 4778 2699 4850 explanant
2720 4779 2949 4835 obscura
2982 4781 3397 4849 prophetarum:
3430 4785 3484 4831 et
3509 4777 3600 4846 qui
3623 4776 3848 4831 ltomiues

654 4869 709 4923 Ν
715 4887 811 4923 unc
830 4882 1002 4925 autem
1016 4870 1180 4926 multa
1194 4873 1399 4941 quidem
1416 4873 1663 4941 membra,
1686 4892 1849 4930 unum
1869 4885 2043 4932 autem
2064 4894 2174 4932 coro
2281 4872 2641 4929 exhortantur
2663 4915 2679 4940 ,
2727 4872 2868 4930 sicut
2893 4872 3021 4929 alibi
3070 4871 3204 4927 dicit
3234 4887 3250 4928 :
3277 4870 3409 4927 Nam
3447 4869 3536 4936 qui
3584 4867 3846 4937 prophetat

585 4976 705 5028 pus.
732 4961 845 5017 Hoc
862 4961 2172 5033 cst,humanum:quodmultamembraostendit.
2284 4964 2612 5034 hominibus,
2668 4964 2904 5035 loquitur
2949 4963 3018 5019 ad
3065 4964 3503 5033 aediﬁcationem,
3530 4960 3843 5018 exhortatio-

657 5049 782 5104 Non
852 5062 1013 5121 potest
1060 5063 1235 5109 autem
1304 5056 1488 5111 oculus
1532 5058 1704 5112 dicere
1751 5060 1927 5113 manui
1951 5104 1967 5128 ,
2016 5075 2177 5129 Opera
2281 5071 2427 5126 nem,
2458 5068 2508 5113 et
2541 5058 2962 5114 consolationes.

582 5152 671 5196 tua
716 5160 817 5197 non
844 5144 1076 5216 indigeo.
1115 5147 1240 5203 ideo
1264 5148 1495 5205 invicem
1530 5150 1865 5219 indigemus,
1904 5160 1963 5207 ut
2005 5154 2173 5223 magis

2355 5148 2551 5203 Deinde
2588 5150 2796 5205 virtutes
2823 5188 2839 5215 ,
2896 5150 3081 5205 exinde
3119 5149 3318 5222 gratias
3363 5149 3707 5205 curationum.
3752 5148 3836 5207 llic

580 5248 645 5291 ac
693 5235 863 5307 magis
889 5236 1124 5293 charitas
1151 5240 1526 5297 conﬁrmetur.
1572 5242 1706 5297 Nam
1736 5242 1782 5297 si
1810 5259 1955 5300 unus
1993 5246 2173 5301 omnia
2277 5239 2528 5305 virtutes,
2560 5241 2711 5311 signa
2744 5240 2946 5310 majora
2977 5240 3263 5310 signiﬁcat.

578 5325 829 5395 haberet,
862 5327 1123 5386 adversus
1153 5340 1381 5387 cmteros
1410 5331 1711 5388 inﬁaretur.
2352 5334 2755 5403 Opitulationes.
2806 5335 2919 5389 Hoc
2945 5343 3029 5390 εει
3052 5374 3065 5399 ,
3094 5332 3389 5403 adjutoria.
3426 5333 3579 5391 Unde
3608 5334 3758 5390 Paulo
3787 5334 3834 5392 in

652 5418 756 5472 Aut
802 5421 986 5473 iterum
1034 5432 1189 5490 caput
1239 5422 1479 5493 pedibus.
1528 5424 1797 5480 Sacerdos
1841 5434 1923 5481 est
1960 5437 2127 5499 caput
2154 5447 2170 5485 :
2275 5426 2397 5483 visu
2425 5425 2624 5482 dicitur
2646 5442 2677 5483 a
2704 5427 2822 5483 viro
2844 5426 3143 5483 Macedone
3174 5444 3185 5478 :
3216 5426 3374 5492 Veni,
3407 5427 3606 5496 adjuvs
3638 5442 3742 5483 nos.

578 5507 803 5578 inﬁrmi,
851 5510 1020 5584 pedes
1064 5513 1345 5571 Ecclesiae.
1389 5516 1446 5573 Si
1495 5516 1697 5572 dixerit
1744 5518 2011 5585 auricula,
2048 5536 2169 5589 qua:
2344 5518 2776 5585 Gubernationes,
2805 5536 2994 5591 genera
3030 5519 3368 5590 linguarum,
3414 5520 3833 5589 interpretationes

574 5602 795 5667 sapiens
826 5602 1045 5658 auditor
1074 5616 1160 5660 est
1182 5607 1329 5677 (nam
1360 5609 1507 5665 auris
1546 5609 1688 5665 inter
1730 5621 1929 5667 ctetera
1964 5610 2167 5668 auferri
2268 5627 2585 5668 sermonum.
2618 5610 2722 5679 Qui
2750 5612 2929 5668 sciunt
2965 5610 3229 5680 singulos,
3279 5618 3442 5679 prout
3469 5610 3579 5681 apti
3614 5621 3728 5667 sunt
3749 5627 3833 5684 au-

577 5683 773 5744 dicitur
804 5706 835 5745 a
862 5692 1047 5750 Judaaa
1079 5709 1177 5765 per
1203 5696 1398 5753 lsaiam
1440 5699 1784 5773 prophetam)
1824 5720 1838 5757 :
1878 5701 1995 5758 Non
2042 5717 2167 5762 sum
2268 5701 2523 5764 bernare.
