4030 6202
220 261 321 317 757

924 256 1469 317 COMMENTARIUS
1507 256 1574 315 ΙΝ
1616 257 1791 316 EPlS'l

1919 257 2009 315 AM
2048 258 2075 314 ι
2109 258 2201 315 AD
2238 258 2397 316 εοιι.
2437 261 2594 319 CAP.
2638 264 2774 320 XIII.

3400 276 3508 334 758

286 372 560 438 Numquid
610 388 780 428 omnes
829 372 1091 446 apostoli?
1143 372 1411 441 Numquid
1464 388 1640 426 omnes
1685 388 1808 441 pro—
1832 371 1885 434 Α
1913 371 2162 435 stituant,
2190 372 2293 443 qui
2312 387 2427 429 rem
2459 376 2687 432 alterius
2716 382 2980 449 temporis
3009 382 3209 440 frustra
3235 402 3380 444 nunc
3410 406 3504 446 vo-

213 466 426 539 phette?
476 466 748 538 Numquid
788 483 962 521 omnes
998 467 1271 520 doctores?
1316 464 1592 536 Numquid
1634 480 1809 518 omnes

210 562 466 614 virtutes?
486 559 757 630 Numquid
786 576 965 615 omnes
989 560 1214 630 gratiam
1239 557 1424 612 habent
1451 556 1811 613 curationum?

212 652 487 722 Numquid
514 668 691 707 omnes
728 652 923 724 linguis
968 650 1295 720 loquuntur?
1330 648 1605 717 Numquid
1633 665 1810 702 omnes

212 744 663 815 interpretantur?
700 742 814 798 lloc
856 751 943 798 est
981 742 1127 812 quod
1158 742 1411 812 superius
1453 740 1671 797 dixerat
1701 756 1716 796 :
1748 740 1806 795 Si

209 846 395 891 essent
418 836 598 890 omnia
630 852 793 890 unum
820 838 1146 901 membrum,
1181 835 1272 890 ubi
1298 834 1541 906 corpus?

284 928 607 983 Emulamini
656 941 829 983 autent
885 930 1200 984 charismata
1230 928 1470 985 meliora.
1529 926 1641 982 Hoc
1687 935 1802 996 est,

206 1019 494 1075 sectamini
524 1021 843 1090 prophetas.

282 1110 351 1162 Et
377 1111 550 1166 adhuc
596 1111 1033 1167 excellentiorem.
1081 1109 1139 1165 lu
1180 1109 1373 1165 Graeco
1402 1108 1605 1175 habet,
1648 1124 1805 1179 super

204 1202 442 1257 modum.

284 1291 436 1346 Viam
463 1293 603 1347 vobis
634 1294 951 1347 demonstro.
972 1292 1330 1360 Cbaritatem,
1365 1306 1462 1362 per
1490 1306 1650 1362 quam
1676 1306 1797 1363 per-

200 1382 419 1437 venitur
441 1382 511 1438 ad
545 1383 715 1438 Deum
750 1401 761 1436 :
798 1382 921 1437 Vult
948 1398 1048 1437 nos
1072 1383 1242 1452 magis
1274 1382 1365 1436 illa
1385 1397 1655 1453 quaerere,
1678 1398 1798 1452 qua:

201 1492 267 1533 ex
297 1477 454 1533 nobis
483 1488 632 1542 sunt,
654 1486 712 1535 et
738 1478 806 1534 ad
835 1479 1004 1534 vitam
1033 1488 1284 1550 prosunt,
1306 1494 1469 1552 quam
1500 1480 1653 1552 signa
1674 1497 1799 1553 quae

199 1583 309 1626 non
330 1579 459 1627 sunt
484 1569 543 1626 in
571 1580 759 1627 nostra
792 1579 1059 1641 potestate
1086 1573 1288 1644 posita.

785 1713 1021 1773 CAPUT
1044 1715 1183 1773 XIII.

266 1858 334 1916 Si
359 1859 555 1931 linguis
571 1859 841 1915 hominum
868 1861 1073 1931 loquar,
1097 1870 1149 1917 et
1181 1860 1503 1935 angelorum.
1534 1862 1651 1919 Non
1698 1880 1790 1923 so-

192 1952 308 2007 lum
337 1952 577 2008 omnium
606 1952 912 2022 hominum,
944 1954 1041 2011 sed
1071 1956 1235 2012 etiam
1257 1956 1301 2012 si
1324 1972 1445 2029 quat
1471 1966 1599 2014 sunt
1628 1973 1793 2032 ange-

197 2044 406 2099 lorum.

261 2136 583 2193 Charitatem
611 2147 786 2194 autem
813 2154 916 2194 non
946 2140 1195 2196 habeam:
1222 2144 1394 2214 factus
1417 2160 1535 2198 sum
1555 2143 1693 2199 velut
1719 2160 1793 2200 trs

190 2246 405 2295 sonans,
437 2239 527 2284 aut
549 2230 848 2302 cymbalum
877 2233 1123 2289 tinniens.
1153 2232 1307 2301 Quod
1336 2250 1443 2289 non
1475 2250 1540 2291 ex
1570 2251 1661 2302 se,
1693 2236 1789 2292 sed

191 2324 261 2380 ab
288 2323 399 2379 alio
429 2322 721 2393 impulsum
747 2324 923 2379 solum
951 2325 1190 2380 sonitum
1220 2325 1429 2397 reddit,
1461 2335 1518 2382 et
1555 2326 1792 2383 delectat

189 2415 457 2471 auditum.
486 2412 736 2471 Charitas
764 2430 900 2472 vero
925 2432 991 2471 ex
1025 2416 1184 2472 nobis
1208 2426 1315 2486 est,
1349 2427 1407 2475 et
1429 2434 1647 2475 omnem
1671 2435 1792 2491 pos-

190 2506 333 2563 sidet
359 2504 620 2561 fructum.

262 2593 333 2647 Et
376 2595 423 2648 si
467 2595 695 2650 habuero
747 2596 1096 2668 prophetiam,
1155 2608 1205 2652 et
1259 2601 1487 2655 noverim
1535 2602 1797 2673 mysteria

192 2685 393 2739 omnia.
425 2684 524 2739 llic
550 2685 734 2741 futura
777 2686 1101 2757 praedicare,
1137 2692 1517 2759 mysteriorum
1548 2692 1787 2762 cognitio

192 2784 300 2839 cst,
358 2785 415 2832 et
443 2777 684 2832 omnium
731 2788 1092 2836 secretorum.
1140 2780 1381 2838 Scientia
1424 2798 1576 2849 vero,
1625 2799 1789 2840 nosse

192 2868 381 2923 omnia
410 2883 534 2939 qua:
562 2868 782 2925 fuerunt
811 2882 866 2926 et
894 2882 1043 2928 sunt.
1078 2873 1136 2929 Si
1169 2876 1273 2929 ista
1300 2877 1484 2929 omnia
1518 2884 1626 2931 tam
1674 2894 1789 2933 ma-

191 2974 295 3031 gna
346 2959 467 3016 sine
523 2961 793 3018 charitate
840 2963 979 3018 nihil
1003 2975 1131 3020 sunt
1162 2980 1178 3024 :
1211 2975 1417 3034 quattto
1454 2969 1629 3039 magis
1667 2970 1791 3025 sine

192 3052 543 3121 abstinentia,
570 3054 806 3123 jejunio,
838 3066 893 3111 et
922 3056 1007 3112 his
1034 3057 1309 3112 similibus
1330 3099 1347 3124 ,
1378 3058 1433 3114 in
1454 3059 1653 3131 quibus
1679 3062 1784 3117 sibi

194 3144 439 3215 plerique
477 3145 669 3201 relicta
696 3146 965 3202 cbaritate
994 3148 1296 3218 gloriantur
1326 3151 1341 3203 l

262 3238 337 3293 Et
402 3253 611 3293 omnem
674 3240 969 3295 scientiam.
1015 3241 1087 3295 Et
1139 3242 1226 3296 hic
1278 3243 1505 3299 scientia
1546 3258 1785 3317 magna:

190 3332 315 3401 quia
345 3347 471 3389 cum
502 3331 589 3388 his
616 3340 988 3403 computatur,
1035 3334 1203 3393 etiam
1232 3336 1279 3390 si
1311 3336 1491 3393 minor
1509 3338 1582 3394 sit
1606 3336 1791 3396 chari-

190 3435 240 3481 ta
248 3435 321 3481 te.

261 3518 333 3573 Et
355 3519 400 3573 si
421 3518 656 3576 habuero
687 3536 890 3575 omnem
917 3522 1095 3590 ﬁdem,
1144 3524 1217 3577 ita
1246 3533 1307 3577 ut
1330 3535 1531 3582 montes
1560 3531 1786 3600 transfe-

189 3630 303 3667 ram
326 3629 346 3668 :
369 3615 682 3669 charitatem
707 3626 884 3671 autem
924 3634 1028 3671 non
1052 3617 1281 3674 habuero
1300 3661 1313 3687 ,
1348 3620 1483 3679 nihil
1519 3637 1657 3676 sum.
1689 3622 1784 3679 llic

192 3705 519 3779 intelligitur
573 3723 771 3780 magna
825 3709 960 3775 ﬁdes
1005 3725 1130 3767 esse
1159 3752 1175 3777 ,
1223 3728 1345 3782 quite
1385 3713 1439 3768 in
1491 3713 1785 3787 Evangelio

194 3813 375 3869 grano.
406 3798 613 3869 sinapis
648 3811 996 3871 comparatur
1025 3821 1038 3857 :
1063 3818 1193 3874 quze
1214 3819 1331 3859 non
1359 3813 1584 3877 propter
1613 3807 1786 3863 modi-

194 3896 439 3961 citatem,
474 3897 567 3950 sed
602 3904 825 3965 propter
857 3897 1251 3968 integritatem,
1307 3900 1393 3956 vel
1425 3901 1669 3971 vigorem
1697 3918 1787 3974 ap-

190 3984 370 4055 posita
400 3995 505 4041 est.
534 3985 843 4041 Notandum
872 4001 1005 4042 sane
1030 3987 1176 4057 quod
1209 3989 1351 4044 inter
1376 4000 1575 4045 czetera
1619 3993 1781 4047 etiam

189 4078 371 4132 omnis
404 4076 573 4146 ﬁdes,
606 4093 728 4148 qua:
766 4088 980 4134 montes
1014 4080 1338 4147 transferat,
1371 4081 1492 4137 sine
1516 4082 1785 4142 charitate

189 4185 297 4224 non
329 4168 529 4238 prosit.

264 4261 328 4316 Et
357 4262 405 4316 si
430 4259 750 4315 distribuere
772 4261 825 4316 in
861 4260 999 4319 cibus
1026 4278 1315 4335 pauperum
1354 4280 1532 4320 omnes
1560 4268 1787 4338 faculta-

194 4363 263 4409 tes
286 4370 448 4411 meas.
479 4351 777 4423 Apostolus
796 4352 867 4409 de
901 4367 1119 4411 summa
1156 4354 1439 4412 cboritatis
1468 4357 1615 4414 bono
1644 4367 1788 4415 trae-

196 4455 337 4509 tans,
372 4446 587 4517 magnis
606 4462 727 4502 eam
755 4448 1115 4517 proculdubio
1138 4450 1302 4507 rebus
1332 4452 1641 4521 praetulisse
1665 4469 1785 4510 cre-

1910 463 2132 519 luernnt
2153 478 2431 522 exercere.
2465 468 2596 525 Item
2624 471 2784 525 aliter
2810 488 2825 527 :
2851 473 3183 545 Notandum,
3203 482 3345 551 quod
3374 498 3505 539 con-

1912 565 2153 627 temptas
2180 558 2398 628 mundi,
2433 564 2693 634 martyrio
2730 577 3077 637 comparetur
3106 587 3120 621 :
3155 583 3343 627 contra
3367 591 3461 631 eos
3484 616 3500 641 ,

1909 652 2004 721 qui
2056 653 2184 707 illud
2228 653 2299 710 de
2328 654 2625 726 Evangelia
2673 660 2835 714 variis
2875 665 3211 731 argumentis
3252 668 3501 723 nituntur

1909 746 2212 813 exsolvere,
2228 747 2318 801 ubi
2347 747 2629 805 diciturad
2649 751 2908 808 divitem:
2928 753 3096 819 Vade,
3122 758 3298 813 vende
3322 762 3500 815 omnia

1908 852 2029 915 qua:
2058 828 2246 902 habes,
2276 850 2327 894 et
2358 842 2425 895 da
2466 843 2821 913 pauperibus.

1980 935 2052 991 Et
2074 939 2119 991 si
2144 940 2409 995 tradidero
2440 958 2632 1008 corpus
2663 960 2855 1008 meum,
2886 946 2984 1013 ita,
3008 958 3063 1001 ut
3088 954 3300 1003 ardeam
3330 967 3347 1004 .'
3379 952 3502 1005 cha-

1906 1032 2116 1087 ritatem
2160 1043 2331 1088 autem
2363 1052 2465 1090 non
2493 1034 2747 1102 habuero,
2782 1038 2914 1093 nihil
2952 1041 3079 1094 mihi
3121 1044 3353 1113 prodest.
3387 1045 3501 1099 Non

1906 1132 2131 1193 propter
2161 1125 2363 1192 Deum,
2394 1127 2491 1182 sed
2525 1139 2749 1199 propter
2788 1131 3016 1201 gloriam
3050 1132 3366 1190 humanam.
3402 1136 3499 1192 Vel

1903 1227 2055 1273 certe
2082 1218 2127 1273 si
2159 1221 2283 1289 quis
2309 1220 2362 1274 in
2393 1222 2510 1290 ipso
2536 1224 2801 1295 martyrio
2843 1226 3131 1282 adversum
3165 1228 3384 1285 fratrem
3412 1247 3499 1287 re-

1905 1310 2077 1365 tineat
2104 1311 2268 1379 iram,
2302 1320 2663 1370 contemnens
2688 1330 2843 1383 eum,
2889 1318 2980 1388 qui
3016 1322 3183 1388 jussit
3221 1337 3317 1378 nos
3346 1323 3500 1377 mali-

1904 1400 2033 1457 tiam
2060 1403 2292 1473 proximi
2320 1404 2587 1473 oblivisci,
2628 1417 2683 1462 et
2722 1408 2777 1462 in
2808 1407 2925 1479 ipsa
2954 1411 3118 1466 etiam
3151 1422 3327 1469 morte
3356 1430 3497 1485 prac-

1902 1496 2180 1551 varicator
2204 1496 2465 1554 existens.

1972 1584 2219 1643 Charitas
2248 1589 2453 1660 patiens
2480 1597 2577 1656 est,
2608 1588 2835 1661 benigna
2865 1598 2962 1647 est.
2986 1590 3218 1664 Semper
3248 1594 3385 1650 bene
3405 1610 3499 1649 vo-

1902 1677 2041 1736 lens.
2066 1680 2235 1737 Modo
2265 1680 2527 1738 describit
2552 1684 2732 1739 omnia
2758 1684 3022 1753 membra,
3052 1693 3104 1741 et
3134 1684 3346 1754 species
3369 1685 3498 1742 cha-

1824 1751 1869 1813 Β
1898 1771 2098 1828 ritatis.
2130 1772 2420 1843 Parentes,
2444 1774 2569 1848 quia
2597 1751 3077 1849 multumdiligunt
3107 1751 3271 1846 tilias,
3303 1793 3493 1837 eorum

1896 1865 2059 1920 etiam
2089 1864 2325 1922 libenter
2354 1868 2634 1937 patiuntur
2662 1867 2909 1937 injurias.

1970 1956 2217 2013 Charitas
2240 1974 2345 2015 non
2372 1960 2653 2015 trmulatur
2677 1975 2695 2015 :
2718 1976 2822 2015 non
2840 1962 2947 2033 agit
2971 1977 3265 2033 perperam,
3291 1981 3393 2019 non
3415 1967 3494 2020 in-

1896 2052 2080 2121 ﬂatur.
2107 2050 2278 2106 Nemo
2310 2050 2410 2117 illi,
2441 2065 2605 2120 quem
2634 2066 2762 2107 vere
2786 2060 2954 2119 amat,
2988 2050 3213 2117 invidet,
3242 2056 3485 2122 cujusvis

1895 2156 2018 2197 eum
2044 2156 2166 2197 esse
2188 2143 2491 2213 conspiciat
2510 2142 2722 2213 gloriae,
2749 2142 2834 2197 vel
2860 2144 3083 2196 honoris
3112 2160 3124 2196 :
3153 2143 3249 2197 sed
3277 2160 3490 2201 omnem

1896 2230 2015 2299 ejus
2043 2227 2381 2291 felicitatem,
2413 2227 2565 2296 quasi
2597 2242 2751 2281 suam
2783 2226 3013 2281 libenter
3035 2227 3398 2296 amplectitur.

1969 2320 2092 2375 Non
2122 2330 2198 2375 est
2227 2320 2522 2375 ambitiosa.
2560 2318 2726 2389 Major
2754 2332 2879 2375 esse
2919 2319 3042 2376 aliis
3072 2334 3183 2376 non
3212 2320 3399 2386 ambit,
3436 2329 3494 2377 et

1894 2430 2062 2487 super
2092 2414 2289 2471 fratres
2338 2430 2446 2470 non
2476 2414 2629 2484 cupit
2657 2414 2949 2469 dominari.

1965 2515 2092 2571 Non
2121 2517 2311 2588 quterit
2345 2532 2461 2589 qua:
2504 2532 2602 2570 sua
2632 2523 2777 2571 sunt.
2811 2516 2931 2571 Non
2958 2515 3157 2585 quaerit
3203 2514 3347 2587 quod
3389 2514 3495 2571 sibi

1895 2618 2103 2665 tantum
2131 2612 2200 2663 sit
2220 2609 2352 2663 utile
2374 2653 2389 2677 ,
2421 2607 2517 2663 sed
2548 2608 2690 2679 quod
2713 2608 2920 2663 multis.

1966 2702 2089 2757 Non
2139 2703 2398 2757 irritatur.
2450 2700 2569 2757 Non
2619 2702 2877 2758 incitatur
2934 2701 3002 2759 ad
3049 2701 3261 2773 jurgia,
3294 2701 3363 2757 ab
3394 2700 3489 2758 illo

1892 2810 2053 2867 quem
2084 2796 2282 2866 diligit.

1965 2890 2086 2944 Non
2110 2894 2305 2961 cogitat
2336 2889 2557 2944 malum.
2590 2888 2709 2946 Non
2741 2887 2913 2943 solum
2945 2902 3053 2943 non
3085 2886 3216 2943 facit
3239 2929 3254 2955 ,
3285 2885 3385 2943 sed
3419 2901 3491 2943 ne

1890 2981 2095 3052 cogitat
2114 2981 2355 3053 quidem.

1963 3070 2084 3126 Non
2106 3072 2297 3144 gaudet
2344 3088 2502 3143 super
2536 3071 2829 3143 iniquitate.
2858 3068 3227 3126 Contristatur
3253 3070 3301 3123 si
3326 3084 3487 3140 quem

1816 3136 1873 3201 θ’
1894 3136 2135 3235 iniquum
2168 3136 2512 3235 aliquid,'vel
2544 3136 2762 3230 fecisse,
2807 3162 2896 3217 vel
2936 3177 3155 3232 passum
3184 3176 3310 3217 esse
3344 3136 3485 3217 icon-

1888 3254 2147 3324 spexerit.

1957 3344 2265 3418 Gongaudet
2287 3355 2461 3401 autem
2484 3345 2709 3400 veritati.
2737 3343 2795 3399 id
2826 3350 2935 3409 est,
2984 3342 3145 3399 benis
3175 3341 3434 3413 operibus
3462 3384 3478 3411 ,

1885 3436 1977 3493 vel
2008 3437 2134 3492 ﬁdei
2161 3437 2400 3491 veritati.

1960 3531 2152 3584 Omnia
2172 3531 2382 3597 suﬂ'ert,
2415 3528 2590 3583 omnia
2619 3526 2805 3594 credit,
2849 3527 3026 3580 omnia
3053 3535 3226 3599 sperat
3250 3568 3265 3593 ,
3309 3529 3491 3582 omnia

1884 3624 2123 3678 sustinet.
2153 3621 2363 3677 Snll’ert
2391 3619 2642 3690 injurias,
2672 3617 3032 3675 satishcienti
3074 3619 3270 3687 credit,
3302 3630 3486 3691 sperat

1886 3715 2007 3785 ejus
2050 3712 2490 3768 emendationem
2526 3728 2540 3767 :
2588 3720 2643 3766 et
2687 3709 2866 3766 donec
2902 3711 3173 3784 corrigat,
3208 3712 3483 3782 patienter

1886 3811 2187 3875 exspectat.

1959 3897 2203 3952 Charitas
2233 3911 2510 3965 numquam
2541 3894 2755 3949 excidit.
2784 3894 2897 3949 Hoc
2917 3902 3020 3960 est,
3053 3893 3169 3965 ipsa
3201 3895 3317 3950 sola
3356 3910 3483 3967 per-

1888 3998 2071 4045 manet
2096 3987 2151 4042 in
2184 3986 2389 4042 futuro.
2436 3986 2547 4042 Aut
2571 3995 2743 4054 certe,
2800 4002 2922 4057 qua:
2959 4002 3086 4043 vera
3119 3996 3222 4055 est,
3259 4004 3366 4042 non
3419 3991 3480 4043 ti-

1888 4082 2056 4136 nitur.

1962 4173 2088 4228 Siue
2116 4172 2401 4243 praphetia:
2420 4171 2826 4238 et'acuabuntur,
2862 4170 3476 4245 sit'elingutecessabunt,

1888 4266 1993 4319 sive
2014 4265 2234 4319 scientia
2264 4262 2572 4318 destruetur.
2599 4261 2685 4318 Ea:
2722 4273 2871 4334 parte
2906 4264 3042 4318 enim
3078 4265 3435 4334 cognoscimus
3462 4304 3478 4331 ,

1889 4367 2029 4413 etes:
2068 4366 2214 4423 parte
2260 4358 2645 4429 prophetamus.
2694 4358 2813 4412 Non
2861 4358 3043 4413 omnia
3087 4360 3286 4413 scimus
3312 4398 3326 4421 ,
3381 4373 3481 4414 nec

1889 4452 2072 4511 omnia
2095 4452 2495 4521 prophetomus.
2521 4451 2588 4506 Et
2611 4450 2706 4515 ita,
2734 4451 2799 4508 Ut
2821 4452 2876 4505 in
2907 4453 3081 4521 majus
3108 4449 3479 4520 proﬁciamus,

197 4538 400 4596 dendus
428 4547 515 4598 est
543 4558 556 4594 :
584 4554 761 4611 neque
784 4541 937 4596 enim,
953 4551 1244 4612 potuerunt
1274 4545 1352 4599 rei
1383 4560 1610 4601 summa;
1633 4561 1785 4602 com-
1814 4524 1866 4585 Ῑ)
1891 4544 2279 4610 destruentur;
2314 4559 2408 4614 per
2440 4542 2713 4598 ista'enim
2744 4542 2811 4597 ad
2837 4541 3076 4611 perfecta
3102 4540 3369 4594 venimus.

198 4634 369 4702 parari
402 4649 512 4689 non
543 4650 751 4705 magna:
774 4652 789 4690 :
813 4635 956 4704 quod
978 4651 1046 4691 ex
1074 4638 1206 4706 ipsis
1233 4638 1522 4708 speciebus
1536 4641 1784 4710 agnosci-

206 4733 309 4780 tur.
333 4725 469 4783 Nam
501 4726 701 4797 linguis
729 4727 1011 4783 hominum
1055 4729 1225 4799 loqui,
1258 4739 1311 4785 et
1339 4730 1659 4801 angelorum
1683 4774 1700 4800 ,
1728 4740 1784 4787 et

206 4816 401 4876 habere
462 4819 843 4889 prophetiam,
913 4829 967 4876 ct
1022 4822 1205 4877 omnia
1257 4823 1516 4895 mysteria
1578 4838 1783 4891 nosse,

204 4913 839 4985 omnemquescientiam
872 4913 1187 4985 possidere,
1235 4924 1291 4969 et
1334 4914 1538 4971 habere
1567 4930 1784 4972 omnem

208 5003 384 5073 ﬁdem,
405 5018 461 5064 et
487 5008 703 5078 ignibus
726 5022 788 5063 se
812 5008 1166 5064 cremandum
1193 5008 1429 5073 tradere,
1456 5022 1647 5077 magna
1667 5022 1790 5066 esse

209 5099 327 5165 quis
352 5101 591 5165 nesciat?
621 5101 718 5156 llis
738 5101 913 5157 etiam.
934 5100 1122 5155 mundi
1164 5108 1516 5171 contemptus
1547 5101 1790 5157 annecti.

212 5195 297 5242 tur
329 5206 343 5241 :
381 5192 470 5261 qui
509 5194 556 5247 si
587 5207 814 5263 magm
845 5207 952 5249 non
981 5202 1149 5257 esset,
1185 5207 1284 5247 nec
1312 5192 1394 5248 rei
1424 5207 1684 5257 summm,
1733 5192 1789 5248 id

215 5283 321 5343 est,
349 5278 589 5338 cbm'tati
618 5294 1051 5353 compararetur,
1085 5298 1186 5339 nec
1214 5284 1359 5339 inter
1386 5299 1581 5357 magna
1601 5284 1787 5355 utique

216 5380 519 5436 poneretur.
546 5374 699 5442 Quod
740 5376 961 5435 illorum
1008 5376 1334 5433 sententiam
1382 5377 1658 5447 destruit,
1696 5378 1791 5448 qui

217 5462 621 5521 renuntiandum
674 5470 836 5526 rebus
884 5472 1068 5526 sreuli
1122 5481 1275 5528 certo
1328 5482 1610 5542 tempore,
1659 5487 1788 5544 per-

222 5553 498 5611 secutione
544 5570 772 5629 cogente
797 5605 812 5631 ,
854 5564 1043 5619 volunt
1074 5580 1198 5621 esse
1243 5575 1576 5637 praeceptum
1603 5584 1615 5620 :
1647 5574 1709 5621 ut
1735 5574 1796 5622 et

223 5645 478 5712 apostolis
504 5649 730 5719 gloriam
762 5655 972 5723 tollant,
1001 5657 1146 5723 quod
1176 5673 1283 5712 non
1314 5658 1621 5714 voluntarie
1653 5658 1798 5715 lece-

225 5733 353 5801 rint,
384 5738 477 5795 sed
500 5740 653 5799 inviti
684 5761 699 5798 :
729 5753 785 5803 et
811 5747 988 5805 nostri
1013 5748 1112 5804 :evi
1137 5748 1437 5819 perfectos,
1469 5764 1641 5807 vanos
1668 5764 1797 5807 con-

1964 4637 2093 4693 Cum
2112 4650 2285 4694 autem
2314 4640 2508 4693 venerit
2534 4636 2674 4707 quod
2701 4637 2984 4707 perfectum
3023 4644 3118 4701 est,
3150 4634 3481 4689 evacuabitur

1891 4732 2030 4803 quod
2055 4749 2118 4788 ex
2141 4742 2287 4803 parte
2314 4740 2409 4787 est.
2440 4728 2595 4797 Quod
2625 4730 2830 4785 sanctis
2852 4728 3181 4799 promissum
3204 4734 3289 4781 est
3312 4726 3369 4783 in
3395 4726 3481 4780 fu-

1895 4836 2093 4974 m'liiim
2121 4930 2281 4972 essem
2310 4912 2582 4985 paruulus,
2614 4888 2861 4980 loquebar
2886 4920 2941 4965 ut
2982 4910 3255 4980 parvulus,
3305 4910 3482 4981 sapie—

1894 5012 2011 5065 bam
2038 5016 2093 5060 ut
2130 5003 2403 5077 paruulus,
2457 5004 2747 5076 cogitabam
2792 5010 2848 5055 ut
2901 5002 3173 5071 parvulus.
3206 5002 3484 5071 Exemplo

1892 5102 2129 5159 cantatis
2172 5096 2526 5164 incrementi,
2577 5096 2690 5152 vult
2733 5095 3075 5167 spiritualem
3104 5096 3486 5153 demonstrare

1892 5195 2215 5267 profectum.

1969 5286 2195 5355 Quando
2216 5294 2389 5340 autem
2409 5276 2574 5355 {actus
2603 5299 2715 5339 sum
2749 5285 2828 5337 vir
2852 5326 2867 5353 ,
2914 5283 3154 5338 eracuavi
3182 5296 3296 5351 quo:
3341 5287 3489 5334 erant

1892 5363 2121 5454 paruuli.
2157 5378 2423 5449 Exposuit
2454 5377 2689 5445 qualiter
2715 5383 3044 5434 evacuentur
3076 5387 3198 5443 qua:
3236 5371 3485 5443 superius

1898 5468 2239 5527 memoravit.

1977 5563 2228 5619 Videmus
2248 5579 2403 5617 nunc.
2432 5562 2595 5630 Quasi
2623 5562 2855 5632 parvuli,
2885 5561 2977 5631 qui
3019 5575 3127 5615 non
3161 5563 3393 5630 possunt
3412 5571 3491 5612 se-

1901 5671 2034 5712 rena
2092 5656 2275 5712 cordis
2323 5656 2464 5725 luce,
2499 5655 2737 5727 perfecte
2784 5656 2965 5711 lumen
2994 5653 3311 5724 perspicere
3354 5647 3496 5706 veri-

1906 5747 2055 5807 tatis.
