4030 6202
501 233 606 291 759

1552 222 1608 278 S.
1653 209 2042 274 lllERONYMl
2080 205 2362 266 OPERCM
2403 196 2770 259 MASTISSA.

3718 196 3813 256 760

513 389 516 394 .
581 347 696 406 Per
728 351 990 426 speculum
1017 346 1069 399 in
1122 342 1410 412 (enigmate.
1459 336 1562 390 Per
1611 331 1890 402 speculum
1921 326 2056 397 legis
2083 367 2098 394 ,
2129 329 2179 390 Α
2205 319 2460 426 quomoth
2503 318 2704 426 scietur.
2737 316 2790 368 id
2821 316 2956 423 quod
2984 315 3213 424 canitur,
3247 323 3340 426 a‘ut
3369 329 3500 424 quos
3537 314 3814 426 amart“-

510 445 667 516 quasi
702 460 888 502 rerum
910 437 1195 506 imaginem
1225 427 1677 500 contemplamur.

585 537 741 592 Tunc
761 539 929 589 autem
954 528 1086 597 [acie
1117 527 1184 578 ad
1225 525 1431 592 faciem.
1461 519 1519 575 ld
1568 527 1672 583 est,
1702 519 1755 572 in
1793 515 2102 585 prmsentia.

586 622 756 677 Nunc
785 629 1038 690 ragnosco
1066 628 1128 666 ex
1166 620 1350 681 parte:
1391 618 1511 661 tunc
1558 615 1731 659 autent
1771 615 2103 670 cognoscam,

512 715 648 771 sicut
678 722 728 766 et
759 710 992 780 cognitus
1021 720 1155 759 sum.
1185 702 1338 757 Sicut
1365 715 1452 756 me
1475 697 1717 769 perfecte
1749 695 1887 750 Deus
1916 691 2103 758 novit,

511 809 585 864 ita
616 815 670 862 et
701 818 824 874 ego,
858 815 978 872 qua:
1008 807 1135 853 sunt
1160 795 1341 850 divina
1371 805 1719 863 cognoscam.

588 895 751 949 Nunc
801 900 972 946 autem
1025 897 1229 942 manent
1277 885 1440 953 ﬁdes,
1499 897 1654 953 spes,
1709 878 1966 941 Charitas,
2011 876 2108 926 tria

510 992 623 1044 lucc
651 1005 669 1042 :
712 990 881 1057 major
912 993 1084 1037 autem
1128 980 1313 1034 horum
1358 986 1432 1032 est
1471 976 1715 1028 charitas.
1770 970 1940 1026 Omne
1970 967 2112 1040 quod

511 1094 820 1152 speramus,
845 1076 1134 1140 credimus,
1169 1089 1276 1127 non
1295 1085 1456 1126 omne
1483 1068 1624 1138 quod
1657 1064 1952 1127 credimus,
1985 1077 2109 1130 spe-

511 1188 718 1230 ramus.
759 1171 818 1225 ln
868 1168 1118 1240 pra-senti
1177 1167 1276 1221 tria
1320 1164 1435 1218 bu-c
1484 1179 1496 1216 ;
1541 1162 1593 1215 in
1634 1159 1820 1213 futuro
1859 1155 1974 1210 sola
2018 1152 2115 1207 Dei

514 1265 776 1328 cbaritas,
807 1270 862 1316 et
889 1258 1204 1330 angelorum
1249 1264 1305 1312 et
1343 1263 1654 1309 sanctorum
1701 1248 1944 1304 omnium
1995 1260 2115 1314 per-

519 1358 778 1414 manebit.
821 1353 990 1422 .‘llajus
1043 1366 1172 1421 ergo
1203 1358 1316 1412 est,
1361 1347 1504 1416 quod
1553 1357 1772 1411 seraper
1797 1339 1920 1404 erit,
1952 1352 2116 1407 quam

518 1453 662 1525 quod
699 1448 988 1520 aliquando
1029 1445 1291 1501 cessabit.
1344 1443 1476 1496 ltem
1533 1441 1585 1494 in
1631 1438 1790 1492 Patre
1843 1443 1896 1490 et
1954 1432 2113 1502 Filio,

519 1556 574 1604 et
602 1545 811 1616 Spiritu
859 1549 1070 1608 sancto,
1122 1539 1257 1593 ﬁdes
1298 1534 1507 1590 stabilis
1558 1538 1642 1587 est
1688 1549 1701 1584 :
1749 1527 2119 1583 additamenta

521 1640 667 1696 enim
685 1653 821 1710 opus
843 1654 952 1692 non
981 1634 1161 1690 habet.
1186 1632 1348 1702 Spem
1379 1637 1560 1683 autem
1583 1640 1706 1681 eam
1730 1638 1951 1679 manere
1967 1621 2117 1686 dicit,

2213 420 2336 469 tur?
2366 415 2499 469 Cum
2533 414 2648 469 hzec
2693 414 3079 479 inaniinantia,
3110 414 3213 469 nisi
3256 413 3674 469 distinctionem
3728 414 3815 468 ba-

2214 515 2411 575 beant,
2478 526 2584 566 non
2637 519 2862 578 possunt
2908 509 3139 564 reddere
3217 509 3581 575 cantilenam,
3653 519 3708 563 ct
3763 519 3815 564 ut

2211 603 2483 674 superﬂua
2515 613 2842 674 respuuntur
2874 621 2886 656 :
2910 609 3111 671 quanto
3134 601 3306 671 magis
3333 601 3508 667 vobis,
3536 601 3629 671 qui
3663 601 3815 667 spiri-

2215 697 2385 751 tuales
2406 697 2572 761 esus,
2603 693 2841 748 suavitas
2868 707 2974 747 non
3015 706 3175 748 aures
3205 691 3367 748 debet
3397 691 3641 748 mulcere
3665 733 3681 759 ,
3715 691 3807 747 sed

2214 798 2422 844 mentes
2465 789 2476 840 !

2286 879 2494 932 Etenim
2534 879 2578 932 si
2621 880 2866 932 incertam
2909 893 3079 930 t'ocem
3108 877 3193 930 det
3238 877 3360 930 tuba
3385 918 3399 941 ,
3429 876 3567 948 [quis
3611 879 3814 948 parabit

2216 989 2269 1027 se
2292 972 2359 1024 ad
2391 970 2626 1024 bellum?
2653 968 2740 1022 Ita
2768 981 2813 1022 et
2844 986 2930 1022 ros
2965 987 3055 1037 per
3084 971 3320 1040 linguant
3349 970 3449 1022 nisi
3480 971 3815 1040 manifestum

2217 1082 2502 1120 sermonem
2522 1065 2792 1128 dederitis,
2819 1064 3076 1134 quomodo
3104 1064 3295 1117 scietur
3325 1064 3378 1114 id
3409 1064 3550 1133 quod
3581 1063 3818 1116 dicitur?

2220 1161 2276 1217 Si
2303 1175 2405 1214 vox
2457 1159 2596 1214 tuhte
2655 1160 2854 1213 incerta
2897 1158 3057 1211 fuerit
3084 1197 3100 1222 ,
3149 1166 3325 1210 utrum
3360 1157 3725 1211 solemnitatis
3749 1173 3816 1209 an

2220 1253 2348 1309 belli
2371 1253 2462 1316 sit,
2502 1267 2662 1307 nemo
2711 1249 3013 1321 pugnabit:
3048 1250 3118 1304 ita
3149 1265 3281 1320 ergo
3320 1259 3374 1304 et
3415 1260 3595 1305 vester
3619 1249 3819 1304 intelli-

2220 1346 2427 1416 gendus
2457 1353 2541 1400 est
2570 1359 2775 1412 sermo,
2811 1355 2869 1398 ut
2916 1345 3091 1413 possit
3137 1344 3205 1398 ad
3245 1345 3520 1413 Spiritualc
3564 1346 3819 1415 prwlium

2221 1440 2422 1497 Christi
2453 1440 2652 1495 milites
2681 1454 3015 1510 prmparare.

2295 1535 2458 1589 Eritis
2489 1534 2623 1589 enim
2666 1534 2721 1587 in
2751 1550 2873 1588 aera
2901 1533 3184 1602 loquentes.
3220 1532 3341 1585 Tant
3372 1533 3536 1586 multa
3584 1542 3639 1586 ut
3680 1541 3823 1601 puta

2227 1645 2414 1699 genera
2460 1628 2753 1699 linguarum
2783 1635 2898 1680 sunt
2947 1626 3000 1678 in
3031 1625 3128 1678 hoc
3161 1626 3368 1676 mundo.
3398 1623 3574 1678 Etiam
3618 1624 3667 1678 si
3701 1633 3824 1676 tam

521 1747 646 1802 qua:
684 1704 770 1786 est
816 1745 923 1786 non
963 1742 1151 1785 eorum
1177 1767 1192 1791 ,
1239 1738 1358 1794 quae
1388 1720 1656 1775 videmus.
1699 1717 1948 1772 Charitas
1988 1729 2121 1770 vero

2247 1723 2392 1776 nulla
2411 1719 2728 1790 loquamini,
2746 1726 3016 1788 utgenera
3041 1726 3168 1772 sunt
3191 1716 3514 1785 linguarum,
3537 1714 3665 1785 quid
3687 1730 3824 1784 pro-

523 1825 651 1882 ideo
683 1825 861 1895 major
899 1832 984 1880 est
1034 1818 1324 1878 omnibus:
1354 1817 1476 1885 quia
1516 1813 1611 1885 qui
1638 1811 1832 1882 diligit,
1865 1819 1921 1867 et
1949 1807 2123 1866 credit

521 1925 580 1975 ct
605 1924 810 1988 sperat.

1066 2059 1074 2092 ἓ
1128 2046 1360 2107 CAPUT
1387 2045 1530 2103 XIV.

595 2193 886 2251 Sectamini
924 2191 1250 2246 charitatem.
1290 2186 1449 2242 Omni
1485 2193 1684 2241 conatu
1725 2183 1900 2254 ipsam
1929 2195 2124 2253 sequa.

528 2287 663 2344 mini
697 2305 710 2343 :
744 2287 869 2358 quia
893 2286 947 2340 in
981 2292 1162 2340 vestra
1193 2289 1279 2338 est
1299 2288 1590 2350 potestate.

599 2379 950 2436 /Emulamini
971 2376 1286 2449 spiritualia,
1310 2375 1476 2442 magis
1503 2381 1673 2426 autem
1700 2369 2037 2442 prophetetis.
2057 2369 2125 2424 Et

528 2472 838 2546 spiritualia
868 2471 1009 2528 dona
1036 2465 1288 2526 temulari
1312 2481 1408 2522 vos
1435 2479 1498 2521 ac
1523 2478 1769 2534 quaerere
1801 2477 1912 2519 non
1941 2461 2124 2533 probi-

528 2569 658 2637 beo,
691 2567 788 2624 sed
815 2575 875 2621 ut
897 2565 1069 2635 magis
1095 2559 1416 2634 proﬁciatis,
1446 2558 1728 2614 exhortor.

604 2660 706 2729 Qui
729 2659 864 2713 enim
893 2657 1124 2728 loquitur
1159 2655 1360 2722 lingua,
1393 2668 1498 2706 non
1523 2649 1822 2704 hominibus
1853 2648 2083 2719 loquitur
2109 2691 2124 2716 ,

529 2755 622 2812 sed
656 2753 790 2808 Deo.
842 2749 1012 2804 Nemo
1051 2748 1187 2801 enim
1224 2745 1390 2798 audit.
1419 2743 1591 2799 Nemo
1616 2757 1714 2813 per
1755 2741 1996 2796 auditum
2033 2755 2130 2795 au-

528 2846 678 2903 rium
717 2844 784 2900 de
811 2842 896 2897 his
942 2854 1064 2910 qua:
1097 2838 1354 2892 dicuntur
1399 2836 1598 2906 accipit
1627 2835 1987 2901 intellectum,
2025 2833 2128 2888 nisi

531 2941 702 3008 Deus,
745 2947 800 2994 et
842 2937 932 3008 qui
975 2933 1370 3006 interpretandi
1401 2932 1603 2990 donum
1634 2933 1863 3004 accipit,
1907 2932 1995 2988 vel
2035 2931 2127 3003 qui

533 3031 781 3106 ejusdem
805 3037 890 3086 est
917 3028 1135 3099 lingum.

607 3125 846 3198 Spiritus
875 3090 1048 3178 autem
1069 3119 1295 3194 loquitur
1330 3117 1594 3190 mysteria.
1641 3116 1844 3172 lterum
1890 3115 2126 3187 linguam
2155 3090 2202 3154 (ἶ

534 3217 824 3276 signiﬁcat.

583 3234 850 3380 gNnitlhtciylui
876 3308 1170 3380 prophetat,
1199 3302 1486 3360 hominibus
1527 3301 1758 3372 loquitur
1785 3301 1854 3354 ad
1895 3301 2128 3370 adiﬁca-

540 3406 749 3470 tionem,
775 3410 824 3456 et
853 3399 1290 3464 exhortationem,
1313 3403 1360 3451 et
1383 3394 1809 3449 consolationem.
1839 3391 1940 3459 Qui
1961 3391 2127 3458 loqui-

536 3508 622 3553 tur
653 3496 854 3569 lingua,
881 3494 1210 3564 semetipsum
1233 3490 1494 3558 cedi/ient;
1524 3489 1610 3558 qui
1637 3495 1810 3541 autem
1832 3486 2128 3557 prOphetat,

538 3589 831 3644 Ecclesism
857 3587 956 3641 Dei
987 3587 1235 3655 wdiﬁcat.
1271 3582 1578 3640 Notandum
1604 3582 1858 3652 quoniam
1888 3580 2130 3652 prophe-

538 3681 672 3737 tiam
698 3678 1003 3733 doctrinam
1033 3677 1206 3732 dicit:
1249 3674 1501 3746 exposuit
1537 3682 1673 3744 quot
1712 3671 1888 3728 modis
1929 3671 2133 3728 intelli-

539 3771 717 3844 genda
762 3769 834 3822 sit
864 3769 1168 3837 prophetia.
1209 3767 1546 3836 Quicumque
1587 3765 1728 3821 hanc
1771 3765 1968 3833 habet,
2005 3779 2132 3837 pro-

541 3865 708 3937 pheta
734 3876 856 3917 esse
875 3858 1177 3916 censendus
1203 3866 1306 3914 est.

622 3956 754 4012 Volo
776 3964 949 4010 autem
978 3971 1154 4009 omnes
1200 3970 1288 4008 vos
1319 3953 1459 4024 loqui
1504 3955 1727 4024 linguis,
1760 3957 1924 4026 magis
1958 3967 2132 4014 autem

540 4048 873 4122 prophetare.
906 4044 1021 4100 lloc
1052 4044 1270 4115 quidem
1317 4044 1474 4111 volo,
1512 4045 1610 4102 sed
1643 4045 1774 4102 illud
1804 4048 1949 4104 malo
1981 4066 1994 4103 :
2027 4049 2132 4106 hoc

540 4157 652 4198 non
683 4138 976 4212 prohibeo,
1012 4137 1142 4194 illud
1169 4137 1447 4195 exhortor.

615 4235 758 4290 Nam
805 4234 975 4304 major
999 4241 1096 4300 est,
1127 4233 1217 4303 qui
1261 4232 1556 4303 prophetat.
1603 4234 1735 4300 Quia
1769 4248 1835 4289 ex
1867 4234 1970 4290 hoc
2014 4252 2133 4293 ma-

540 4342 706 4399 gnum
733 4341 870 4397 opus
897 4333 980 4382 est
1005 4323 1305 4391 charitatis,
1340 4339 1434 4394 per
1457 4323 1600 4394 quod
1633 4326 1785 4380 multi
1817 4327 2127 4395 proﬁciunt.

613 4421 783 4487 Quam
835 4418 923 4490 qui
970 4417 1195 4488 loquitur
1222 4417 1434 4488 linguis.
1464 4416 1618 4484 Quod
1667 4431 1762 4473 vos
1793 4418 2123 4490 praecipuum

537 4512 880 4570 existimatis.

535 4615 559 4644 '-
610 4606 731 4660 Nisi
771 4605 906 4674 forte
947 4603 1335 4672 interpretetur,
1366 4609 1424 4655 ut
1451 4599 1688 4655 Ecclesia
1727 4601 2124 4670 tediﬁcationem

531 4698 775 4769 accipiat.
804 4696 864 4752 Si
891 4694 1308 4765 interpretetur,
1353 4692 1582 4764 aequalis
1608 4706 1730 4750 esse
1761 4692 1962 4763 poterit
2000 4710 2125 4765 pro-

535 4789 805 4861 phetanti.

607 4885 766 4940 Nunc
795 4891 1007 4949 autem,
1043 4883 1231 4954 fratres
1256 4867 1346 4946 [εἰ
1367 4895 1547 4936 venero
1577 4880 1645 4934 ad
1672 4895 1790 4948 vos,
1821 4881 2009 4953 linguis
2049 4883 2127 4939 lo-

530 4993 693 5048 quens
726 4977 902 5047 :quid
932 4976 1072 5031 vobis
1100 4973 1343 5046 prodero,
1397 4973 1498 5027 nisi
1527 4973 1665 5028 vobis
1694 4975 1906 5042 loquar,
1950 4984 2035 5029 aut
2066 4977 2119 5030 in

527 5069 861 5132 reuelatione,
910 5070 1077 5124 autin
1106 5067 1336 5132 scientia,
1370 5075 1458 5122 aut
1488 5067 1544 5120 in
1589 5067 1880 5138 praphetia,
1932 5079 2022 5122 aut
2065 5071 2118 5123 in

527 5163 815 5217 doctrina?
838 5160 1007 5217 Suum
1035 5161 1147 5216 illis
1178 5161 1434 5230 proponit
1460 5161 1766 5230 exemplum
1794 5178 1805 5214 :
1832 5160 1940 5216 erit
1965 5162 2116 5218 vobis

524 5256 642 5312 sola
683 5253 996 5320 admiratio,
1026 5267 1136 5308 non
1167 5250 1444 5322 prolectus
1472 5270 1482 5303 :
1509 5251 1611 5306 nisi
1652 5251 1805 5308 vobis
1832 5261 1924 5307 aut
1950 5253 2116 5309 inter-

521 5359 734 5417 preter,
788 5355 882 5402 aut
911 5345 1070 5416 plana
1100 5343 1295 5399 faciam
1344 5343 1479 5414 legis
1515 5342 1751 5410 occulta,
1798 5358 1919 5414 quae
1953 5344 2112 5410 novi,

519 5451 616 5498 aut
643 5439 957 5512 prophetias
978 5453 1246 5510 exponam
1267 5481 1281 5507 ,
1313 5446 1405 5494 aut
1435 5451 1532 5494 vos
1559 5438 1854 5494 moralibus
1889 5437 2114 5496 doceam

520 5534 809 5592 institutis.

587 5625 788 5680 Tamen
835 5642 950 5696 qua:
991 5627 1105 5681 sine
1147 5628 1323 5680 anima
1369 5635 1486 5680 sunt
1525 5641 1695 5680 vocem
1747 5625 1955 5693 dantia,
2005 5627 2111 5680 sit'e

520 5713 668 5783 tibia,
697 5717 802 5772 sive
827 5718 1051 5786 cithara,
1079 5717 1576 5775 nitidistinctionem
1591 5719 1818 5774 sonitum
1843 5717 2107 5791 dederint:

2223 1814 2367 1871 derit
2395 1854 2410 1880 ,
2465 1827 2588 1869 cum
2619 1809 2800 1868 omnia
2832 1813 2886 1866 in
2927 1824 3055 1866 aera
3084 1809 3388 1876 solvantur,
3426 1817 3480 1864 et
3523 1807 3656 1863 nulli
3687 1822 3822 1876 pro-

2225 1907 2408 1963 ﬁciant
2427 1907 2449 1960 ?

2295 2002 2364 2056 Et
2394 2001 2527 2056 nihil
2554 2001 2666 2057 sine
2693 2017 2810 2056 voce
2847 2009 2943 2055 est.
2971 1999 3114 2055 Nihil
3140 1999 3257 2054 sine
3290 2012 3425 2055 voce
3454 1996 3692 2069 linguam
3718 1997 3818 2052 ha-

2223 2094 2380 2153 hens.

2297 2191 2360 2246 Si
2389 2206 2508 2261 ergo
2553 2191 2781 2244 nesciero
2811 2190 3048 2242 virtutem
3079 2190 3236 2254 rocis,
3281 2203 3367 2241 ero
3414 2186 3460 2240 ei
3503 2186 3586 2239 cui
3637 2185 3826 2256 loquor

2227 2284 2502 2338 barbarus.
2531 2282 2723 2337 Omnis
2746 2296 2949 2349 sermo,
2981 2281 3074 2352 qui
3101 2295 3208 2336 non
3235 2279 3589 2352 intelligitur,
3629 2279 3829 2336 barba~

2225 2391 2318 2431 rus
2341 2375 2630 2445 judicatur.

2298 2468 2368 2524 Et
2399 2471 2486 2538 qui
2526 2470 2755 2540 loquitur
2783 2471 2908 2524 mihi
2937 2471 3206 2524 barbarus.
3246 2469 3338 2525 Sic
3363 2478 3409 2523 et
3437 2485 3546 2533 vos,
3577 2469 3829 2538 quoniam

2227 2560 2554 2616 aemulatores
2581 2561 2703 2615 estis
2737 2563 3018 2630 spirituum
3041 2563 3110 2614 ad
3134 2561 3528 2632 aediﬁcationem
3551 2557 3824 2626 Ecclesiae,

2228 2655 2444 2725 quwrite
2463 2662 2513 2708 ut
2539 2653 2837 2708 abundetis.
2868 2654 3134 2721 Quoniam
3158 2654 3454 2724 spiritualia
3485 2653 3625 2708 dona
3652 2663 3832 2709 secta-

2225 2747 2400 2813 mini,
2452 2745 2541 2800 illa
2570 2746 2740 2814 magis
2773 2749 3026 2815 quaerite,
3073 2762 3194 2817 qua:
3219 2748 3489 2803 aediﬁcent
3515 2746 3818 2801 auditores.

2304 2838 2372 2892 Et
2404 2839 2520 2892 ideo
2560 2839 2648 2908 qui
2680 2837 2910 2906 loquitur
2945 2839 3156 2912 lingua,
3196 2850 3304 2894 oret
3344 2849 3399 2892 ut
3438 2840 3826 2910 interpretetur.

2229 2928 2416 2986 Oratio
2437 2933 2541 2986 hoc
2565 2931 2686 2988 loco
2703 2933 2813 2988 oris
2840 2931 3074 2987 elocutio
3097 2931 3438 3001 intelligitur.
3475 2931 3564 2987 Sic
3590 2946 3721 3001 ergo
3746 2930 3830 2984 lo-

2231 3031 2446 3093 quatur,
2480 3033 2538 3079 ut
2557 3026 2746 3094 gratia:
2773 3025 2941 3080 verba
2963 3040 3084 3094 qua).
3120 3024 3269 3090 dicit,
3307 3023 3514 3092 possint
3545 3023 3775 3093 intelligi
3809 3043 3821 3075 ;

2231 3117 2353 3174 sive
2379 3126 2519 3183 oret,
2549 3126 2609 3172 ut
2638 3118 2714 3172 illi
2747 3116 3137 3188 interpretandi
3170 3117 3340 3187 gratia
3371 3116 3620 3172 donetur.

2303 3210 2448 3264 Nam
2471 3211 2517 3266 si
2539 3227 2678 3266 orem
2708 3212 2912 3282 lingua,
2943 3212 3152 3281 spiritus
3194 3227 3334 3264 meus
3363 3220 3496 3263 orat.
3529 3209 3642 3263 Hoc
3669 3208 3823 3274 dicit,

2231 3305 2484 3376 quoniam
2514 3305 2709 3375 siquis
2761 3306 3053 3376 incognitis
3101 3306 3220 3360 aliis
3279 3305 3474 3376 linguis
3530 3305 3827 3375 loquatur,

2233 3411 2386 3453 mens
2414 3397 2551 3467 ejus,
2602 3412 2709 3452 non
2741 3395 2848 3467 ipsi
2878 3396 3112 3452 efﬁcitur
3139 3397 3258 3452 sine
3306 3397 3480 3452 fructu
3509 3440 3523 3463 ,
3577 3398 3672 3451 sed
3725 3413 3822 3451 au-

2233 3491 2404 3546 dienti
2439 3509 2451 3546 :
2483 3489 2746 3560 quidquid
2796 3493 2943 3546 enim
2973 3490 3171 3545 dicitur
3201 3490 3432 3561 ignorat.
3475 3490 3606 3545 ltem
3646 3489 3692 3543 si
3725 3488 3824 3543 lit.-

2233 3601 2337 3658 gua
2362 3585 2534 3640 dicam
2561 3629 2577 3654 ,
2625 3599 2734 3640 non
2764 3599 2866 3654 ego
2895 3585 3108 3656 loquor,
3143 3584 3238 3640 sed
3260 3583 3503 3654 spiritus,
3531 3583 3622 3655 qui
3656 3583 3711 3638 in
3739 3598 3827 3639 me

2234 3688 2335 3736 est.
2360 3676 2418 3734 Si
2433 3687 2614 3734 autem
2635 3679 2701 3732 ad
2722 3679 3026 3734 orationem
3051 3677 3361 3748 requiratur
3381 3678 3629 3748 spiritus,
3645 3692 3826 3734 sermo

2234 3787 2341 3829 non
2363 3773 2742 3842 intelligendus
2769 3781 2874 3841 est,
2905 3773 2996 3843 qui
3027 3788 3454 3843 nonnumquam,
3498 3780 3681 3829 mente
3708 3772 3821 3828 alia

2233 3865 2523 3936 cogitante,
2549 3873 2829 3935 precatur.

2307 3957 2454 4014 Mens
2479 3968 2651 4014 autem
2687 3975 2802 4014 mea
2823 3958 2933 4014 sine
2965 3962 3138 4029 fructu
3164 3966 3258 4014 est.
3291 3958 3393 4024 Qui
3418 3972 3525 4013 non
3551 3957 3812 4028 intelligo,

2233 4051 2378 4124 quod
2401 4052 2611 4122 loquor.

2307 4146 2448 4214 Quid
2473 4148 2630 4216 ergo?
2660 4145 2834 4200 Orabo
2863 4146 3070 4216 spiritu,
3100 4145 3261 4200 orabo
3289 4153 3336 4198 et
3365 4155 3550 4200 mente.
3582 4143 3818 4198 Psallam

2233 4240 2441 4309 spiritu,
2473 4239 2696 4310 psallam
2742 4249 2789 4294 et
2839 4247 3022 4293 mente.
3056 4238 3160 4307 Qui
3190 4237 3335 4294 enim
3389 4239 3772 4307 interpretatur
3799 4277 3816 4303 ,

2234 4345 2460 4388 necesse
2486 4341 2569 4387 est
2599 4339 2656 4386 ut
2684 4342 2809 4386 ante
2830 4330 3099 4402 intelligat
3127 4330 3269 4401 quod
3293 4330 3413 4384 aliis
3437 4340 3522 4386 est
3551 4329 3816 4384 dicturus.

2235 4422 2365 4480 Item
2387 4422 2466 4478 sic
2485 4430 2569 4477 est
2588 4421 2936 4492 loquendum,
2964 4432 3021 4476 ut
3054 4422 3363 4493 intelligant
3387 4422 3504 4476 alii.

2299 4514 2553 4572 Craterum
2594 4515 2640 4570 si
2686 4513 3004 4570 benedixeris
3029 4517 3237 4585 spiritu.
3289 4514 3630 4572 Benedicitur
3650 4528 3818 4571 omne

2227 4609 2371 4679 quod
2395 4621 2544 4673 vere,
2569 4615 2624 4662 et
2650 4604 2949 4664 secundum
2979 4607 3149 4663 Deum
3182 4607 3406 4662 dicitur.

2302 4701 2429 4767 Quis
2459 4701 2661 4770 supplet
2704 4701 2872 4755 locum
2918 4702 3130 4756 idiotte?
3153 4700 3370 4756 Laicum
3403 4697 3688 4769 signiﬁcat,
3726 4698 3820 4767 qui

2227 4793 2378 4849 nullo
2403 4793 2573 4864 gradu
2623 4795 2993 4852 ecclesiastico
3027 4794 3285 4866 fungitur.
3336 4793 3504 4848 Aliter
3535 4810 3544 4844 :
3578 4791 3821 4846 lnanita-

2227 4897 2336 4943 tem
2367 4888 2605 4943 scientiae
2635 4887 2690 4942 in
2712 4889 2876 4945 corde
2905 4887 3097 4959 ignari,
3122 4887 3246 4958 quis
3277 4885 3503 4956 implet?

2300 4978 2569 5044 Quomodo
2598 4978 2733 5033 dicet
2782 4996 2929 5033 amen
2979 4995 3134 5048 super
3185 4986 3330 5033 tuam
3367 4972 3767 5030 benedictionem
3793 4976 3819 5027 ἱ)

2227 5071 2485 5138 Quoniam
2524 5072 2648 5141 quid
2677 5072 2843 5138 dicas,
2877 5072 3058 5127 nescit.
3087 5070 3372 5138 Quomodo
3413 5079 3518 5125 tua:
3559 5065 3818 5139 perbibet

2221 5164 2582 5221 benedictioni
2610 5164 3002 5230 testimonium,
3034 5164 3118 5219 vel
3146 5177 3494 5220 consensum.

2293 5260 2435 5316 Nam
2460 5270 2514 5314 tu
2545 5259 2752 5329 quidem
2795 5260 2918 5312 bene
2960 5258 3156 5327 gratias
3201 5257 3344 5327 agis,
3393 5256 3484 5311 sed
3522 5256 3656 5309 alter
3709 5271 3816 5309 non

2221 5355 2528 5423 aediﬁcatur.
2576 5353 2732 5422 Quod
2761 5350 3010 5423 superius
3035 5349 3264 5419 dixerat,
3297 5349 3452 5405 omni
3489 5347 3812 5413 benedicas,

2220 5446 2310 5502 hic
2338 5446 2513 5516 ipsum
2541 5447 2790 5516 exponit.

2288 5536 2496 5594 Gratias
2525 5556 2622 5610 ago
2647 5537 2758 5592 Deo
2784 5554 2914 5604 meo,
2948 5537 3087 5608 quod
3109 5536 3339 5591 omnium
3373 5545 3596 5590 vestrum
3623 5534 3816 5603 lingua

2215 5635 2415 5703 loquor.
2442 5632 2518 5688 Ne
2549 5633 2746 5704 putetis
2769 5647 2856 5686 me
2885 5632 3021 5686 hanc
3047 5645 3264 5700 quoque
3291 5630 3516 5698 gratiam
3556 5644 3663 5682 non
3701 5627 3812 5681 ha-

2216 5727 2365 5794 bere,
2393 5734 2447 5784 et
2476 5739 2571 5783 vos
2601 5725 2724 5783 ideo
2749 5722 3063 5795 prohibere,
3095 5730 3149 5778 ct
3171 5720 3373 5777 idcirco
3394 5735 3503 5777 non
3529 5717 3694 5790 loqui.
