4030 6202
222 269 317 327 761

932 256 1491 333 ίΕΟΜΜΕΝΤΑΒΙΗΞ
1530 259 1599 316 1N
1642 261 1797 321 EPIS'

1913 260 2029 317 ιΑΜ
2068 260 2089 318 l
2126 261 2219 317 AD
2254 261 2409 320 COR.
2452 262 2605 321 CAP.
2646 264 2767 321 XV.

3408 271 3514 332 762

292 378 401 435 Sed
432 377 485 433 in
517 374 756 433 Ecclesia
777 374 891 431 volo
912 376 1134 446 quinque
1154 374 1306 429 verba
1332 390 1485 430 sensu
1506 391 1617 430 meo
1646 376 1807 449 loqui.
1836 375 1893 437 Α
1989 376 2051 433 Si
2096 386 2271 432 autem
2301 394 2403 434 non
2433 380 2589 449 fuerit
2621 382 2894 453 interpres,
2938 391 3103 441 taceat
3148 386 3200 441 in
3232 386 3510 449 Ecclesia:

220 470 330 528 Sed
357 470 501 527 malo
524 483 795 541 perpauca
821 467 890 523 ad
915 466 1215 537 profectum
1239 466 1421 539 loqui,
1444 483 1607 538 quam
1642 470 1809 525 multa

156 594 161 605 ν
216 579 339 636 quze
361 562 493 619 nulli
520 561 826 633 proﬁciant.
846 560 1073 629 Quidam
1097 574 1230 616 sane
1245 567 1516 631 quaerunt,
1539 576 1662 632 quae
1686 572 1813 618 sunt

216 657 459 730 quinque
488 655 652 712 verba
686 672 700 710 :
733 669 766 710 a
809 654 1002 726 quibus
1056 651 1388 721 econtrario,
1429 668 1550 725 qua:
1579 653 1691 711 sint
1716 653 1812 711 de-

215 764 335 807 cem
367 749 556 816 millia,
586 756 671 806 est
698 747 1067 820 quaerendum.

292 841 362 897 Ut
392 850 439 897 et
464 840 599 896 alios
629 842 878 896 instruam
905 856 923 894 :
951 856 1107 910 quam
1133 840 1311 897 decem
1352 839 1521 895 millia
1546 840 1812 897 verborum

214 933 269 990 in
299 935 497 1010 lingua.
526 933 586 991 Id
614 943 732 1004 est,
782 932 1005 1007 proprio
1040 932 1329 992 intellectu
1359 942 1414 991 et
1439 933 1675 1005 simplici
1723 948 1811 989 ra-

215 1028 385 1084 tione.

285 1122 506 1178 Fratres
525 1164 541 1186 ,
584 1123 746 1178 nolite
773 1124 922 1195 pueri
952 1122 1093 1192 efﬁci
1122 1122 1376 1177 sensibus.
1403 1121 1555 1178 Scire
1595 1119 1809 1178 debetis

211 1215 475 1284 quamdiu
498 1213 695 1270 futurae
720 1223 850 1269 sunt
874 1213 1092 1283 linguae,
1125 1212 1210 1268 vel
1236 1227 1403 1281 quare
1430 1211 1539 1265 sint
1568 1211 1730 1266 datas.

285 1306 395 1361 Sed
432 1306 633 1359 malitia
658 1305 863 1376 parvuli
903 1307 1091 1370 estote,
1122 1303 1353 1357 sensibus
1386 1314 1558 1356 autem
1587 1303 1807 1373 perfecti

206 1406 391 1455 estote.
424 1398 623 1453 Malitia
655 1397 870 1453 debetis
900 1395 1107 1467 parvuli
1139 1409 1293 1461 esse,
1337 1408 1446 1449 non
1485 1408 1680 1449 sensu:
1731 1394 1805 1449 si-

208 1490 322 1545 mul
361 1488 599 1544 ostendit
628 1487 902 1543 neminem
932 1486 1035 1541 nisi
1067 1485 1351 1556 parvulum
1382 1484 1607 1551 malitia,
1638 1498 1801 1539 sensu

206 1597 329 1639 esse
350 1580 671 1653 perfectum.
704 1577 840 1648 Quia
890 1579 946 1633 in
976 1577 1290 1635 malivolam
1318 1577 1552 1632 animam
1581 1590 1689 1633 non
1719 1576 1803 1633 in-

208 1676 393 1733 troibit
416 1674 641 1746 spiritus
668 1673 973 1745 sapientia.

1913 468 2009 524 sibi
2060 478 2230 524 autem
2276 469 2521 542 loquatur
2544 482 2591 527 et
2620 471 2750 529 Deo.
2786 473 2895 530 Sua
2936 478 3290 551 conscientia,
3321 490 3377 539 et
3407 484 3503 543 Dei

1916 570 2098 619 teneat
2124 578 2246 618 eum
2272 565 2501 635 gratiam
2541 565 2677 622 hanc
2710 566 2931 624 habere.

1988 652 2267 726 PrOpheta:
2295 666 2469 712 autem
2499 659 2603 713 duo
2629 668 2718 713 aut
2748 668 2849 715 tres
2878 661 3088 733 dicant,
3119 674 3168 719 et
3209 669 3380 722 caeteri
3417 670 3501 725 di-

1905 748 2163 819 judicent.
2198 748 2354 817 Quod
2385 750 2430 804 si
2458 750 2552 804 alii
2590 752 2873 806 revelatum
2904 756 3059 825 fuerit
3088 758 3318 827 sedenti,
3361 763 3507 830 prior

1914 849 2100 895 taceat.
2128 840 2358 898 Potestis
2394 844 2529 898 enim
2554 861 2730 901 omnes
2771 863 2861 919 per
2900 848 3130 918 singulos
3160 852 3465 923 prophetare
3486 898 3501 922 ,

1913 943 1970 989 ut
2010 951 2185 992 omnes
2216 936 2442 1006 discant,
2476 948 2522 993 et
2554 956 2731 996 omnes
2772 941 3127 1001 exhorlentur.
3164 942 3280 1002 Non
3311 950 3501 1005 stanti-

1910 1026 2034 1093 bus,
2069 1027 2165 1085 sed
2192 1030 2477 1100 prophetis
2507 1033 2847 1090 sedentibus.

1982 1118 2052 1172 Et
2097 1120 2307 1190 spiritus
2355 1125 2726 1194 prophetarum
2777 1128 3041 1198 prophetis
3097 1131 3361 1203 subjectus
3406 1146 3500 1191 est.

1910 1208 2035 1263 Non
2064 1211 2199 1265 enim
2226 1222 2300 1266 est
2330 1213 2663 1271 dissensionis
2691 1217 2852 1281 Deus,
2891 1220 2983 1274 sed
3010 1224 3171 1292 pacis.
3212 1224 3338 1280 Sive
3376 1242 3502 1297 gra-

1911 1301 1983 1355 tia
2010 1301 2236 1373 Spiritus
2263 1302 2424 1359 alteri
2458 1306 2738 1378 prophetae
2758 1313 3061 1377 consensit,
3093 1325 3149 1369 ut
3176 1316 3497 1375 alterutrum

1906 1393 2009 1450 sibi
2032 1394 2231 1451 cedant
2261 1411 2277 1452 :
2304 1396 2420 1451 sive
2446 1396 2697 1465 spiritum
2731 1399 3086 1470 humilitatis,
3135 1414 3191 1461 et
3218 1408 3499 1467 charitatis

1906 1486 2107 1543 debent
2134 1487 2337 1544 habere
2369 1489 2669 1559 propheta).
2703 1492 2837 1559 Quia
2865 1494 3004 1549 Dens
3026 1498 3114 1566 qui
3147 1501 3198 1552 in
3232 1500 3364 1568 ipsis
3393 1513 3498 1568 est,

1905 1597 2017 1639 non
2043 1591 2128 1639 est
2176 1583 2320 1639 Deus
2362 1582 2720 1640 dissensionis
2746 1627 2761 1653 ,
2813 1601 2988 1657 neque
3031 1590 3322 1659 superbia}.
3363 1593 3495 1650 ltcm

1904 1676 2010 1732 hoc
2052 1677 2146 1744 ait,
2176 1678 2299 1748 quia
2332 1677 2386 1733 in
2416 1693 2524 1748 quo
2555 1686 2641 1734 est
2684 1678 2908 1748 spiritus
2946 1682 3245 1752 prophetiae
3278 1700 3373 1754 per
3399 1701 3493 1741 so-

274 1769 344 1824 lrt
374 1770 483 1841 lege
520 1768 658 1822 enim
693 1766 945 1834 scriptum
982 1772 1058 1819 est
1088 1778 1107 1819 :
1136 1762 1397 1829 Quoniam
1445 1762 1500 1815 in
1548 1760 1667 1815 aliis
1699 1761 1797 1815 lin-

1913 1768 2158 1823 cietatem
2200 1768 2390 1840 gratiae
2415 1770 2695 1841 subjectus
2725 1780 2810 1827 est
2841 1789 2854 1826 :
2888 1772 2943 1827 in
2971 1790 3079 1844 qua
3122 1792 3233 1831 non
3269 1780 3492 1837 aemula-

201 1864 342 1934 guis,
375 1870 422 1917 et
458 1862 513 1915 in
558 1861 678 1915 aliis
710 1858 862 1914 labiis
901 1858 1085 1928 loquar
1116 1855 1309 1926 populo
1346 1854 1499 1922 huic,
1531 1864 1579 1907 et
1610 1871 1701 1908 nec
1725 1854 1799 1908 sic

201 1954 489 2010 exaudient
519 1969 621 2021 me,
661 1952 788 2007 dicit
820 1949 1099 2006 Dominus.
1132 1948 1306 2004 Etiam
1337 1946 1441 2002 hoc
1466 1946 1678 2018 signum
1705 1945 1800 2001 da-

200 2048 297 2115 bo,
326 2056 386 2102 ut
416 2062 514 2118 per
539 2054 759 2102 sanctos
788 2058 912 2099 meo
942 2041 1202 2099 inusitato
1229 2044 1485 2098 sermOue
1503 2039 1716 2111 loquar,
1744 2046 1801 2095 et

204 2155 309 2196 nec
332 2139 411 2195 sic
439 2139 782 2208 eloquentem
811 2135 1139 2207 intelligent.

274 2231 465 2302 Itaque
510 2230 705 2303 lingua:
744 2228 801 2282 in
827 2229 1037 2298 signum
1082 2233 1225 2294 sunt,
1258 2240 1365 2279 non
1391 2220 1653 2293 ﬁdelibus.
1700 2220 1800 2277 Hic

202 2323 507 2381 ostenditur
531 2362 547 2389 ,
590 2327 879 2377 crescente
931 2318 1058 2386 ﬁde,
1108 2318 1260 2389 signa
1290 2328 1561 2382 cessasse,
1583 2312 1799 2385 quando

206 2417 510 2475 inﬁdelium
540 2430 704 2472 causa
735 2413 914 2471 danda
943 2425 1066 2468 esse
1096 2410 1512 2483 prmdicebatur.

276 2513 387 2570 Sed
412 2510 731 2583 infidelibus.
754 2507 828 2567 Ut
853 2506 973 2579 ejus
1004 2504 1199 2563 saltem
1228 2502 1586 2560 admiratione
1615 2515 1798 2557 move-

204 2615 416 2664 rentur.

282 2698 576 2769 Prophetia
623 2706 794 2752 autent
841 2712 945 2751 non
982 2692 1316 2765 infidelibus,
1383 2690 1474 2746 sed
1530 2688 1791 2759 ﬁdelibus.

206 2792 380 2864 Major
406 2800 640 2863 estergo
681 2800 737 2847 et
772 2789 955 2847 utilior
977 2832 991 2858 ,
1036 2803 1157 2863 qua:
1189 2785 1441 2843 ﬁdelibus
1469 2783 1719 2857 prodest,
1742 2790 1799 2840 et

204 2899 425 2956 semper
443 2892 529 2940 est
557 2898 713 2955 opus.

276 2976 341 3033 Si
360 2993 481 3047 ergo
503 2978 771 3032 conveniat
797 2976 1039 3031 universa
1060 2974 1295 3029 Ecclesia
1322 2972 1375 3026 in
1400 2985 1580 3034 unum,
1611 2977 1658 3023 et
1679 2985 1794 3023 om-

201 3087 293 3126 nes
319 3071 513 3141 linguis
538 3070 838 3141 loquantur.
866 3069 981 3124 Hoc
1010 3068 1054 3123 si
1084 3067 1202 3123 ﬁeri
1223 3072 1426 3137 potest,
1455 3071 1515 3119 ut
1532 3061 1797 3119 concede-

202 3171 353 3220 retur
380 3163 553 3228 vobis,
587 3164 679 3235 qui
710 3177 901 3218 omnes
930 3161 1036 3217 hoc
1064 3159 1252 3216 vultis.

272 3258 479 3313 Intrent
507 3266 681 3313 autem
728 3256 904 3311 idiota:
927 3296 943 3323 ,
994 3262 1085 3309 aut
1117 3250 1376 3323 inﬁdeles.
1408 3250 1597 3308 Idiotte
1625 3265 1796 3322 nuper

199 3351 491 3408 credentes
517 3349 771 3405 dicuntur
793 3347 897 3403 hoc
928 3346 1069 3402 loco.

272 3443 467 3498 Nonne
489 3442 683 3509 dicent,
715 3441 841 3511 quid
871 3438 1154 3494 insanitis?
1180 3437 1335 3494 Sicut
1358 3437 1533 3493 Judaei
1572 3436 1639 3493 de
1665 3451 1795 3508 apo—

200 3538 359 3595 stolis
384 3536 641 3593 dixerunt
673 3552 687 3590 :
720 3535 785 3591 Hi
824 3533 971 3605 pleni
1011 3540 1138 3589 sunt
1179 3542 1383 3587 musto.
1414 3530 1621 3598 Aliter,
1654 3531 1796 3587 sicut

199 3633 356 3689 initio
376 3631 633 3704 apostoli,
657 3629 876 3701 quando
892 3635 1218 3700 acceperunt
1237 3626 1498 3698 Spiritum
1521 3634 1791 3695 sanctum,

198 3726 298 3782 visi
326 3734 453 3780 sunt
477 3723 631 3795 quasi
660 3721 820 3779 ebrii.

271 3818 337 3874 Si
360 3826 532 3873 autem
559 3832 735 3872 omnes
766 3813 1103 3886 prophetent,
1149 3812 1308 3868 intret
1331 3819 1505 3866 autem
1531 3812 1644 3882 quis
1673 3809 1794 3880 infi-

200 3910 353 3979 delis,
385 3909 465 3965 vel
490 3908 656 3963 idiota
684 3923 703 3962 :
730 3906 1053 3962 convincitur
1077 3904 1142 3958 ab
1174 3904 1434 3969 omnibus,
1454 3902 1794 3975 dejudicatur

198 4004 259 4058 ab
285 4003 543 4057 omnibus.
574 3999 792 4055 Occulta
819 3999 956 4052 enim
990 3996 1162 4051 cordis
1196 3998 1309 4066 ejus
1338 3993 1614 4059 manifesta
1639 3993 1791 4061 ﬁunt.

196 4094 426 4163 Quando
452 4093 570 4163 ejus
598 4091 848 4164 pulsatur
875 4087 1205 4144 conscientia
1230 4102 1327 4156 per
1356 4085 1682 4140 doctrinam.

268 4184 339 4240 Et
366 4185 444 4239 ita
469 4182 658 4238 cadens
686 4183 740 4235 in
783 4180 991 4253 faciem,
1036 4176 1276 4233 adorabit
1315 4175 1517 4243 Deum,
1560 4192 1794 4246 pronun-

201 4280 335 4333 tians
357 4275 499 4349 quod
524 4290 638 4331 vere
664 4273 801 4328 Deus
831 4274 884 4327 in
908 4271 1050 4326 vobis
1071 4271 1157 4326 sit.
1189 4270 1338 4326 Sicut
1360 4267 1795 4324 Nabuchodono-

202 4386 294 4425 sor
319 4368 573 4426 adoravit
601 4365 876 4421 Danielem
911 4383 923 4417 :
955 4363 1097 4420 Vere
1136 4363 1280 4418 Deus
1308 4370 1491 4418 vester
1543 4365 1661 4433 ipse
1707 4370 1794 4417 est

202 4462 361 4529 Deus,
396 4468 683 4533 postquam
707 4456 976 4513 somnium
1004 4455 1148 4527 quod
1168 4455 1374 4511 oblitus
1402 4451 1601 4522 fuerat,
1624 4463 1680 4511 et
1709 4453 1791 4510 in-
1839 4509 1842 4512 .

1814 4542 1870 4602 D
1966 4543 2170 4615 Itaque,
2203 4548 2413 4615 fratres,
2440 4544 2761 4600 azmulamini
2781 4544 3113 4617 prophetare,
3143 4550 3189 4597 et
3211 4541 3353 4613 loqui
3376 4541 3484 4596 lin-

203 4552 640 4623 tcrpretationem
671 4550 790 4620 ejus
817 4548 1079 4604 audisset.

273 4645 409 4711 Quid
434 4660 557 4719 ergo
583 4652 680 4713 est,
714 4642 942 4712 fratres?
985 4640 1125 4710 Quid
1167 4655 1297 4712 ergo
1324 4649 1409 4699 est
1454 4639 1783 4712 faciendum,

202 4739 283 4794 vel
312 4739 437 4809 quid
473 4738 799 4795 deliniemus
829 4749 950 4791 esse
984 4732 1327 4791 tenendum?

272 4833 395 4887 Cum
424 4831 705 4887 convenitis
743 4828 1098 4900 unusquisque
1142 4834 1365 4882 vestrum
1403 4827 1661 4898 psalmum
1690 4825 1787 4881 ha-

207 4921 303 4989 bet,
327 4923 617 4978 doctrinam
646 4920 818 4975 habet.
851 4920 967 4974 Hoc
997 4927 1102 4986 est,
1132 4916 1385 4989 intelligit
1411 4918 1702 4987 psalmum.

275 5014 637 5086 Apocalypsim
660 5012 832 5079 habet,
857 5011 1092 5084 linguam
1112 5009 1284 5074 habet,
1307 5009 1788 5079 interpretationem

208 5104 371 5160 habet.
403 5105 814 5165 Revelationem
835 5104 1077 5175 aliquam
1100 5101 1511 5174 mysteriorum,
1539 5102 1680 5173 quod
1704 5102 1785 5158 in-

212 5197 457 5268 telligitur
485 5198 763 5255 revelatio.

284 5287 466 5342 Omnia
493 5292 559 5344 ad
601 5291 997 5360 wdiﬁcationem
1027 5289 1177 5359 ﬁant.
1216 5285 1362 5343 Nihil
1415 5287 1486 5343 sit
1528 5285 1585 5342 in
1632 5280 1789 5345 vobis

211 5378 352 5449 quod
375 5394 479 5435 non
505 5396 600 5439 vos
627 5384 956 5440 alterutrum
982 5383 1235 5440 aedificet.

285 5471 404 5526 Sive
447 5474 617 5543 lingua
644 5478 760 5549 quis
790 5478 1017 5548 loquitur
1058 5478 1341 5533 secundum
1382 5477 1515 5534 duos
1546 5493 1566 5533 :
1606 5484 1698 5532 aut
1728 5486 1783 5531 ut

213 5564 432 5616 multum
453 5571 569 5634 tres,
600 5577 646 5622 et
683 5586 773 5639 per
802 5581 999 5641 partes,
1028 5580 1073 5625 et
1094 5587 1227 5625 unus
1254 5571 1635 5641 interpretetur.
1670 5571 1785 5626 Hoc

214 5660 317 5755 est,
345 5652 573 5711 vicissim
604 5660 984 5731 prophetantes
1024 5662 1239 5731 dicant,
1275 5672 1330 5720 ct
1358 5677 1495 5721 unus
1524 5663 1781 5735 paulatim

217 5751 609 5817 interpretetur.

1904 1868 1991 1915 tur
2018 1859 2249 1915 alterum
2280 1860 2631 1931 prophetare,
2661 1878 2783 1918 cum
2822 1863 2872 1918 ei
2904 1863 3069 1921 fuerit
3099 1868 3419 1925 revelatum.

1973 1952 2125 2008 Sicut
2155 1960 2203 2006 et
2226 1951 2282 2005 in
2303 1952 2541 2006 omnibus
2572 1951 2819 2008 Ecclesiis
2850 1964 3147 2010 sanctorum
3188 1960 3366 2015 doceo.
3404 1961 3496 2020 Sic

1901 2052 1987 2100 est
2037 2044 2236 2115 ubique
2262 2084 2278 2112 ,
2332 2059 2404 2101 ne
2450 2045 2578 2103 novi
2623 2044 2829 2117 aliquid
2873 2061 2960 2102 me
3016 2048 3171 2105 vobis
3226 2052 3494 2123 imperare

1901 2136 2126 2208 putetis.

1972 2231 2225 2288 Mulieres
2254 2233 2310 2288 in
2340 2230 2592 2287 Ecclesiis
2616 2242 2838 2289 taceant.
2866 2234 2990 2290 Non
3018 2235 3155 2291 enim
3177 2240 3493 2309 permittitur

1898 2325 1975 2381 eis
1997 2324 2158 2396 loqui,
2181 2325 2274 2379 sed
2289 2324 2523 2380 subditas
2544 2342 2653 2381 esse
2676 2329 2811 2382 sicut
2838 2336 2885 2381 et
2913 2328 2996 2381 lea:
3022 2329 3169 2383 dicit.
3200 2330 3335 2397 Quia
3361 2347 3495 2388 con-

1900 2424 1983 2472 tra
2012 2416 2259 2473 ordinem
2287 2425 2371 2473 est
2401 2427 2628 2485 naturae,
2647 2418 2735 2474 vel
2766 2418 2921 2490 legis,
2949 2427 3008 2475 ut
3028 2420 3082 2475 in
3114 2432 3379 2479 conventu
3405 2426 3488 2480 vi-

1900 2523 2086 2564 rorum
2117 2506 2338 2563 femina:
2370 2508 2678 2580 loquantur.
2728 2508 3001 2576 Quaeritur
3040 2525 3172 2582 ergo
3214 2515 3488 2584 quomodo

1898 2601 2025 2656 alibi
2055 2601 2220 2670 dicat,
2265 2600 2524 2657 mulieres
2559 2601 2757 2658 docere
2785 2603 3149 2673 prudentiam,
3182 2614 3237 2660 et
3267 2607 3489 2662 castita-

1903 2702 2009 2749 tem
2043 2692 2264 2750 debere.
2293 2692 2399 2750 Sed
2422 2694 2523 2749 hoc
2548 2693 2603 2749 in
2621 2709 2752 2750 sexu
2784 2710 2903 2751 suo.
2932 2695 3040 2753 Sed
3065 2706 3119 2753 et
3134 2698 3223 2753 hic
3244 2698 3492 2772 designat

1900 2782 2099 2853 locum,
2127 2784 2221 2839 ubi
2249 2792 2498 2841 taceant:
2529 2784 2655 2841 alibi
2687 2785 2765 2841 eis
2796 2784 2943 2857 loqui
2975 2786 3244 2857 permisit,
3275 2789 3416 2845 sicut
3435 2798 3492 2846 et

1899 2874 1983 2931 lex
2015 2876 2166 2931 dicit.

1970 2968 2036 3025 Si
2064 2969 2190 3039 quid
2212 2978 2385 3024 autem
2425 2969 2605 3024 volunt
2630 2971 2846 3026 discere.
2880 2971 3014 3040 Quia
3046 2980 3101 3028 et
3129 2972 3214 3028 vir
3244 2974 3395 3044 prius
3416 2976 3495 3032 la-

1898 3070 2020 3118 etus
2044 3073 2150 3128 est,
2180 3071 2235 3119 et
2259 3062 2395 3119 Sara
2423 3063 2703 3119 dominum
2735 3065 2967 3121 vocabat
2986 3065 3279 3123 Abraham.

1818 3151 1866 3216 C
1968 3154 2128 3211 Domi
2149 3158 2285 3211 viros
2310 3173 2431 3212 suos
2452 3158 2793 3229 interrogent.
2828 3157 2999 3229 Turpe
3027 3168 3101 3214 est
3129 3159 3264 3214 enim
3286 3160 3492 3215 mulieri

1898 3248 2039 3319 loqui
2065 3250 2118 3303 in
2144 3247 2399 3304 Ecclesia.
2429 3248 2508 3305 Ne
2537 3249 2816 3306 videretur
2842 3265 2935 3306 eas
2960 3252 3122 3306 etiam
3153 3252 3365 3308 discere
3393 3268 3487 3308 ve-

1897 3341 2089 3407 tuisse,
2120 3340 2269 3397 domi
2291 3341 2413 3397 illas
2443 3342 2548 3397 hoc
2573 3341 2718 3412 quod
2750 3342 2967 3412 publice
2991 3357 3099 3399 non
3127 3342 3376 3416 decebat,
3405 3345 3485 3402 fa-

1897 3445 2025 3489 cere
2042 3431 2244 3489 debere
2273 3433 2555 3502 praecepit.

1968 3526 2049 3579 An
2078 3542 2111 3580 a
2137 3525 2275 3580 vobis
2295 3525 2502 3578 verbum
2527 3522 2624 3578 Dei
2648 3526 2899 3594 processit
2947 3540 2965 3579 :
3004 3535 3095 3581 aut
3137 3529 3193 3583 in
3236 3546 3322 3585 vos
3354 3532 3491 3587 solos

1898 3620 2170 3690 peruenit?
2207 3616 2481 3685 Numquid
2528 3616 2778 3671 doctrina
2825 3616 3050 3686 Christi,
3097 3628 3191 3675 aut
3233 3636 3302 3677 ex
3334 3623 3490 3679 vobis

1896 3721 1999 3779 est,
2031 3717 2126 3764 aut
2146 3707 2288 3777 apud
2317 3722 2414 3764 vos
2436 3708 2731 3764 remansit?
2761 3708 2840 3765 De
2868 3711 3101 3766 scientia
3126 3712 3377 3770 similiter
3406 3722 3492 3771 est

1897 3800 2213 3857 dicendum.

1970 3895 2032 3952 Si
2056 3896 2169 3965 quis
2184 3895 2383 3949 videtur
2404 3893 2670 3966 Propheta
2695 3913 2823 3963 esse,
2850 3904 2941 3950 aut
2961 3898 3271 3967 spiritualis,
3297 3916 3492 3972 cogno-

1894 3996 2005 4043 scat
2036 4004 2153 4059 qua:
2191 3987 2359 4043 scribo
2389 3988 2529 4042 vobis
2548 4029 2561 4054 ,
2593 3989 2713 4057 quia
2734 3987 2946 4043 Domini
2971 4000 3090 4044 sunt
3118 3991 3389 4045 mandata.
3423 3991 3486 4047 Si

1894 4080 2011 4150 quis
2041 4088 2215 4134 autem
2242 4079 2465 4150 ignoret,
2488 4078 2832 4149 ignorabitur.
2874 4080 2991 4136 lloc
3030 4081 3273 4151 probatis
3294 4097 3485 4138 verum

1896 4172 2241 4244 prophetam,
2275 4173 2321 4227 si
2345 4172 2448 4228 ista
2477 4174 2791 4244 cognoverit
2816 4174 3032 4229 Domini
3060 4174 3311 4229 mandata
3334 4188 3478 4241 esse,

1894 4282 2018 4338 quae
2044 4266 2189 4326 dico.
2231 4264 2289 4322 Si
2312 4267 2431 4335 quis
2457 4276 2640 4323 autem
2666 4267 2881 4339 ignorat
2910 4267 3045 4331 haec,
3066 4266 3402 4338 ignorabitur
3430 4278 3487 4324 et

1894 4376 1926 4417 a
1967 4360 2150 4429 nobis,
2181 4369 2237 4416 et
2264 4375 2294 4415 a
2330 4361 2559 4416 Domino
2584 4362 2803 4417 dicente
2828 4362 2931 4429 eis,
2965 4360 3057 4430 qui
3081 4375 3141 4416 se
3169 4360 3223 4415 in
3246 4358 3364 4429 ejus
3391 4374 3489 4413 no-

1895 4455 2041 4511 mine
2070 4454 2424 4526 prophelasse
2449 4454 2729 4522 dicebant,
2766 4455 2954 4509 nescio
2988 4468 3105 4507 vos.

1891 4638 2006 4709 guis
2040 4636 2200 4693 nolite
2218 4636 2508 4709 prohibere.
2536 4634 2677 4692 Illud
2702 4633 3016 4703 sectamini,
3064 4633 3168 4689 hoc
3196 4632 3486 4704 prohibere

1893 4730 2084 4789 nolite.
3210 4794 3213 4799 η

1967 4824 2160 4880 Omnia
2202 4836 2378 4879 autem
2405 4826 2650 4892 honeste,
2687 4831 2736 4878 et
2763 4820 3047 4878 secundum
3080 4819 3313 4873 ordinem
3354 4820 3484 4889 fiant

1890 4918 1944 4972 in
1962 4917 2123 4971 vobis.
2144 4914 2287 4970 Nihil
2311 4930 2567 4986 perverso
2588 4915 2801 4982 ordine,
2824 4921 2915 4970 aut
2936 4927 3033 4984 per
3049 4911 3478 4980 contentionem,

1893 5008 1975 5065 vel
2005 5007 2227 5063 inanem
2256 5005 2487 5076 gloriam
2518 5005 2755 5061 faciatis.

2483 5095 2710 5153 CAPUT
2757 5096 2876 5154 XV.

1963 5192 2161 5249 Notum
2204 5200 2374 5247 autem
2432 5191 2570 5246 vobis
2618 5192 2786 5264 facio,
2832 5192 3041 5263 fratres,
3099 5189 3479 5262 Evangelium,

1888 5286 2025 5359 quod
2056 5285 2333 5356 prtedicavi
2379 5284 2537 5340 vobis.
2584 5284 2779 5355 Incipit
2819 5298 2982 5340 causa
3033 5284 3479 5340 resurrectionis.

1887 5379 2034 5436 lnter
2077 5387 2274 5434 caetera
2295 5420 2310 5446 ,
2344 5378 2563 5449 quidam
2598 5374 3006 5433 Corinthiorum
3038 5377 3200 5433 etiam
3240 5391 3485 5432 resurre-

1887 5474 2125 5530 ctionem
2147 5470 2329 5528 carnis
2371 5471 2485 5527 ausi
2512 5470 2727 5527 fuerant
2748 5485 2816 5527 ex
2840 5471 3043 5528 veteris
3070 5470 3315 5527 scientia:
3340 5484 3479 5540 pra:-

1888 5565 2197 5637 sumptione
2225 5578 2424 5635 negare
2453 5579 2466 5617 :
2497 5562 2590 5635 qui
2622 5563 2709 5617 hic
2750 5562 2819 5617 ab
2866 5562 3127 5633 Apostolo
3151 5569 3475 5631 arguuntur.

1963 5660 2118 5726 Quod
2145 5669 2190 5714 et
2218 5658 2504 5731 accepistis.
2529 5656 2607 5713 Ne
2629 5655 2707 5711 illi
2735 5655 2842 5711 hoc
2867 5671 2977 5711 non
3001 5654 3302 5713 credidisse
3331 5652 3482 5712 vidc-

1889 5759 2096 5823 rentur,
2116 5751 2201 5809 vel
2229 5765 2421 5809 omnes
2447 5748 2710 5809 creditum
2736 5748 3036 5821 respuisse.
