4030 6202
519 252 627 309 763

1562 250 1619 306 S.
1668 245 2044 305 ΙΙΙΕΒΟΝΥΜΙ
2088 242 2375 321 ΟΡΕΚΠΜ
2414 245 2778 303 ΜΑΝτιςεΑ.

3730 236 3844 295 7H

595 370 663 426 In
688 388 792 443 quo
820 372 990 438 statis,
1022 385 1111 442 per
1150 366 1287 438 quod
1317 373 1362 420 et
1417 363 1708 420 saleamini.
1755 363 1811 417 lu
1841 362 1996 432 cujus
2022 359 2116 415 do-
2150 360 2204 420 Α
2301 360 2591 430 Tamquam
2608 356 2865 415 abortivo.
2897 354 2973 413 De
2998 352 3151 425 cujus
3177 353 3287 411 vita
3328 351 3685 423 desperatum
3729 361 3839 407 est.

524 465 703 523 etrina
756 466 937 529 statis,
968 471 1023 517 et
1067 476 1164 530 per
1212 458 1357 527 quod
1402 456 1631 512 salutem
1676 455 1927 525 speratis,
1968 461 2023 508 et
2070 453 2122 505 in

528 559 789 629 prmsenti
826 560 891 612 de
918 553 1150 613 diversis
1188 552 1595 609 inﬁrmitatibus
1626 564 1771 620 εωρο
1812 545 2122 603 salvamini.

603 649 719 714 Qua
745 650 943 700 ratione
965 644 1357 716 prwdicaverim
1387 643 1545 697 vobis.
1578 642 1714 696 Tuta
1745 640 1903 708 ratio
1927 637 2123 708 praedi-

533 738 766 793 catioitis
798 746 998 791 nostra:
1025 736 1141 791 hate
1162 744 1268 801 est,
1292 744 1350 793 ut
1381 734 1835 792 resurrectionem
1857 729 2122 795 credatis,

528 830 633 886 hoc
671 837 755 886 est
797 829 941 883 enim
985 828 1217 897 primum
1254 826 1525 894 omnium,
1554 824 1643 895 qui
1682 824 1903 880 Christo
1933 821 2121 877 descr-

525 922 683 978 viunt
726 937 738 975 :
790 907 1027 992 alioquin
1058 919 1365 991 Superuus
1392 920 1570 974 omnis
1602 919 1753 979 labor
1785 926 1869 976 est
1912 916 2123 972 oratio-

529 1030 657 1069 num
707 1013 1174 1083 jejuniorumque,
1210 1028 1370 1087 quem
1423 1013 1474 1066 in
1521 1011 1622 1069 hac
1672 1010 1779 1069 vita
1831 1008 2121 1081 patimini,

528 1118 651 1160 cum
678 1104 835 1160 vobis
866 1103 953 1158 hic
981 1118 1265 1175 prospera,
1296 1102 1380 1158 vel
1406 1103 1631 1159 adversa
1661 1117 1793 1159 Clllll.
1815 1100 2125 1157 inﬁdelibus

527 1211 650 1253 esse
690 1196 1001 1251 communia
1030 1194 1322 1251 videantur
1368 1211 1381 1247 :
1426 1195 1567 1249 sicut
1599 1202 1658 1249 et
1696 1193 1795 1265 ipsi
1829 1192 2007 1249 solent
2041 1208 2126 1262 pa-

528 1289 653 1359 gani
687 1302 1026 1359 proponere,
1074 1288 1203 1360 quid
1234 1287 1302 1342 ab
1333 1287 1440 1344 illis
1480 1287 1713 1357 amplius
1742 1285 2039 1348 habemus,
2071 1295 2126 1339 et

530 1395 721 1436 verum
753 1392 836 1437 est
870 1400 883 1436 :
918 1382 964 1437 si
989 1382 1180 1439 horum
1212 1382 1459 1438 laborum
1482 1382 1766 1453 praemium
1794 1381 1848 1436 in
1879 1381 1991 1436 vita
2019 1381 2125 1437 alia

532 1490 639 1531 non
686 1476 970 1540 habemus.
1009 1476 1223 1547 pejores
1262 1475 1370 1532 illis
1396 1491 1586 1533 sumus
1621 1493 1634 1530 :
1667 1475 1801 1546 quia
1828 1474 1921 1540 illi,
1955 1474 2045 1529 vel
2072 1474 2124 1528 in

533 1569 790 1638 prmseuti
820 1568 1160 1639 voluptatum
1205 1578 1260 1623 ct
1301 1568 1535 1625 luxuria:
1564 1567 1995 1624 consolationem
2029 1565 2128 1622 lla-

532 1659 665 1716 bere
695 1659 966 1716 videntur.

2307 450 2462 507 Visus
2492 460 2566 507 est
2596 461 2651 503 et
2673 448 2821 507 mihi.
2850 448 3025 507 Invia
3057 446 3291 510 scilicet,
3319 445 3407 503 vel
3447 446 3500 498 in
3531 444 3765 511 templo.

2299 540 2414 612 Ego
2441 530 2587 595 enim.
2602 557 2725 595 sunt
2738 540 2983 594 minimus
3000 539 3379 608 apostolorum.
3412 537 3672 593 Minimus
3696 548 3837 593 lent-

2229 628 2360 704 pore
2388 648 2492 689 non
2517 633 2725 688 labore.

2301 726 2404 791 Qui
2436 742 2539 780 non
2565 743 2679 780 sum
2704 725 2894 796 dignus
2924 724 3097 779 uocari
3124 724 3417 794 apostolus,
3440 720 3688 794 quoniam
3722 740 3842 792 per-

2227 828 2433 877 secutus
2457 835 2572 874 sum
2595 816 2886 873 Ecclesium
2916 815 3034 872 Dei.
3067 814 3193 883 Fili,
3217 815 3477 885 peccasti,
3511 830 3580 869 ne
3605 814 3841 883 adjicias

2229 911 2426 969 iterum
2456 928 2468 964 :
2498 909 2591 965 sed
2631 921 2683 966 et
2713 909 2780 965 de
2822 908 3070 978 pristinis
3104 907 3427 983 deprecare.
3452 904 3610 963 Unde
3649 915 3707 962 et
3742 922 3841 974 per

2231 1000 2420 1055 Isaiam
2454 1000 2715 1056 Dominus
2740 1000 2868 1055 dicit
2897 1019 2909 1053 :
2936 1001 3046 1072 Ego
3072 1016 3190 1053 sum
3218 998 3312 1067 qui
3333 998 3493 1055 deleo
3518 999 3838 1068 iniquitates

2231 1101 2372 1159 tuas,
2407 1101 2462 1146 et
2493 1107 2603 1146 non
2630 1091 2978 1149 memorabor
3002 1133 3018 1160 ,
3050 1100 3106 1145 tu
3135 1100 3317 1146 autem
3352 1104 3685 1147 memorare.
3722 1092 3839 1146 Me-

2230 1183 2333 1237 lius
2359 1194 2442 1239 eSt
2471 1186 2615 1238 enim
2650 1184 2869 1240 dimissa
2907 1183 3179 1247 recordari
3228 1192 3473 1254 peccata,
3523 1197 3684 1253 quam
3731 1181 3838 1237 de-

2231 1284 2375 1339 tenta
2407 1274 2676 1331 oblivisci.

2301 1366 2482 1423 Gratia
2512 1379 2683 1423 autem
2709 1368 2806 1422 Dei
2835 1384 2971 1438 sum,
3004 1367 3058 1421 id
3080 1367 3216 1439 quod
3247 1384 3384 1433 sum,
3416 1375 3464 1421 et
3505 1367 3677 1439 gratia
3717 1370 3839 1440 ejus

2230 1462 2281 1517 in
2310 1480 2389 1517 me
2410 1480 2573 1518 t'actta
2602 1480 2704 1517 non
2733 1461 2853 1533 fuit.
2882 1462 2999 1517 Non
3032 1463 3128 1517 luit
3155 1463 3273 1517 sine
3301 1461 3475 1517 fructu
3496 1506 3511 1531 ,
3545 1461 3686 1516 sicut
3712 1460 3835 1528 ille,

2234 1557 2326 1629 qui
2359 1558 2617 1613 talentum
2651 1556 2870 1613 Domini
2900 1556 3104 1613 defodit
3134 1556 3186 1611 in
3218 1564 3434 1611 terram.

2304 1650 2410 1706 Sed
2450 1649 2800 1705 abundantius
2843 1650 2952 1704 illis
2982 1648 3215 1704 omnibus
3254 1646 3497 1702 laboravi.
3526 1645 3663 1715 Quia
3712 1644 3835 1700 illis

604 1752 668 1808 Si
698 1754 877 1808 tenetis
904 1769 923 1808 :
955 1753 1053 1808 nisi
1083 1753 1285 1823 [rustra
1315 1753 1633 1808 credidistis.
1669 1751 1727 1809 Si
1759 1749 1881 1807 ﬁdei
1907 1758 2120 1815 vestrae,
2153 1744 2203 1807 Β
2229 1738 2449 1796 dimitts-

530 1855 585 1900 et
604 1844 805 1902 laboris
830 1844 1111 1916 prtemium
1138 1861 1245 1902 non
1273 1845 1529 1917 speratis,
1557 1841 1832 1916 superﬂua
1861 1842 1979 1899 hmo
2001 1858 2126 1899 cre-

531 1937 770 1993 didistis.

606 2028 826 2083 Tradidi
851 2028 988 2085 enim
1016 2028 1155 2084 vobis
1181 2028 1234 2085 in
1270 2028 1470 2098 primis.
1530 2028 1586 2085 ln
1628 2028 1962 2101 primordio,
2008 2026 2123 2083 sive

529 2118 788 2175 maxime.

603 2210 756 2277 Quod
782 2220 829 2264 et
855 2212 1052 2279 accepi.
1084 2209 1181 2267 Vel
1208 2226 1239 2266 a
1266 2211 1411 2283 lege,
1434 2212 1568 2267 vela
1594 2209 1868 2284 prioribus
1890 2209 2005 2267 sive
2028 2223 2125 2280 per

530 2302 924 2370 revelationem
956 2302 1182 2358 Christi.

605 2396 864 2467 Quoniam
895 2395 1129 2451 Christus
1168 2406 1399 2451 mortuus
1426 2404 1500 2449 est
1531 2412 1624 2465 pro
1650 2395 1872 2464 peccatis
1900 2394 2129 2461 nostris,

528 2490 807 2545 secundum
834 2487 1161 2558 Scripturas,
1191 2499 1239 2543 et
1258 2490 1381 2558 quia
1410 2489 1640 2560 sepultus
1671 2497 1764 2542 est.
1800 2488 1991 2542 Posset
2015 2486 2125 2551 qui-

530 2577 654 2635 dem
672 2580 935 2649 apostolis
949 2579 1395 2650 prmdicantibus,
1418 2590 1472 2635 et
1497 2580 1669 2635 multa
1686 2579 1943 2633 virtutum
1968 2577 2122 2648 signa

528 2669 857 2725 facientibus
884 2669 1079 2726 haberi
1109 2670 1263 2738 ﬁdes,
1286 2687 1409 2727 esse
1440 2674 1613 2742 ipsum
1638 2668 1937 2736 Christum,
1963 2685 2122 2740 quem

531 2764 944 2832 evangelizant:
978 2763 1076 2819 sed
1108 2776 1161 2819 ut
1189 2766 1393 2835 majore
1418 2766 1609 2819 beatus
1626 2764 1919 2834 Aantolus
1938 2772 2125 2817 aucto-

534 2856 696 2912 ritate
757 2857 999 2911 ﬁrmaret
1028 2899 1043 2923 ,
1103 2856 1249 2912 hunc
1300 2872 1421 2911 esse
1468 2856 1742 2912 Christum
1791 2856 2129 2913 Salvatorem

535 2947 744 3012 mundi,
778 2961 940 3016 quem
968 2946 1202 3018 Moyses,
1232 2958 1286 3004 et
1314 2950 1596 3021 prephetze
1621 2950 2080 3005 annuntiaverunt
2109 2966 2120 3001 :

534 3042 657 3097 ideo
699 3041 1001 3099 secundum
1044 3043 1352 3114 Scripturas
1386 3045 1702 3115 praedictum
1736 3060 1861 3100 esse
1893 3058 2127 3098 comme-

2312 1833 2435 1888 Non
2484 1849 2577 1905 ego
2616 1842 2823 1902 autem,
2861 1833 2951 1891 sed
2994 1832 3165 1906 gratia
3208 1828 3306 1886 Dei
3340 1846 3561 1885 mecum.
3591 1827 3706 1884 Non
3756 1842 3827 1881 ex

2229 1940 2339 1993 me,
2374 1926 2471 1982 sed
2497 1926 2667 1998 gratia
2696 1926 2792 1984 Dei
2823 1942 2839 1982 :
2872 1940 2969 1982 nec
2990 1940 3049 1983 se
3076 1925 3193 1981 sine
3213 1924 3383 1995 gratia
3406 1923 3535 1978 dicit
3562 1922 3614 1977 in
3645 1921 3827 1976 Evan-

2226 2018 2371 2089 gelia
2406 2019 2705 2088 laborasse,
2730 2035 2798 2076 ne
2826 2028 3014 2074 contra
3047 2018 3206 2084 illud,
3229 2017 3369 2088 quod
3402 2016 3653 2087 superius
3675 2015 3831 2070 dixe-

2229 2122 2337 2181 rat,
2366 2112 2466 2167 sibi
2501 2112 2701 2184 aliquid
2728 2112 2844 2166 dari
2875 2112 3184 2165 videretur:
3214 2126 3314 2166 nec
3341 2108 3575 2182 gratiam
3600 2109 3719 2165 sine
3748 2124 3828 2175 se,

2226 2215 2288 2263 ut
2316 2205 2557 2262 liberum
2578 2214 2828 2261 servaret
2856 2204 3159 2259 arbitrium.

2300 2298 2421 2355 Sive
2444 2302 2580 2354 enim
2606 2316 2724 2372 eqo,
2746 2300 2853 2352 sive
2873 2297 2975 2364 illi,
2998 2298 3071 2353 sic
3098 2295 3518 2367 prtcdicavimus,
3538 2304 3587 2349 et
3616 2295 3689 2347 sic
3712 2309 3828 2348 cre-

2226 2390 2453 2445 didistis.
2486 2390 2640 2447 Unde
2685 2391 2885 2461 igitur,
2918 2399 2973 2445 et
3010 2404 3109 2444 nos
3153 2389 3232 2443 sic
3282 2386 3725 2458 prazdicavimus,
3772 2394 3829 2439 ct

2224 2499 2322 2541 vos
2351 2485 2609 2540 similiter
2638 2484 2984 2549 credidiStis,
3026 2483 3151 2554 quia
3183 2480 3435 2538 Christus
3463 2480 3664 2535 idcirco
3705 2495 3815 2534 sur-

2228 2577 2371 2632 rexit
2404 2578 2643 2645 primus,
2676 2584 2733 2631 ut
2761 2577 2903 2633 viam
2946 2574 3370 2631 resurrectionis
3414 2573 3653 2643 aperiret
3681 2590 3691 2624 :
3723 2569 3826 2624 hoc

2227 2669 2769 2737 illiscommemorat,
2794 2680 2849 2724 ut
2877 2668 2960 2725 illi
2981 2667 3127 2740 quod
3158 2680 3499 2738 consequens
3521 2675 3605 2722 est
3628 2680 3825 2737 negare

2226 2776 2333 2818 non
2358 2761 2586 2837 possint.

2298 2853 2360 2909 Si
2406 2862 2575 2907 autent
2616 2850 2853 2907 Christus
2890 2853 3242 2923 prmdicatur,
3280 2852 3420 2923 quod
3462 2850 3747 2905 resurrexit
3795 2867 3826 2903 a

2226 2944 2463 2998 mortuis.
2502 2944 2632 3013 Qua:
2672 2945 3057 3015 consequentia
3101 2944 3348 2999 rationis.
3381 2942 3498 2999 Jam
3541 2942 3685 2996 enim
3726 2941 3825 2996 hoc

2231 3037 2404 3109 ipsum
2428 3037 2759 3102 resurrectio
2788 3046 2899 3105 est,
2939 3039 3082 3109 quod
3113 3038 3359 3095 Christus
3404 3052 3432 3090 a
3479 3036 3713 3092 mortuis
3742 3051 3825 3091 re-

536 3142 745 3194 morat;
770 3131 908 3188 sicut
941 3134 1082 3188 inter
1110 3144 1306 3189 caetera
1339 3134 1505 3189 Isaias
1526 3134 1789 3206 propheta
1813 3133 1941 3189 dicit
1968 3150 1981 3186 :
2008 3134 2118 3193 Sic-
2148 3126 2487 3193 C.surrexit.

536 3234 594 3280 ut.
621 3225 739 3280 ovis
783 3223 853 3280 ad
889 3224 1219 3282 occisionem
1241 3225 1480 3294 ducitur,
1498 3235 1552 3281 et
1575 3225 1730 3295 quasi
1759 3240 2129 3297 agnuscoram

537 3318 797 3375 tondente
834 3334 895 3375 se
920 3318 1266 3375 obmutescit.
1293 3318 1425 3375 ltezn
1469 3318 1611 3374 infra
1642 3319 1785 3373 idem
1821 3318 2084 3388 propheta
2113 3337 2125 3373 :

538 3412 601 3468 Et
630 3412 782 3467 dabit
808 3413 1002 3483 impios
1033 3428 1132 3483 pro
1158 3414 1456 3483 sepultura,
1487 3424 1542 3469 et
1566 3412 1789 3469 divitem
1819 3428 1919 3484 pro
1954 3422 2129 3471 morte

535 3520 657 3560 sua.
692 3504 955 3561 Similiter
981 3506 1121 3561 Osee
1150 3508 1439 3577 prOpltct't,
1471 3506 1632 3562 tertia
1655 3506 1745 3563 dic
1774 3507 2130 3563 resurrectio-

538 3615 661 3654 nem
689 3601 887 3667 Christi
917 3599 1154 3659 futuram
1186 3602 1513 3670 annuntiat,
1555 3602 1783 3657 dicens:
1818 3600 2131 3660 Viviiicabit

538 3706 638 3746 nos
666 3702 789 3763 post
816 3693 951 3751 duos
993 3694 1113 3750 dies
1138 3735 1159 3765 ,_
1206 3694 1259 3751 in
1309 3695 1397 3751 die
1426 3695 1584 3752 tertia
1607 3694 1897 3752 suscitabit
1924 3710 2042 3763 nos,
2078 3704 2133 3751 et

537 3784 781 3837 vivemus
809 3784 861 3838 in
894 3796 1187 3854 conspectu
1209 3787 1347 3857 ejus.

609 3875 680 3929 Et
709 3878 832 3948 quia
858 3881 1138 3935 resurrexit
1168 3882 1323 3934 tertia
1344 3881 1461 3949 die',
1495 3883 1782 3938 secundum
1806 3884 2131 3956 Scripturas.

542 3973 694 4031 Sicut
719 3974 862 4029 Osee
902 3974 1071 4029 dicit:
1112 3975 1422 4033 Viviticabit
1473 3992 1571 4036 nos
1613 3979 1665 4033 in
1712 3980 1909 4045 biduo,
1950 3988 2007 4035 et
2046 3979 2138 4036 die

540 4064 699 4120 tertia
732 4080 1102 4137 resurgemus.

616 4156 684 4211 Et
712 4160 837 4229 quia
866 4161 1004 4214 uisus
1042 4170 1116 4215 est
1148 4158 1359 4232 Cephaz.
1401 4162 1553 4231 Quod
1586 4164 1639 4219 in
1673 4164 1966 4235 Evangelia
2003 4164 2139 4222 dici-

543 4261 666 4307 tur:
699 4252 971 4323 Apparuit
998 4252 1229 4308 Simoni.

613 4341 681 4397 Et
720 4354 835 4415 post
878 4342 976 4398 hoc
1014 4343 1272 4399 undecim.
1327 4344 1529 4401 lterum
1564 4346 1762 4413 Petro,
1810 4356 1861 4401 et
1912 4346 2141 4418 reliquis

536 4433 747 4491 decem.

2306 3221 2576 3291 Quomodo
2596 3222 2807 3296 quidam
2828 3223 3007 3285 dicunt
3032 3223 3085 3277 in
3110 3222 3282 3289 nobis,
3304 3222 3550 3293 quoniam
3573 3237 3826 3275 resurrec-

2232 3316 2302 3370 tio
2330 3326 2648 3371 mortuorunt
2681 3335 2783 3372 non
2808 3318 2930 3372 est?
2961 3316 3024 3374 Si
3053 3326 3224 3372 autem
3252 3318 3566 3371 resurrectio
3598 3326 3829 3371 mortuo-

2229 3428 2346 3465 rum
2368 3428 2473 3466 non
2500 3420 2593 3467 est.
2622 3410 2870 3467 Alterum
2909 3428 2972 3468 et
3017 3413 3196 3468 altero
3220 3411 3416 3484 pendet
3444 3430 3455 3465 :
3488 3420 3582 3466 aut
3610 3421 3825 3467 utrum-

2232 3519 2337 3575 que
2366 3518 2583 3573 negare,
2614 3512 2708 3558 aut
2737 3514 3026 3575 utrumque
3057 3518 3278 3560 necesse
3301 3512 3383 3559 est
3410 3502 3680 3558 confiteri.

2307 3592 2487 3664 Neque
2513 3592 2749 3649 Christus
2774 3595 3075 3649 resurrexit.
3100 3592 3371 3651 Caeterum
3397 3595 3476 3650 rei
3503 3610 3611 3650 non
3636 3593 3826 3649 futura:

2237 3686 2547 3757 exemplum
2580 3685 2710 3741 dare
2741 3702 2846 3742 non
2873 3687 3079 3742 debuit.

2314 3781 2375 3836 Si
2396 3790 2567 3835 autem
2608 3779 2842 3835 Christus
2880 3797 2980 3835 non
3008 3782 3310 3845 resurrexit,
3338 3780 3509 3835 inanis
3537 3790 3612 3835 est
3640 3781 3829 3851 prtedi-

2238 3872 2372 3925 catio
2404 3881 2599 3939 nostra,
2652 3874 2823 3926 inanis
2861 3883 2935 3927 est
2966 3884 3011 3927 et
3041 3874 3172 3944 ﬁdes
3214 3883 3402 3927 uestra.
3446 3874 3588 3943 Ergo
3636 3884 3690 3928 et
3737 3887 3831 3927 nos

2237 3965 2355 4021 sine
2387 3981 2545 4019 causa
2572 3965 2685 4021 hcce
2708 3966 3146 4035 przndicavimns,
3173 3968 3217 4022 si
3234 3984 3359 4023 vere
3384 3983 3491 4024 non
3512 3969 3828 4036 resurrexit,

2238 4068 2294 4113 et
2325 4073 2419 4112 vos
2449 4058 2502 4112 in
2532 4058 2683 4113 illum
2716 4059 2918 4114 frustra
2967 4059 3298 4114 credidistis.
3334 4060 3564 4127 Quidam
3588 4058 3830 4114 lueretici

2239 4152 2434 4205 animm
2460 4150 2923 4207 resurrectionem
2948 4152 3133 4205 volunt
3156 4151 3454 4221 assignare,
3489 4167 3593 4206 non
3618 4152 3826 4217 carnis;

2240 4242 2336 4299 sed
2367 4257 2658 4313 resurgere
2692 4258 2796 4298 non
2827 4242 3057 4308 dicitur,
3091 4243 3189 4297 nisi
3223 4243 3367 4313 quod
3408 4244 3624 4310 cecidit,
3656 4253 3707 4298 et
3738 4260 3824 4299 re-

2241 4335 2438 4406 surgit.
2468 4337 2611 4407 Ergo
2644 4352 2821 4407 neque
2842 4337 3017 4392 anima
3049 4346 3221 4392 morte
3248 4338 3469 4407 cecidit,
3497 4354 3668 4410 neque
3688 4354 3829 4394 srm-

2244 4443 2340 4498 pcr
2377 4427 2545 4498 jaeuit
2580 4443 2780 4495 corpus
2829 4446 2843 4483 :
2898 4430 3138 4501 alioquin
3180 4445 3405 4502 surgere
3448 4431 3616 4502 magis
3666 4446 3828 4503 quam

610 4526 811 4587 Deinde
839 4528 977 4583 visus
997 4536 1073 4585 est
1100 4529 1217 4600 plus
1254 4544 1411 4601 quam
1446 4529 1741 4603 quingentis
1770 4530 2014 4602 fratribus
2060 4532 2131 4587 si-
2158 4515 2217 4583 Β
2245 4534 2526 4588 resurgere
2557 4518 2849 4574 ἀίοοτοῑυτ·

538 4618 689 4673 mul:
720 4635 785 4674 ea:
822 4619 1006 4691 quibus
1052 4620 1201 4676 multi
1238 4635 1443 4677 manent
1479 4639 1637 4694 usque
1673 4622 1883 4680 adhuc:
1922 4626 2130 4695 quidam

536 4718 712 4764 autem
741 4710 1084 4767 dormierunt.
1120 4712 1281 4768 Vides
1306 4715 1431 4785 quia
1466 4716 1518 4770 in
1552 4714 1846 4785 Evangelio
1873 4732 1978 4771 non
2011 4730 2132 4771 om.

542 4816 640 4858 nes
668 4802 886 4874 scripta:
917 4812 1043 4859 sunt
1069 4806 1329 4871 visiones,
1358 4807 1459 4862 nisi
1480 4786 1602 4878 quae
1631 4806 1951 4864 sufﬁcerent
1976 4808 2043 4862 ad
2074 4808 2135 4863 ﬁ-

542 4891 688 4949 dem.
722 4894 815 4950 llic
841 4904 1045 4963 autem,
1069 4897 1325 4968 quoniam
1346 4898 1414 4955 de
1431 4900 1693 4970 apostolis
1714 4898 1944 4968 dixerat,
1970 4901 2139 4957 etiam

544 4984 650 5040 hoc
673 4986 912 5045 addidit:
942 5004 1013 5045 ne
1036 4991 1267 5061 apostoli
1301 5002 1577 5065 tamquam
1606 4994 1781 5051 intimi
1813 4996 1953 5066 ejus,
1979 5007 2136 5068 puta-

542 5085 741 5132 rentur
764 5092 885 5135 esse
928 5083 1162 5138 mentiti.
1209 5083 1280 5140 Et
1320 5095 1382 5141 ut
1416 5087 1589 5157 major
1627 5087 1760 5144 lides
1802 5088 2137 5144 multitudini

544 5171 767 5224 testium
798 5168 1118 5242 haberetur,
1142 5176 1303 5231 etiam
1336 5179 1489 5234 multi
1522 5180 1712 5236 vivere
1740 5180 2021 5250 dicuntur,
2044 5181 2137 5253 qui

540 5262 754 5331 possint
785 5262 1096 5337 interrogati
1127 5269 1312 5329 dicere
1338 5288 1458 5342 qute
1480 5272 1753 5331 viderunt.

614 5352 819 5410 Deinde
838 5357 971 5412 visus
992 5366 1070 5412 est
1090 5358 1310 5417 Iacobo.
1342 5363 1546 5419 Jacobo
1584 5379 1832 5421 seorsum
1863 5365 2129 5437 apparuit.

610 5447 813 5504 Deinde
846 5451 1099 5523 apostolis
1140 5455 1395 5510 omnibus.
1436 5457 1563 5512 Sive
1592 5457 1790 5514 iterum
1813 5502 1828 5527 ,
1863 5459 1977 5515 sive
2006 5474 2136 5530 apo-

543 5537 722 5609 stolis,
764 5544 900 5612 quds
930 5550 1083 5598 extra
1113 5544 1402 5603 duodecim
1436 5549 1503 5605 ad
1539 5549 2131 5622 prmdicandumLmisit.

614 5629 908 5687 Novissime
931 5642 1101 5688 autem
1124 5637 1373 5693 omnium.
1404 5638 1481 5696 Ne
1512 5649 1766 5712 putarent
1800 5656 1927 5700 eum.
1950 5643 2135 5699 audita

545 5720 726 5783 potius
751 5737 911 5791 quam
941 5724 1057 5782 visa
1088 5742 1332 5793 narrare.

2314 4608 2615 4665 Inveniatur
2641 4622 2808 4665 autent
2837 4621 2885 4667 et
2917 4612 3039 4684 falsi
3062 4622 3212 4669 testes
3244 4614 3342 4669 Dei
3369 4630 3388 4669 :
3410 4617 3657 4686 quoniam
3690 4619 3829 4672 testi-

2243 4706 2470 4761 monium
2515 4705 2743 4763 diximus
2784 4705 3027 4761 adversus
3072 4706 3270 4774 Deum,
3328 4710 3467 4779 quod
3511 4712 3828 4766 suscitaverit

2243 4800 2505 4856 Christum
2526 4818 2546 4856 .·
2576 4817 2724 4871 quem
2754 4818 2857 4857 non
2889 4803 3152 4858 suscitavit
3176 4845 3192 4870 ,
3226 4804 3271 4859 si
3299 4805 3486 4858 mortui
3514 4821 3615 4859 non
3654 4822 3827 4861 resur-

2242 4906 2391 4968 gunt.
2421 4894 2537 4952 Non
2569 4896 2744 4953 solum
2775 4899 2935 4963 vani,
2968 4897 3063 4953 sed
3089 4899 3253 4954 etiam
3294 4898 3407 4954 falsi
3446 4906 3635 4954 contra
3665 4899 3828 4956 Deum

2246 4992 2553 5050 invenimur
2583 4993 2900 5050 exstitisse:
2941 4995 2987 5050 si
3018 4994 3237 5067 quidem
3270 4995 3466 5052 mortui
3503 5010 3610 5052 non
3644 5011 3828 5053 resur-

2241 5102 2347 5158 gun
2358 5094 2397 5146 ι.

2318 5181 2459 5237 Nam
2479 5181 2527 5237 si
2549 5181 2742 5237 mortui
2773 5198 2873 5236 non
2893 5189 3166 5255 resurgunt
3187 5221 3202 5249 ,
3228 5199 3393 5253 neque
3412 5184 3647 5241 Christus
3674 5201 3835 5239 resur-

2243 5274 2396 5330 rexit.
2425 5273 2532 5332 Sed
2563 5272 2819 5347 quoniam
2846 5271 2915 5328 de
2938 5272 3028 5329 illo
3051 5288 3209 5328 nemo
3236 5274 3475 5342 dubitat,
3510 5284 3565 5333 et
3592 5274 3660 5332 de
3687 5275 3835 5331 nobis

2243 5382 2406 5422 nemo
2434 5366 2663 5423 dubitet.

2319 5458 2475 5528 Quod
2522 5458 2568 5512 si
2616 5457 2852 5519 Christus
2893 5474 2995 5512 non
3044 5459 3351 5524 resurrexit,
3412 5475 3547 5514 uana
3597 5468 3673 5516 est
3716 5460 3834 5530 ﬁdes

2244 5558 2431 5605 uestra.
2467 5547 2651 5603 Adhuc
2673 5552 2808 5603 enim
2835 5550 2955 5605 estis
2995 5550 3048 5604 in
3071 5548 3292 5619 peccatis
3320 5553 3522 5605 vestris.
3556 5552 3611 5609 Si
3655 5553 3834 5609 menti-

2247 5649 2332 5696 tus
2362 5650 2443 5696 est
2468 5656 2528 5695 sc
2554 5649 2675 5709 post
2704 5641 2943 5697 triduum
2973 5649 3410 5701 resurrecturum
3431 5684 3445 5708 ,
3473 5644 3735 5699 mentitus
3758 5654 3837 5701 est

2248 5735 2408 5791 etiam
2440 5748 2499 5791 se
2522 5740 2739 5803 peccata
2769 5733 3063 5789 dimittere.
3092 5734 3195 5785 Aut
3219 5730 3290 5785 ita
3316 5750 3327 5786 :
3364 5750 3556 5793 omnes
3588 5737 3639 5791 iu
3672 5752 3838 5797 resur-
