4030 6202
257 286 362 343 765

975 230 1525 334 consumimus
1558 274 1627 330 lN
1665 274 1848 331 EPtS‘I

1964 273 2057 330 AM
2098 273 2121 330 t
2157 274 2253 329 AD
2288 272 2453 329 con.
2494 238 2647 328 CAP.
2690 272 2806 329 xv.

3453 273 3558 330 766

198 373 211 382 .
257 399 505 458 seelione
530 396 649 467 ejus
672 394 1040 466 baptizamttr,
1068 399 1131 447 ut
1173 398 1359 447 nostra
1388 398 1607 460 peccata
1635 386 1851 451 diluan-
1876 390 1928 451 Α
1958 401 2035 455 re,
2070 386 2178 442 nisi
2200 386 2496 443 crediderit
2524 386 2577 441 in
2602 386 2845 451 Christo,
2869 387 3005 444 sicut
3034 388 3239 459 ipsein
3257 387 3550 459 Evangelia

203 525 206 528 ~
258 501 368 547 tur.
399 491 455 548 Si
486 505 618 561 ergo
647 503 755 544 non
780 484 1099 551 resurrexit,
1134 497 1235 539 nec
1265 480 1424 536 nobis
1468 481 1703 541 remissa
1731 487 1859 537 sunt

211 657 214 659 Α
262 595 507 657 peccata.

334 675 475 747 Ergo
500 684 549 728 ct
572 675 661 745 qui
690 673 1013 729 dormierunt
1042 672 1093 725 in
1124 669 1352 735 Christo,
1381 667 1669 737 perierunt.
1695 664 1855 721 Musis

259 780 349 820 me
370 764 437 819 de
479 764 564 819 bis
593 763 746 826 dicit.
786 763 876 833 qui
930 777 1031 831 pro
1058 760 1278 816 Christo
1310 768 1440 815 sunt
1472 758 1710 814 mortui:
1744 758 1862 812 sine

258 873 424 917 causa
470 858 617 914 enim
646 859 786 914 hanc
818 856 982 911 vitam
1032 852 1426 923 perdiderunt,
1453 850 1504 909 si
1543 852 1702 907 aliam
1751 866 1858 905 non

257 950 557 1007 habebunt.

333 1040 396 1096 Si
424 1041 478 1095 in
506 1038 605 1094 hac
646 1040 748 1094 vita
779 1046 981 1094 tantum
1008 1039 1061 1093 in
1089 1037 1297 1093 Christo
1326 1044 1597 1109 sperantes
1629 1049 1808 1093 sumus
1842 1047 1863 1087 :

256 1132 663 1188 miserabiliores
690 1148 872 1186 sumus
892 1130 1127 1185 omnibus
1148 1127 1460 1183 hominibus.
1492 1124 1576 1182 llli
1604 1125 1750 1181 enim
1772 1122 1860 1179 vel

257 1222 314 1278 in
349 1223 606 1293 prtcsenti
645 1223 977 1292 gloriantur:
1008 1234 1107 1276 nos
1135 1227 1319 1274 autem
1351 1218 1439 1273 hic
1472 1214 1860 1273 tribulationes

255 1312 502 1382 quotidie
527 1313 881 1367 sustinemus.

332 1404 489 1465 Nunc
532 1413 705 1458 autent
742 1402 978 1461 Christus
1026 1399 1308 1457 resurrexit
1355 1415 1387 1451 a
1433 1396 1672 1453 mortuis.
1703 1395 1860 1466 Quod

242 1478 243 1481 η
270 1494 412 1566 apud
432 1509 622 1550 omnes
646 1502 728 1548 est
748 1503 992 1547 certum:
1029 1493 1150 1561 quia
1182 1490 1437 1560 inprimis
1452 1489 1738 1560 probatum
1752 1498 1857 1543 est.

334 1586 594 1641 Primitiw
642 1586 1026 1640 dormientium.
1063 1583 1198 1653 Quia
1230 1582 1442 1653 primus
1486 1580 1545 1639 in.
1580 1579 1861 1649 incorrup-

254 1682 408 1738 tione
432 1680 695 1737 surrcxit.
724 1680 779 1734 Si
810 1694 940 1750 ergo
968 1686 1133 1747 caput
1163 1677 1496 1741 resurrexit,
1522 1688 1744 1731 necesse
1775 1680 1861 1729 est

253 1774 429 1835 etiam,
457 1782 513 1826 ut
540 1784 739 1829 cmtera
768 1770 1013 1826 membra
1039 1776 1355 1838 sequantur.

335 1865 597 1934 Quoniam
633 1864 841 1933 quidem
871 1880 961 1935 per
990 1861 1255 1917 hominem
1292 1875 1429 1915 mors
1452 1900 1467 1927 ,
1498 1868 1546 1914 et
1575 1874 1664 1930 per
1694 1858 1861 1914 homi-

255 1974 381 2017 nem,
408 1957 716 2012 resurrectio
745 1965 1088 2012 mortuorum.
1109 1953 1270 2013 Sicut
1298 1967 1395 2023 per
1417 1950 1589 2007 Adam
1608 1964 1757 2006 mors
1782 1950 1862 2005 in-

257 2050 442 2115 travit,
474 2050 603 2119 quia
629 2049 839 2120 primus
871 2048 989 2117 ipse
1018 2056 1103 2103 est
1144 2054 1425 2107 mortuus:
1458 2043 1534 2099 ita
1575 2058 1673 2114 per
1702 2040 1859 2098 Chri-

256 2150 404 2197 stum
446 2142 806 2205 resurrectio,
841 2140 966 2212 quia
1001 2141 1211 2210 primus
1228 2129 1679 2211 resurrexit./Et
1719 2134 1861 2189 sicut

259 2236 351 2289 ille
376 2234 725 2288 morientium
754 2234 924 2288 forma
956 2241 1082 2288 e~t:
1114 2232 1183 2285 ita
1213 2238 1267 2286 et
1306 2231 1409 2285 iste
1434 2227 1856 2298 resurgentium.

256 2325 476 2383 Aliter:
507 2341 659 2395 spem
703 2322 1121 2385 resurrectionis
1164 2322 1352 2380 volens
1390 2319 1723 2384 ostendere,
1756 2318 1858 2374 hoc

257 2419 391 2475 dicit
416 2401 613 2487 °/sicut
664 2418 717 2473 in
772 2418 942 2475 Adam
996 2416 1254 2487 mortales
1300 2429 1522 2473 sumus:
1566 2412 1647 2470 sic
1702 2421 1759 2473 et
1802 2413 1856 2468 in

258 2509 484 2566 Christo
515 2509 847 2565 immortales
877 2485 1157 2591 erimus./

336 2602 402 2656 Et
434 2604 564 2657 sicut
592 2604 649 2657 in
684 2604 853 2657 Adam
887 2619 1062 2657 omnes
1091 2603 1388 2657 moriuntur
1411 2616 1430 2655 :
1460 2601 1533 2653 ita
1560 2608 1607 2654 et
1634 2598 1687 2653 in
1708 2596 1857 2651 Chri-

259 2705 343 2750 sto
380 2712 553 2751 omnes
582 2695 994 2765 viviﬁcabuntur.
1035 2694 1238 2751 Omnes
1270 2693 1491 2764 quidem
1531 2699 1812 2759 resurgent
1838 2731 1853 2756 ,

260 2785 361 2841 sed
413 2786 515 2841 soli
570 2785 623 2840 hi
678 2785 1098 2841 viviﬁcabuntur
1143 2786 1199 2840 in
1245 2784 1487 2849 Christo,
1519 2783 1613 2854 qui
1652 2780 1854 2841 Christi

260 2876 622 2937 merebuntur
662 2878 907 2948 copulari
942 2876 1181 2948 corpori.
1224 2875 1357 2932 item
1383 2882 1441 2932 et
1472 2873 1541 2937 de
1578 2871 1852 2928 communi

259 2976 460 3032 morte,
484 2977 536 3021 et
562 2967 630 3024 de
655 2968 1052 3025 resurrectione
1081 2968 1230 3024 dicit.

336 3058 701 3131 Unusquisque
745 3071 919 3114 autem
955 3060 1007 3115 in
1049 3075 1143 3115 suo
1190 3059 1391 3115 ordine.
1436 3054 1723 3129 Temporis
1767 3054 1852 3109 vel

256 3150 505 3213 honoris.

328 3243 589 3300 Primitiae
614 3245 847 3302 Christus
872 3259 890 3298 :
914 3242 1107 3301 deinde
1131 3242 1207 3309 hi,
1238 3243 1325 3314 qui
1362 3253 1482 3297 sunt
1511 3239 1735 3296 Christi:
1763 3238 1849 3310 qui

252 3340 306 3394 in
335 3339 559 3395 adventu
598 3343 712 3412 ejus
755 3339 1106 3393 crediderunt.
1149 3334 1355 3391 Deinde
1384 3337 1528 3406 ﬁnis.
1560 3335 1712 3390 Tunc
1746 3333 1850 3390 erit

251 3431 379 3487 linis
416 3433 681 3503 omnium,
730 3433 892 3488 etiam
951 3430 1161 3496 mortis,
1210 3445 1332 3485 cum
1382 3428 1621 3485 universi
1665 3442 1849 3484 resur-

248 3535 400 3598 gent.

322 3620 455 3675 Cum
479 3619 752 3674 tradiderit
773 3634 988 3690 regnum
1015 3618 1119 3674 Deo
1143 3625 1192 3671 et
1226 3616 1395 3671 Patri.
1424 3615 1672 3686 Regnum
1699 3613 1849 3669 scili-

248 3725 339 3771 cet
369 3714 590 3770 humaui
619 3716 866 3785 generis,
900 3714 1199 3770 secundum
1236 3712 1380 3769 Petri
1429 3710 1718 3781 epistulam
1745 3748 1762 3774 ,
1793 3716 1847 3763 et

245 3804 634 3877 Apocalypsim
660 3805 907 3873 Joannis,
940 3805 1087 3861 Patri
1118 3803 1442 3861 tradendum
1485 3801 1683 3858 asserit
1726 3814 1846 3855 esse

246 3912 344 3967 per
374 3898 571 3954 Filium
597 3918 609 3952 :
645 3909 702 3954 ut
734 3901 807 3955 ibi
831 3908 1025 3971 regnet
1052 3900 1194 3955 Deus
1224 3913 1320 3969 per
1349 3897 1603 3969 gloriam,
1632 3895 1723 3952 ubi
1753 3911 1847 3965 per

248 3991 383 4047 vitia
406 3992 661 4046 diabolus
683 4000 810 4047 ante
837 3992 1120 4059 regnabat.
1149 3990 1257 4044 Deo
1288 3997 1345 4045 et
1378 3987 1546 4043 Patri.
1584 3988 1724 4052 Deo,
1756 4002 1845 4040 se-

243 4084 487 4141 cundum
530 4084 953 4139 humanitatem:
999 4081 1182 4145 Patri,
1219 4080 1519 4137 secundum
1562 4080 1842 4135 deitatem.

245 4176 363 4230 lloc
385 4176 508 4231 loco
530 4175 848 4229 calumniari
873 4175 1053 4230 solent
1092 4172 1311 4238 Ariani,
1343 4173 1624 4238 dicentes,
1667 4173 1843 4226 mino-

244 4282 365 4326 πολι
392 4282 515 4327 esse
551 4266 777 4322 Filium.
829 4267 888 4322 Si
924 4266 1070 4323 enim
1103 4264 1321 4331 tradet,
1358 4264 1648 4334 inquiunt,
1699 4263 1844 4317 Patri

245 4376 515 4431 regnum:
560 4359 679 4429 ipse
726 4361 911 4431 utique
950 4360 1061 4429 jam
1108 4374 1338 4430 regnare
1366 4359 1603 4415 desinet.
1637 4358 1846 4427 Quibus

246 4454 421 4523 primo
453 4453 749 4509 dicendum
768 4460 893 4511 est:
920 4453 1047 4523 quia
1073 4451 1161 4508 hic
1180 4468 1289 4508 non
1315 4452 1384 4511 de
1406 4452 1690 4509 Trinitatis
1716 4451 1846 4506 sub-

1963 479 2133 537 dicit:
2166 480 2337 541 Nemo
2372 480 2523 535 venit
2546 480 2619 534 ad
2640 479 2880 547 Patrem,
2912 480 3014 535 nisi
3042 498 3135 549 per
3166 497 3273 537 me.

2035 573 2166 628 Cum
2188 573 2511 653 concitaverit
2534 588 2737 627 omnem
2764 573 3133 644 principatum,
3164 584 3210 629 et
3234 581 3561 644 potestatem,

1963 672 2012 719 et
2040 665 2297 723 virtutem.
2330 664 2611 720 Evaeuatis
2633 663 2887 733 peccatis,
2912 663 3323 719 evaruabuntur
3344 679 3374 717 a
3406 663 3562 720 nobis

1965 772 2157 815 omnes
2194 758 2485 814 contrariae
2517 764 2814 827 potestates
2846 773 2860 810 :
2890 755 2962 811 ab
2990 770 3060 812 eo
3080 796 3095 821 ,
3133 754 3278 828 quod
3308 755 3466 813 nobis
3504 770 3563 812 se

1962 852 2317 921 sequentibus
2356 850 2739 921 principantur
2779 857 3084 919 potestate,
3130 863 3238 920 qua
3278 863 3379 905 nos
3410 848 3560 906 vice—

1965 952 2108 999 rant.
2148 945 2327 1000 \‘irtus
2351 945 2499 1000 enim
2522 960 2736 1013 eorum,
2772 952 2959 1000 nostra
2988 952 3210 1015 peccata
3242 952 3391 999 sunt.

2041 1035 2255 1106 Oportet
2301 1047 2483 1092 autem
2519 1037 2669 1093 illum
2720 1053 2959 1107 regnare,
3005 1037 3168 1090 donec
3206 1045 3385 1109 ponat.
3425 1034 3561 1097 Cum

1965 1127 2221 1183 omnibus
2251 1128 2467 1183 scilicet
2494 1130 2626 1184 suis.
2662 1128 2878 1195 Donec,
2911 1144 3018 1183 non
3049 1143 3273 1199 semper
3306 1128 3469 1184 linem
3494 1130 3568 1183 si-

1961 1218 2184 1290 gniﬁcat
2208 1237 2222 1274 :
2250 1221 2394 1276 sicut
2413 1229 2498 1275 est
2527 1221 2657 1276 illud
2684 1240 2697 1277 :
2731 1221 2846 1293 Ego
2869 1222 3013 1277 Deus
3042 1229 3248 1287 vester,
3276 1221 3451 1278 donec
3479 1237 3568 1280 se-

1967 1310 2236 1377 nescatis,
2268 1320 2325 1367 et
2367 1320 2565 1368 caetera
2609 1312 2758 1367 talia.
2807 1314 3025 1368 Aliter:
3051 1312 3316 1383 Oportet,
3350 1315 3566 1385 inquit,

1964 1419 2193 1475 regnare
2222 1404 2475 1460 omnibus
2503 1405 2805 1472 Christum,
2837 1406 3015 1462 donec
3047 1407 3318 1475 inimicos,
3343 1419 3398 1462 et
3424 1408 3476 1462 in
3508 1421 3568 1463 se

1966 1497 2303 1562 incredulos,
2327 1499 2583 1568 subjiciat
2606 1498 2710 1554 sibi
2730 1506 2785 1553 et
2808 1498 2977 1555 Patri.
3008 1499 3127 1555 Non
3148 1510 3230 1555 cst
3252 1508 3431 1556 autem
3462 1515 3567 1555 una

1964 1590 2232 1662 subjectio
2263 1609 2276 1645 :
2310 1606 2433 1646 nam
2464 1592 2645 1660 justos
2668 1633 2684 1656 ,
2716 1592 2787 1647 ad
2819 1606 2878 1648 se
2908 1591 3015 1647 ﬁde
3044 1600 3099 1648 et
3124 1593 3447 1647 credulitate
3473 1607 3568 1648 ve-

1966 1682 2201 1745 nientes,
2220 1681 2456 1752 subjicit.
2484 1680 2958 1748 lnﬁdelesautem,
2975 1691 3026 1737 et
3043 1681 3239 1752 impios
3253 1681 3561 1751 destruens,

1890 1784 1939 1845 Β
1965 1772 2278 1843 subjugabit
2299 1783 2506 1830 aeterno
2538 1774 2813 1844 supplicio
2841 1773 3203 1844 deputandos.

2038 1867 2227 1925 Omnes
2245 1867 2485 1921 inimicos
2506 1866 2596 1922 sub
2619 1868 2837 1937 pedibus
2857 1871 2992 1941 ejus.
3013 1868 3242 1938 Quando
3260 1867 3349 1924 alii
3372 1868 3567 1923 volun-

1965 1967 2099 2027 tate,
2126 1958 2220 2015 alii
2244 1967 2403 2013 erunt
2429 1959 2758 2015 necessitate
2786 1959 3043 2029 subjecti.

2034 2051 2327 2107 Novissime
2361 2059 2533 2105 autem
2568 2051 2785 2107 inimica
2821 2051 3117 2106 destruetur
3169 2068 3330 2107 mors.
3374 2052 3565 2107 Omnia

1963 2143 2107 2199 enim
2125 2141 2351 2216 subjecit
2376 2142 2472 2196 sub
2500 2141 2722 2213 pedibus
2744 2142 2883 2211 eius.
2912 2140 3043 2197 Cum
3071 2151 3245 2198 autem
3264 2143 3425 2211 dicat,
3454 2160 3564 2197 ont-

1960 2235 2048 2288 nia
2075 2234 2307 2303 subiecta
2335 2243 2455 2288 sunt
2474 2233 2541 2288 ci.
2567 2232 2848 2298 Diabolus,
2878 2232 2971 2304 qui
2993 2232 3053 2289 in
3079 2233 3409 2304 Apocalypsi
3436 2250 3563 2303 pec-

1960 2338 2141 2385 catum
2164 2340 2217 2384 et
2248 2342 2396 2382 mors
2432 2327 2787 2398 appellatur:
2819 2327 2947 2398 quia
2989 2336 3181 2383 auctor
3221 2336 3312 2383 est
3352 2328 3559 2398 peccati

1959 2429 2017 2475 et
2042 2417 2254 2475 mortis.

2032 2512 2233 2567 Praeter
2257 2528 2375 2566 eum
2400 2553 2415 2578 ,
2450 2510 2539 2582 qui
2568 2511 2785 2582 subjecit
2811 2510 2860 2567 ei
2899 2512 3093 2567 omnia.
3123 2508 3293 2567 Caute
3323 2510 3559 2581 Aposto-

1958 2602 2042 2659 lus
2067 2604 2198 2659 dicit
2225 2602 2363 2658 Filio
2382 2645 2397 2669 ,
2421 2607 2511 2674 qui
2542 2603 2651 2659 Deo
2679 2602 2825 2658 Patri
2857 2603 3090 2672 subjecit
3112 2603 3291 2658 omnia
3314 2642 3330 2667 ,
3360 2615 3554 2658 cuncta

1958 2713 2087 2753 esse
2116 2697 2399 2766 subjecta:
2442 2711 2515 2752 ne
2550 2703 2608 2751 et
2640 2697 2814 2765 ipsum
2853 2696 3056 2760 simul,
3105 2710 3228 2752 cum
3276 2695 3550 2763 omnibus,

1957 2806 2077 2862 quae
2106 2790 2347 2858 subjecta
2377 2801 2534 2853 sunt,
2577 2790 2867 2846 credamus
2891 2804 3015 2846 esse
3042 2789 3388 2859 subjectum,
3420 2805 3554 2859 quo-

1958 2883 2105 2938 niam
2133 2898 2160 2935 a
2193 2882 2397 2938 dextris
2423 2882 2602 2939 Patris
2644 2880 2838 2939 sedet:
2869 2880 3063 2952 aequali
3108 2891 3376 2952 potestate
3425 2897 3550 2938 eum

1957 2974 2118 3030 Patre
2138 2974 2500 3044 judicatnrus.

2026 3066 2154 3123 Cum
2177 3076 2349 3122 autem
2373 3067 2608 3139 subjecta
2638 3068 2830 3139 fuerint
2868 3065 2949 3121 illi
2980 3069 3187 3133 omnia,
3223 3075 3345 3122 tunc
3364 3076 3411 3123 et
3442 3068 3551 3135 ipse

1880 3170 1926 3236 ο
1961 3159 2135 3216 Filius
2157 3159 2418 3229 subjectus
2446 3161 2544 3215 erit
2567 3161 2678 3228 illi,
2704 3161 2792 3230 qui
2822 3162 3043 3233 subjecit
3085 3161 3186 3215 sibi
3225 3162 3419 3215 omnia.
3452 3162 3552 3218 llic

1955 3265 2168 3323 quoque
2195 3249 2379 3306 Ariani
2414 3250 2484 3307 ita
2514 3251 2934 3317 calumniantur,
2963 3259 3021 3309 ut
3044 3250 3250 3315 dicant,
3279 3251 3403 3318 quia
3430 3260 3552 3319 post

1952 3342 2411 3400 resurrectionem
2459 3342 2703 3397 onmium
2746 3350 2801 3397 et
2832 3342 2992 3395 tinem
3017 3381 3032 3406 ,
3064 3342 3171 3395 erit
3201 3340 3378 3396 Filius
3408 3341 3553 3396 Patri

1949 3438 2247 3508 subjectus,
2282 3446 2342 3492 ut
2370 3437 2548 3491 minor
2576 3437 2787 3492 scilicet
2828 3435 3043 3505 majori.
3078 3435 3285 3503 Quibus
3316 3452 3547 3506 reapon-

1950 3528 2183 3586 dendum
2219 3538 2300 3582 est
2325 3544 2339 3581 :
2362 3526 2771 3594 Subjectiouem
2816 3542 2927 3580 non
2956 3540 3177 3596 semper
3207 3527 3274 3581 ad
3306 3526 3545 3585 diminu-

1951 3621 2151 3677 tionem
2182 3618 2405 3674 honoris
2432 3617 2724 3687 pertinere,
2751 3618 2846 3673 scd
2868 3619 3032 3673 etiam
3061 3618 3127 3673 ad
3155 3618 3440 3676 cbaritatis
3466 3620 3547 3675 oi-

1950 3711 2166 3767 licium:
2198 3710 2434 3766 maxime
2473 3724 2595 3764 cum
2637 3718 2691 3765 et
2735 3709 2960 3778 spiritus
2989 3709 3377 3780 prophetarum
3424 3722 3549 3781 pro-

1948 3806 2128 3877 phetis
2152 3804 2367 3859 dicatur
2386 3818 2510 3859 esse
2531 3802 2832 3871 subjectus,
2856 3810 2917 3857 nt
2944 3817 3052 3857 non
3079 3804 3149 3858 sit
3173 3802 3316 3859 Deus
3342 3802 3412 3859 ibi
3436 3803 3548 3860 dis-

1948 3902 2244 3967 sensionis,
2269 3899 2366 3956 sed
2398 3900 2567 3969 pacis.
2595 3899 2662 3955 Et
2692 3900 2809 3969 ipse
2839 3898 3097 3953 Dominus
3117 3897 3317 3969 Ioseph
3346 3913 3409 3954 ac
3430 3898 3543 3953 Ma-

1949 3998 2043 4053 ria:
2068 3994 2324 4052 scribitur
2347 3994 2515 4048 fuisse
2542 3992 2843 4062 subjectus.
2875 3991 3024 4047 Multi
3048 4008 3179 4048 sane
3219 3993 3286 4047 de
3314 3992 3417 4046 hoc
3449 4005 3544 4046 ca-

1950 4089 2121 4163 pitulo
2143 4088 2365 4145 diversa
2390 4095 2703 4143 senserunt.
2730 4087 2865 4141 Nam
2888 4086 3111 4156 quidam
3138 4085 3332 4140 dicunt
3356 4125 3371 4151 ,
3404 4083 3547 4140 sicut

1949 4182 2005 4237 in
2035 4181 2149 4237 suis
2186 4178 2552 4235 esurientibtts
2589 4178 2806 4245 esuriit,
2850 4178 2937 4233 vel
2983 4177 3238 4232 cibatur:
3280 4174 3352 4229 ita
3392 4185 3444 4229 et
3488 4175 3541 4230 in

1949 4272 2194 4330 Ecclesia
2229 4272 2389 4343 (qua:
2416 4280 2499 4327 est
2532 4286 2735 4341 corpus
2764 4268 2922 4343 ejus)
2954 4271 3069 4340 ipse
3098 4268 3401 4339 subjicitur.
3436 4267 3543 4324 Alii

1948 4366 2119 4432 aiunt,
2150 4363 2293 4434 quod
2343 4364 2456 4433 ipsa
2492 4363 2728 4418 humana
2776 4370 2966 4417 natura
2990 4402 3005 4426 ,
3051 4376 3212 4432 quam
3244 4359 3442 4424 induit,
3486 4360 3539 4416 in

1947 4458 2243 4529 gratiarum
2288 4459 2560 4514 actionem
2592 4470 2806 4526 semper
2838 4455 2909 4509 sit
2945 4453 3188 4523 subjecta
3228 4452 3539 4509 divinitati:

244 4547 465 4609 stantia,
495 4545 591 4601 sed
613 4544 682 4601 de
706 4546 1116 4603 resurrectione
1137 4545 1443 4607 conﬁrmat.
1480 4545 1625 4617 Ergo
1645 4559 1840 4601 secun—
1869 4556 1917 4616 ι)
1946 4550 2034 4606 cui
2061 4565 2245 4608 secum
2279 4565 2444 4605 unum
2484 4547 2734 4604 faciendo
2755 4588 2773 4613 ,
2815 4545 2997 4601 omnia
3028 4544 3347 4615 subiecerit.
3389 4544 3541 4602 Multi

245 4636 368 4694 dum
400 4639 765 4695 substantiam
793 4638 912 4709 ejus
941 4638 1203 4707 loquitur,
1224 4637 1321 4710 qui
1347 4653 1377 4693 a
1404 4639 1632 4694 mortuis
1657 4652 1838 4694 resur-

246 4718 404 4787 rexit.
444 4731 504 4789 Si
544 4743 722 4788 tamen
765 4732 889 4787 ideo
936 4731 1185 4788 Christus
1239 4746 1346 4788 non
1402 4731 1669 4804 regnabit,
1710 4732 1836 4803 quia

246 4838 472 4894 regnum
510 4826 806 4881 traditurus
838 4834 920 4881 est
950 4825 1095 4879 Patri
1121 4841 1134 4878 :
1166 4839 1299 4895 ergo
1334 4840 1438 4879 nec
1458 4824 1618 4881 Pater
1647 4839 1840 4895 regna-

247 4925 351 4980 rat,
378 4924 673 4988 antequam
713 4916 764 4973 ei
808 4916 1055 4972 tradatur
1090 4930 1123 4971 a
1166 4914 1326 4971 Filio.
1371 4914 1630 4973 Siautem
1678 4915 1839 4971 Pater

250 5020 354 5063 non
382 5017 508 5065 tunc
538 5009 776 5080 primum
816 5010 1081 5081 regnavit,
1121 5008 1367 5081 quamvis
1414 5015 1542 5064 tunc
1580 5007 1838 5078 suscipiat

251 5113 512 5169 regnum:
542 5118 646 5159 nec
676 5102 848 5158 Filius
872 5101 1040 5170 illud,
1065 5101 1313 5173 quamvis
1344 5110 1470 5156 tunc
1512 5101 1727 5156 tradere
1756 5102 1837 5157 vi-

253 5186 460 5260 deatur,
492 5194 717 5254 amittit.
753 5194 969 5255 Aliter;
1004 5193 1062 5250 ιιι
1106 5193 1210 5249 hoc
1250 5192 1365 5248 Deo
1408 5198 1549 5263 patri
1590 5191 1835 5250 Christus

254 5290 474 5349 regnum
490 5284 674 5351 tradit,
698 5286 957 5359 quoniam
981 5300 1142 5342 nemo
1164 5293 1337 5356 potest
1359 5284 1424 5339 ad
1446 5284 1665 5342 Patrem
1686 5285 1832 5342 veni-

326 5483 572 5561 ‘_Vlesrii
591 5504 692 5558 pro
708 5493 937 5548 mortuis
958 5491 1212 5561 baptismi
1236 5507 1444 5549 morem
1457 5489 1655 5560 respici
1678 5488 1825 5546 hisce

253 5553 323 5639 ab
348 5553 608 5639 Apostolo
642 5562 820 5639 verbis
847 5553 1089 5639 ,_scriliit
1118 5553 1680 5639 Epiphaniushaires.
1726 5562 1821 5639 εδ.

254 5621 985 5712 Prtccujus.sententia:th
1018 5643 1114 5712 est_
1144 5621 1274 5712 vero
1324 5637 1544 5712 propior
1586 5633 1825 5712 auctoris

253 5699 443 5777 nostri,
463 5700 562 5777 .qui
589 5700 643 5777 in
673 5699 868 5777 Christi
896 5713 1072 5777 morte
1092 5699 1365 5777 baptizari
1388 5699 1645 5777 eiplieat.
1678 5705 1821 5759 Con-

253 5764 333 5821 ler
379 5764 545 5839 ipsius
597 5772 845 5846 Apostoli
886 5775 1048 5831 aliam
1088 5764 1385 5847 Epistulam
1434 5764 1504 5834 a'd
1540 5775 1824 5835 Romanos

1942 4640 2106 4697 etiam
2136 4640 2265 4706 alia,
2286 4649 2343 4696 et
2370 4639 2594 4695 diversa
2619 4637 2841 4705 dicunt,
2875 4650 2996 4707 quae
3030 4637 3279 4692 inserere
3320 4644 3378 4691 et
3400 4651 3538 4691 enu-

1942 4745 2158 4789 merare
2184 4732 2454 4801 prolixum
2483 4738 2587 4785 est.

2016 4830 2085 4885 Ut
2116 4829 2182 4883 sit
2206 4827 2345 4882 Deus
2379 4826 2553 4880 omnia
2583 4825 2637 4879 in
2680 4824 2935 4880 omnibus.
2968 4822 3122 4878 Tune
3169 4822 3313 4877 Deus
3356 4821 3540 4878 omnia

1940 4922 1993 4976 in
2026 4919 2278 4975 omnibus
2313 4918 2437 4982 erit,
2464 4931 2590 4972 cum
2619 4924 2878 4971 evacuate
2913 4923 3125 4983 morte,
3160 4924 3215 4970 et
3244 4915 3392 4969 omni
3423 4928 3541 4969 ma-

1940 5013 2075 5078 litia,
2104 5011 2191 5067 vel
2214 5024 2401 5065 errore
2438 5008 2740 5072 destructo,
2765 5007 2917 5063 solus
2940 5006 3188 5077 regnabit
3218 5007 3272 5062 iu
3302 5007 3536 5063 cunctis.

2011 5103 2258 5174 Alioquin
2278 5102 2402 5173 quid
2428 5101 2645 5173 facient,
2672 5101 2763 5171 qui
2792 5098 3122 5173 baptizantur
3146 5115 3240 5171 pro
3271 5099 3490 5155 mortuis
3513 5100 3540 5153 ?

1936 5192 2276 5269 Quicumque
2331 5193 2587 5265 baptizati
2636 5208 2825 5249 sumus
2868 5194 2921 5249 in
2954 5191 3218 5263 Christo,
3257 5194 3313 5248 in
3364 5198 3538 5247 morte

1939 5300 1967 5330 ι
1996 5288 2168 5361 ipsius
2197 5286 2454 5359 baptizati
2481 5298 2691 5354 sumus,
2725 5285 2781 5343 id
2801 5295 2917 5352 est,
2945 5286 3058 5357 jam
3085 5285 3240 5357 quasi
3263 5298 3537 5340 commor-

1930 5505 1982 5543 vt
2012 5491 2065 5544 5.
2101 5487 2266 5542 Paulo
2296 5486 2453 5541 aliter
2476 5484 2703 5539 Cosmas
2739 5484 3113 5555 lndopleustes
3158 5494 3253 5555 vm
3296 5493 3347 5549 p.
3379 5476 3527 5548 280:

1930 5560 2283 5645 Βαπτςιζόμεθα
2316 5559 2698 5645 agonum-repeto
2742 5554 2887 5645 {ante
2920 5562 3022 5645 ergo
3044 5554 3300 5645 ἧμετὲρωγ
3340 5555 3532 5645 νξξρῶν

1931 5619 2181 5703 copem;
2210 5619 2575 5688 κατὰδύνοντες
2609 5619 2658 5681 ’ἐν
2688 5636 2761 5700 τῷ
2785 5619 2913 5700 ἀθέῳ
2939 5624 3124 5703 ὕδατιὶ
3147 5619 3230 5703 xci!
3258 5619 3532 5703 δεναδύιεογ-

1931 5691 2020 5763 ?ch
2042 5701 2132 5757 ἀπ’
2152 5702 2393 5769 ἐνθεῦθεν,
2428 5691 2743 5770 μιμούμενοί
2760 5691 2966 5770 θάῖδαὲον
2990 5700 3077 5770 na}
3093 5691 3405 5770 audaciora.
3435 5691 3529 5770 lsi-

1932 5762 2103 5832 dorus
2132 5787 2346 5847 quoque
2374 5762 2651 5829 Pelusio'tu
2683 5772 2721 5828 Ι.
2756 5786 2775 5827 t
2810 5769 2972 5843 epist.
3008 5767 3109 5825 εει
3140 5762 3529 5834 εΒαπτιζόμιθα
