4030 6202
456 267 563 326 767

1497 256 1557 312 S.
1600 250 1987 311 IlIERONYMl
2025 247 2311 307 OPERUM
2351 242 2719 304 MANTISSA.

3666 237 3805 298 768

466 384 546 442 tui
599 400 725 444 cum
765 382 858 440 illo
908 391 1118 437 sumus.
1158 372 1303 441 Quid
1338 384 1469 442 ergo
1517 367 1744 440 prodest
1789 380 1888 423 nos
1933 364 2059 421 huic
2084 364 2139 426 Α
2235 362 2513 434 Evigilate,
2556 358 2715 433 justi,
2743 366 2790 415 et
2833 356 2991 415 nolite
3031 371 3262 430 peccare.
3313 354 3409 413 Ille
3447 354 3637 427 justus
3665 365 3800 428 est,

464 481 673 537 mundo
702 475 875 540 mori,
914 472 960 527 si
989 471 1133 525 hunc
1177 470 1547 535 contemptum
1593 461 1930 532 voluptatum
1981 457 2067 513 vi—

471 582 526 629 ta
559 588 670 629 non
699 567 943 638 sequitur
973 557 1219 616 aeterna?
1250 556 1385 613 Item
1417 554 1523 611 hoc
1547 560 1632 608 est
1653 594 1670 620 ,
1716 549 1865 623 quod
1894 547 2065 617 dicit,

2171 456 2266 528 qui
2297 471 2404 512 non
2436 461 2649 525 peccat.

2243 547 2611 621 Ignorantiam
2660 543 2797 599 enim
2843 541 2943 597 Dei
2989 541 3203 613 quidam
3253 540 3462 597 habent.
3514 542 3805 613 Ignorant

470 666 600 738 quia
647 633 966 719 nou-solum
1016 658 1240 724 propter
1293 647 1672 706 remissionem
1718 651 2069 715 peccatorum
2172 642 2425 697 virtutem
2455 639 2571 707 Dei,
2615 637 2709 709 qui
2738 650 2864 693 eum
2897 643 3091 706 putant
3120 633 3392 690 suscitare
3419 648 3532 689 non
3561 649 3799 707 posse:

473 734 848 829 baptizautur,
881 748 977 805 sed
1019 756 1073 802 et
1108 751 1334 816 propter
1376 737 1835 797 resurrectionem
1887 734 2073 789 carnis

475 826 700 907 nostrai.
727 846 961 903 Carnem
1002 848 1183 895 autem
1213 846 1458 892 nostram
1500 838 1768 888 mortuam
1797 826 2071 899 appellat,

475 940 735 1013 quoniam
764 935 865 991 hac
886 942 1066 989 morte
1090 928 1269 985 anima
1298 941 1404 983 non
1435 922 1690 980 moritur.
1714 919 1870 977 Unde
1898 919 2076 974 incre-

479 1031 662 1105 pando
707 1029 825 1084 ait:
866 1026 975 1083 Aut
1022 1021 1151 1095 quid
1189 1019 1425 1084 facient,
1466 1016 1558 1087 qui
1587 1013 1938 1085 baptizantur
1980 1024 2077 1081 pro

481 1104 750 1188 mortuis,
791 1118 838 1174 si
866 1116 1092 1173 omnino
1132 1112 1332 1169 mortui
1362 1126 1473 1166 non
1510 1106 1842 1178 resurgunt?
1865 1104 1922 1160 Id
1950 1113 2033 1159 est
2058 1144 2075 1172 ,

483 1214 616 1287 quid
648 1209 909 1282 baptizari
942 1222 1080 1279 opus
1104 1214 1190 1262 est
1214 1217 1439 1261 carnem
1461 1246 1477 1272 ,
1512 1200 1688 1256 sinon
1719 1196 2008 1267 resurgat?

561 1306 623 1362 Si
662 1304 871 1358 omnino
902 1299 1093 1353 mortui
1147 1313 1248 1351 non
1290 1301 1585 1363 resurgunt,
1618 1289 1802 1359 utquid
1824 1296 1872 1344 et
1911 1286 2083 1355 bapti-

486 1406 676 1453 cantur
729 1409 822 1463 pro
865 1390 1021 1447 illis?
1072 1388 1265 1460 thuid
1319 1395 1367 1442 et
1413 1402 1505 1440 nos
1551 1382 1905 1456 periclitamur
1946 1378 2085 1433 omni

491 1490 657 1545 hora?
678 1486 735 1543 Si
758 1485 896 1541 nihil
920 1491 1071 1541 esset
1096 1483 1151 1537 in
1178 1480 1383 1548 futuro,
1410 1492 1518 1534 non
1537 1488 1755 1533 eramus
1778 1483 1885 1530 tam
1909 1471 2084 1540 stulti,

494 1592 554 1640 ut
576 1590 751 1638 tantas
776 1576 1160 1635 tribulationes
1188 1590 1286 1646 pro
1312 1573 1419 1630 illis
1449 1583 1781 1643 pateremur.

571 1673 813 1743 Quotidie
856 1672 1066 1726 morior.
1111 1669 1340 1740 Semper
1386 1674 1602 1737 paratus
1645 1663 1711 1718 ad
1742 1670 1993 1727 mortem,
2038 1667 2093 1715 et

2180 733 2480 807 potentiam
2508 730 2626 801 ejus
2653 744 2722 787 ex
2751 744 2849 784 sua
2877 726 3248 783 imbecillitate
3274 736 3591 783 censentes.

2247 828 2329 883 Ad
2370 825 2707 881 reverentiam
2746 821 2885 877 vobis
2924 822 3127 892 loquor.
3179 818 3252 877 Ut
3289 820 3638 876 erubescatis
3688 834 3806 877 vos

2183 920 2270 977 bis
2300 916 2668 985 sermonibus,
2693 923 2965 985 tamquam
2996 911 3173 968 adhuc
3195 912 3454 983 parvulos
3479 912 3722 969 erudiri.

2254 1015 2362 1072 Sed
2406 1013 2543 1068 dicet
2589 1011 2802 1080 aliquis.
2844 1010 2966 1079 Ipse
3016 1008 3120 1063 sibi
3174 1024 3242 1063 ex
3289 1007 3807 1064 eontradicentium

2182 1123 2413 1183 persona
2468 1105 2742 1178 proponit.
2797 1104 2974 1159 Aliter
3036 1118 3050 1154 :
3110 1101 3442 1158 Prmclarum
3500 1101 3607 1157 hoc
3669 1103 3808 1158 loco

2182 1202 2479 1275 Apostolus
2534 1200 2604 1256 de
2659 1196 3064 1256 resurrectione
3115 1196 3320 1262 carnis,
3380 1196 3802 1251 lrumentorum

2185 1298 2350 1356 sumit
2387 1293 2731 1366 exemplum,
2774 1306 3005 1363 quorum
3051 1304 3264 1358 semen,
3296 1304 3419 1345 cum
3454 1289 3668 1344 nudum
3711 1303 3811 1343 se-

2184 1401 2361 1459 ratur,
2396 1405 2502 1445 non
2536 1388 2611 1444 ita
2640 1397 2697 1442 ut
2741 1396 2902 1441 terra:
2948 1382 3258 1450 mandatur,
3290 1381 3598 1438 renascitur
3632 1397 3652 1436 :
3693 1379 3809 1437 sui

2190 1487 2331 1542 sicut
2370 1484 2425 1540 in
2470 1481 2737 1555 principio
2771 1477 3073 1535 secundum
3102 1475 3342 1531 ordinem
3372 1474 3665 1545 unicuique
3701 1490 3808 1529 se-

2192 1582 2418 1643 minum,
2452 1577 2611 1649 quale
2644 1588 2846 1644 corpus
2871 1573 3017 1629 Deus
3056 1586 3179 1627 esse
3209 1568 3475 1640 prmeepit,
3502 1577 3557 1624 et
3585 1582 3804 1638 quem-

2196 1674 2487 1731 admodum
2523 1669 2687 1742 jussit
2730 1676 2934 1722 terram
2966 1663 3270 1735 producere
3296 1661 3638 1717 ordinatione
3666 1674 3807 1725 sua,

496 1767 743 1841 quotidie
784 1772 1045 1834 exspecto
1074 1777 1162 1818 me
1194 1776 1291 1833 pro
1331 1768 1514 1815 vestra
1542 1757 1713 1828 gloria
1744 1755 2090 1811 moriturum.

2230 1777 2360 1825 ,urat
2393 1775 2449 1823 et
2488 1770 2791 1836 permanet.
2832 1761 2911 1816 Ita
2942 1768 2997 1815 ct
3043 1758 3340 1824 unicuique
3366 1755 3651 1812 hominum
3681 1768 3815 1810 ear-

572 1863 679 1918 Per
703 1868 925 1917 vestram
964 1857 1205 1929 gloriam,
1231 1855 1441 1925 fratres.
1469 1852 1596 1917 Per,
1629 1865 1737 1905 non
1780 1861 1996 1918 semper
2026 1844 2099 1902 si-

505 1955 784 2030 gniﬁcatio
808 1950 1105 2025 juramenti
1135 1958 1239 2005 est.
1270 1946 1405 2004 Nam
1438 1945 1486 2000 si
1526 1944 1723 2006 dicam,
1756 1957 1853 2013 per
1872 1954 2100 2012 puerum

502 2051 629 2108 misi
656 2066 670 2111 :
702 2063 809 2104 non
840 2046 1020 2101 statim
1041 2058 1136 2115 per
1157 2055 1384 2114 puerum
1411 2036 1648 2110 jurasse,
1672 2044 1823 2092 recte
1848 2033 2100 2105 putabor.

582 2142 751 2210 Quam
778 2138 941 2193 habeo
987 2138 1039 2191 in
1068 2134 1274 2192 Christo
1309 2131 1439 2187 Iesu
1483 2128 1709 2183 Domino
1758 2136 1956 2181 nostra.
1990 2124 2105 2195 Ego

507 2235 689 2293 habeo
736 2231 1047 2291 mercedem
1086 2230 1353 2287 laborum.
1382 2226 1438 2283 in
1480 2223 1672 2280 vobis:
1717 2222 1883 2279 etiam
1930 2220 1977 2278 si
2008 2233 2106 2275 vos

509 2328 778 2401 prolicere
805 2324 1109 2381 nolueritis.

587 2419 649 2476 Si
677 2418 965 2473 secundum
1006 2412 1266 2469 hominem
1302 2410 1372 2463 ad
1412 2410 1598 2464 bestias
1623 2406 1851 2481 pugnavi
1894 2402 2107 2477 Ephesi,

510 2512 641 2585 quid
679 2510 808 2566 mihi
839 2509 1069 2582 prodest,
1109 2508 1155 2561 si
1184 2504 1376 2560 mortui
1408 2519 1507 2557 non
1534 2501 1847 2574 resurgunt?
1891 2498 1947 2555 Si
1976 2496 2111 2553 nihil

515 2604 973 2667 remunerationis
994 2618 1023 2658 a
1041 2602 1154 2658 Deo
1172 2615 1271 2672 pro
1291 2599 1399 2654 hoc
1420 2597 1718 2654 certamine
1740 2608 1926 2666 spero,
1946 2605 2114 2663 quare

515 2700 776 2773 pugnavi,
823 2708 880 2752 ut
910 2695 1219 2750 hominibus
1247 2692 1388 2747 forte
1415 2689 1725 2762 placerem?
1754 2688 1964 2743 Aliter:
2015 2684 2116 2741 llic

517 2794 724 2849 bestias
751 2805 847 2847 eos
875 2795 1287 2853 commemorat,
1318 2786 1408 2855 qui
1434 2782 1636 2855 Ephesi
1660 2781 1983 2839 seditionem
2012 2778 2114 2834 ad—

522 2895 720 2939 versus
766 2896 890 2937 eum
934 2888 1219 2936 moverant
1271 2876 1609 2947 popularem,
1664 2880 1885 2945 propter
1931 2872 2115 2926 Diana:

524 2975 763 3043 idolum,
829 2974 984 3046 cujus
1041 2973 1308 3029 culturam
1365 2968 1753 3040 praedicatione
1816 2963 2116 3037 apostolica

522 3068 856 3125 destruebat.
906 3065 1059 3137 Quod
1091 3073 1271 3120 autem
1303 3062 1591 3119 manifeste
1624 3067 1859 3127 constet,
1890 3058 2113 3125 bestias,

523 3177 649 3219 cum
698 3161 896 3234 quibus
940 3157 1199 3229 pugnavit
1250 3153 1567 3224 Apostolus,
1626 3150 1972 3206 adversarios
2021 3140 2193 3206 ho—C

527 3255 707 3313 mines
756 3252 960 3310 debere
987 3248 1259 3318 intelligi:
1293 3244 1436 3302 idem
1484 3245 1540 3299 in
1581 3244 1685 3297 alia
1730 3243 1975 3314 Epistola
2009 3258 2125 3298 mc-

529 3354 730 3415 morat,
764 3344 991 3401 dicens:
1037 3341 1106 3397 Et
1131 3339 1395 3395 liberatus
1436 3350 1557 3391 sum
1598 3334 1666 3390 de
1705 3347 1802 3389 ore
1840 3333 2031 3387 leonis.
2063 3331 2125 3387 In

529 3452 642 3510 quo
677 3435 920 3492 ostendit
947 3448 1008 3489 se
1038 3430 1303 3487 saevitiam
1345 3426 1576 3483 Neronis
1603 3423 1868 3488 evasisse,
1908 3422 2125 3493 quando

531 3530 706 3603 prima
753 3530 874 3585 vice
921 3528 1147 3583 Romam
1204 3526 1416 3580 vinctus
1464 3521 1729 3577 deductus
1778 3526 1882 3576 est.
1930 3518 2128 3575 Dicens

533 3635 689 3686 vero,
731 3620 859 3689 quid
893 3618 1024 3675 mihi
1066 3616 1309 3690 prodest,
1338 3615 1383 3670 si
1415 3612 1617 3670 mortui
1648 3628 1755 3668 non
1803 3610 2129 3685 resurgunt?

538 3710 757 3767 illorum
800 3708 993 3777 dogma
1034 3710 1288 3774 destruit,
1332 3707 1424 3777 qui
1471 3704 1679 3773 dicunt,
1727 3714 1854 3760 ante
1896 3717 2130 3774 corpora

540 3800 753 3857 animas
802 3798 856 3853 in
905 3799 1045 3854 caelo
1095 3799 1280 3866 laetas,
1333 3805 1512 3853 actum
1558 3795 1845 3867 quemdam
1894 3795 2133 3868 propriae

546 3889 980 3950 conversationis
1022 3890 1297 3947 habuisse.
1329 3893 1501 3948 Aliter
1535 3910 1551 3950 :
1584 3892 1751 3949 Multa
1788 3893 2043 3949 dicuntur
2078 3895 2134 3949 in

542 3982 839 4055 Epistolis,
898 3997 1017 4053 qua:
1076 3983 1131 4037 in
1187 3983 1411 4039 Actibus
1466 4001 1575 4040 non
1633 3985 2018 4053 continentur,
2079 3994 2135 4040 et

544 4077 714 4134 multa
746 4077 797 4130 in
838 4075 1083 4143 Actibus,
1114 4092 1234 4147 qua:
1265 4078 1319 4132 in
1348 4077 1606 4149 Epistolis
1652 4093 1761 4135 non
1790 4079 2131 4135 scribuntur.

545 4171 651 4228 Per
692 4170 1011 4241 allegoriam
1054 4178 1231 4225 autem
1261 4169 1453 4225 bestia:
1496 4178 1725 4240 possunt
1775 4169 2001 4238 intelligi
2043 4168 2139 4224 ad-

546 4263 804 4319 versaria:
845 4270 1169 4335 potestates,
1208 4261 1349 4317 sicut
1381 4263 1456 4316 ait
1484 4262 1537 4316 in
1563 4261 1781 4317 Psalin
1805 4276 1819 4314 :
1847 4259 1927 4315 Ne
1959 4259 2139 4317 tradas

548 4356 738 4413 bestiis
779 4356 988 4412 animus
1012 4356 1338 4411 conlitcntes
1365 4353 1461 4409 tibi
1489 4370 1502 4407 :
1536 4352 1603 4409 ad
1628 4366 1765 4425 quas
1797 4350 1886 4409 hic
1920 4351 2053 4411 dicit
2079 4367 2141 4410 se

550 4464 844 4521 pugnasse.

623 4541 1019 4613 Manducemus,
1068 4549 1115 4596 et
1157 4540 1390 4596 bibamus

552 4638 796 4708 Increpat
830 4636 1083 4708 exemplo
1121 4637 1406 4707 Propheta:
1436 4635 1577 4707 gulae
1608 4633 1842 4703 deditos,
1887 4633 2143 4703 despera-

554 4730 700 4787 tione
734 4730 1040 4786 luturorum
1077 4746 1092 4783 :
1143 4730 1295 4800 cujus
1340 4729 1418 4785 rei
1450 4726 1659 4785 crimen
1699 4735 1924 4798 negatur
1953 4725 2032 4783 eis
2061 4741 2148 4783 re-

553 4824 698 4881 mitti
736 4825 1088 4895 quoadusque
1135 4822 1461 4879 moriantur.

629 4918 811 4973 Nolite
835 4920 1028 4975 seduci.
1062 4918 1144 4974 Ab
1175 4918 1279 4982 his,
1312 4918 1405 4989 qui
1437 4919 1563 4974 talia
1595 4919 1909 4987 loquuntur.

629 5010 980 5081 Corrumpunt
1018 5027 1181 5065 mores
1214 5011 1375 5065 bonos
1418 5012 1675 5082 colloquia
1700 5010 1861 5065 mala.
1898 5008 1975 5066 Ne
2002 5008 2150 5064 dice-

558 5111 707 5169 rent,
738 5116 868 5172 ergo
894 5104 1032 5159 tales
1072 5117 1171 5158 nos
1199 5102 1437 5173 judicas,
1468 5104 1559 5173 qui
1605 5102 1763 5158 facile
1790 5100 2149 5159 seducamur‘l

559 5210 670 5252 non
694 5192 890 5265 inquit,
921 5195 992 5250 de
1022 5196 1176 5251 vobis
1221 5196 1431 5254 timeo:
1461 5196 1555 5249 sed
1583 5195 1652 5250 de
1682 5196 1897 5250 illorum
1927 5210 2155 5259 conver-

563 5288 776 5346 satione
802 5286 1059 5344 l'ormido.
1092 5287 1199 5343 Sed
1223 5287 1498 5357 quomodo
1529 5288 1668 5342 mala
1692 5288 1959 5359 colloquia
1978 5287 2155 5343 bonos

562 5393 745 5436 mores
785 5387 1181 5448 corrumpunt:
1231 5376 1305 5434 ita
1341 5378 1650 5435 econtrario
1695 5379 1839 5436 bona
1883 5378 2154 5452 colloquia

565 5471 740 5530 malos
770 5485 952 5529 mores
980 5470 1275 5530 aediﬁcant.

564 5674 697 5763 iani!)
726 5683 1030 5763 τῶνχξκρῶν
1050 5681 1199 5763 φύσει
1223 5682 1567 5763 caritati-eauti;-
1598 5684 1882 5755 ἀφθαρσίαν
1912 5681 2042 5736 αὐτά
2069 5700 2160 5751 με·

564 5747 971 5809 τασκιυᾳσθὴνὰι
994 5747 1344 5811 monuerat“.
1377 5750 1532 5807 Paria
1556 5747 1753 5810 habent
1781 5747 2147 5808 Tertulliauus

2199 1875 2346 1927 nem,
2374 1871 2537 1929 quam
2566 1855 2865 1925 unicuique
2890 1850 3049 1907 initio
3073 1848 3335 1906 nascendi
3364 1847 3683 1918 Speeialiter
3712 1846 3818 1903 tri-

2200 1953 2337 2021 buit,
2369 1949 2422 2005 in
2462 1945 2870 2005 resurrectione
2898 1943 3176 2001 restituet.
3208 1940 3449 1999 Dicendo
3478 1948 3693 2006 autem,
3717 1939 3818 1995 dat

2205 2042 2285 2099 illi
2312 2055 2510 2113 corpus
2536 2039 2683 2096 sicut
2703 2035 2899 2104 voluit,
2931 2045 2987 2092 et
3013 2050 3144 2102 non,
3172 2035 3319 2090 sicut
3346 2033 3465 2087 vult
3494 2048 3509 2087 :
3541 2031 3812 2096 ostendit,

2205 2150 2238 2191 a
2286 2133 2551 2206 principio
2596 2128 3041 2189 constitutionem
3090 2126 3189 2184 Dei
3234 2124 3635 2183 immutabilem
3683 2138 3817 2196 pcr-

2209 2241 2454 2283 manere.

2287 2316 2554 2387 Quomodo
2596 2322 2863 2387 resurgent
2908 2312 3135 2368 mortui?
3179 2311 3337 2380 Quali
3389 2318 3565 2365 autem
3597 2326 3820 2381 corpore

2212 2412 2453 2469 venient?
2480 2409 2633 2466 Multi
2671 2408 2852 2464 solent
2876 2413 3401 2478 proponerevutrum
3431 2401 3635 2459 debilia
3683 2418 3813 2458 cor-

2214 2519 2370 2575 pora,
2411 2510 2472 2558 ut
2510 2508 2637 2557 sunt
2672 2499 2951 2565 defuncta,
2991 2504 3300 2568 resurgant.
3333 2494 3543 2563 Quibus
3586 2509 3820 2566 respon-

2216 2598 2451 2656 dendum
2481 2605 2586 2662 est,
2612 2595 2667 2649 in
2698 2593 3104 2650 resurrectione
3127 2607 3235 2647 non
3266 2589 3565 2646 debilitatis
3596 2588 3813 2651 vitium,

2217 2691 2315 2749 sed
2346 2689 2717 2760 integritatem
2763 2685 3004 2757 reparari
3044 2692 3273 2741 naturae.
3320 2682 3625 2753 Numquam
3670 2682 3817 2736 enim

2220 2798 2328 2842 tam
2360 2782 2539 2840 debile
2566 2790 2649 2838 est
2674 2795 2895 2852 corpus,
2925 2793 3087 2849 quam
3109 2793 3233 2834 cum
3256 2776 3421 2832 fuerit
3450 2776 3503 2831 in
3535 2774 3816 2845 pulverem

2220 2877 2541 2935 resolutum.
2572 2874 2672 2943 Qui
2694 2888 2823 2943 ergo
2847 2871 3096 2927 creditur
3135 2876 3308 2925 totum
3338 2866 3587 2932 reddere,
3617 2881 3715 2921 cur
3741 2880 3819 2921 ex

2222 2978 2376 3043 parte
2423 2981 2683 3039 reparare
2727 2962 3045 3020 dubiteturt
3116 2960 3222 3017 hoc
3270 2969 3377 3025 est,
3423 2958 3572 3015 verbi
3622 2956 3819 3027 gratia,

2222 3077 2320 3119 cur
2361 3075 2470 3116 non
2498 3058 2691 3116 reddat
2718 3056 2933 3121 oculos,
2965 3054 3059 3125 qui
3094 3062 3271 3108 totum
3305 3051 3557 3108 restituet
3586 3048 3822 3119 corpus!

2297 3151 2599 3223 Insipiens,
2650 3157 2705 3201 tu
2748 3146 2888 3217 quod
2936 3144 3161 3198 seminus
3210 3160 3313 3197 non
3363 3140 3675 3209 uiviﬁcatur,
3724 3137 3826 3192 nisi

2228 3246 2376 3317 prius
2432 3244 2703 3297 moriatur.
2762 3238 2865 3306 Qui
2936 3239 3100 3293 etiam
3159 3234 3499 3291 naturalibus
3552 3230 3822 3300 exemplis

2230 3335 2447 3393 edoceri
2477 3333 2770 3400 debueras,
2801 3329 2981 3386 adhuc
3005 3328 3202 3385 divinis
3244 3325 3699 3400 promissionibus
3739 3324 3824 3379 in-

2235 3429 2413 3485 ﬁdelis
2446 3426 2657 3481 existis.

2302 3517 2371 3572 Et
2407 3514 2532 3588 quid
2581 3513 2841 3570 seminus?
2884 3510 3010 3566 Non
3050 3525 3261 3580 corpus,
3307 3507 3445 3578 quod
3485 3507 3722 3576 futurum
3755 3514 3827 3561 est

2233 3609 2498 3666 seminus:
2543 3605 2633 3661 sed
2673 3604 2875 3658 nudum
2919 3617 3163 3674 granum,
3218 3610 3271 3653 ut
3321 3608 3469 3668 puta,
3512 3597 3690 3665 tritici,
3735 3606 3827 3650 aut

2235 3703 2461 3774 alicujus
2509 3706 2831 3753 cwterorum.
2882 3694 3039 3751 Sicut
3076 3692 3146 3748 de
3170 3704 3342 3762 grano
3370 3689 3609 3757 resurgit
3648 3687 3829 3744 fecun-

2235 3794 2378 3861 dior,
2406 3806 2527 3847 cum
2559 3787 2743 3861 granis
2769 3787 2938 3842 arista
2982 3804 2993 3838 :
3039 3784 3115 3840 ita
3146 3791 3202 3840 et
3238 3780 3598 3853 corruptibile
3632 3794 3826 3850 corpus

2240 3889 2296 3945 in
2321 3887 2496 3959 gloria
2519 3883 2757 3954 resurgit
2787 3897 2910 3937 eum
2940 3885 3254 3951 augmento.

2311 3979 2450 4034 Deus
2497 3985 2672 4031 autem
2721 3975 2812 4028 dat
2863 3972 2946 4028 illi
2998 3986 3183 4040 corpus
3228 3968 3362 4023 sicut
3397 3966 3525 4021 vult.
3573 3964 3719 4022 Sicut
3760 3964 3827 4019 ab

2239 4074 2394 4130 initio
2433 4069 2722 4143 disposuit,
2751 4077 2810 4123 ut
2838 4067 3020 4124 omnia
3057 4063 3264 4123 semina
3294 4077 3417 4119 cum
3449 4058 3745 4132 putruerint
3775 4057 3825 4113 in

2245 4163 2486 4236 amplius
2512 4160 2898 4219 reformentur.

2314 4255 2386 4311 Et
2426 4254 2701 4322 unicuique
2737 4250 2991 4306 seminum
3032 4246 3303 4320 proprium
3350 4260 3557 4315 corpus.
3604 4239 3827 4296 Attende

2242 4346 2365 4418 quia
2396 4344 2672 4415 proprium
2703 4354 2902 4411 corpus
2927 4339 3145 4404 dixerit,
3179 4352 3287 4393 non
3313 4334 3569 4391 alienum.

2318 4439 2443 4495 Non
2483 4437 2649 4492 omnis
2687 4450 2831 4503 caro,
2880 4435 3062 4488 eadem
3091 4447 3236 4499 caro,
3288 4429 3379 4485 sed
3407 4428 3509 4484 alia
3551 4424 3823 4491 hominum,

1431 4557 1449 4596 :
1500 4556 1615 4596 cras
1662 4541 1798 4595 enim
1834 4540 2137 4596 moriemur.
2169 4534 2223 4594 D
2247 4535 2354 4589 alia
2381 4546 2641 4604 pecorum.
2672 4528 2837 4600 Cujus
2863 4528 3017 4597 jussu
3045 4525 3100 4581 in
3143 4524 3411 4595 principio
3439 4530 3583 4578 terra
3614 4526 3751 4574 tanta
3776 4529 3830 4575 et

2252 4636 2361 4683 tam
2403 4624 2619 4680 diversa
2644 4636 2881 4694 corpora
2909 4620 3175 4687 animata,
3222 4634 3343 4688 quae
3374 4631 3482 4673 non
3533 4621 3821 4684 acceperat,

2252 4718 2438 4775 dedit:
2468 4715 2598 4788 quid
2623 4713 2821 4771 mirum
2850 4714 2897 4769 si
2929 4711 3048 4783 ejus
3072 4711 3229 4783 jussu
3258 4709 3536 4766 hominem
3568 4705 3826 4775 restituat,

2253 4823 2416 4883 quem
2438 4805 2684 4877 accepit?

2328 4903 2447 4958 Alia
2473 4900 2763 4967 volucrum,
2794 4896 2905 4953 alia
2932 4903 3105 4951 autem
3133 4893 3376 4967 piscium.
3403 4887 3662 4946 Similiter
3687 4894 3735 4942 et
3758 4885 3825 4943 do

2258 4997 2415 5068 aquis
2446 4993 2707 5064 intellige,
2741 5005 2861 5062 quae
2900 4997 3104 5044 tantam
3149 4984 3521 5042 diversitatem
3563 4979 3827 5037 volucrum
3900 5018 3903 5021 ‹

2261 5102 2317 5149 et
2349 5091 2576 5161 piscium
2599 5086 2904 5144 ediderunt.

2336 5183 2404 5239 Et
2433 5198 2652 5255 corpora
2676 5180 2923 5248 ctelestia,
2953 5186 3003 5233 et
3033 5190 3255 5249 corpora
3276 5169 3565 5228 terrestria.
3596 5163 3691 5234 Qui
3718 5162 3828 5218 talia

2263 5280 2393 5336 fecit
2421 5289 2655 5348 corpora
2681 5274 3102 5336 elementorum,
3130 5283 3229 5325 cur
3260 5281 3373 5323 non
3404 5260 3582 5337 possit
3606 5259 3828 5329 exiguum

2263 5386 2464 5442 corpus
2491 5371 2788 5425 humanum
2821 5362 3085 5419 reﬁcere?

2336 5465 2443 5523 Sed
2474 5464 2580 5519 alia
2619 5458 2826 5533 quidem
2851 5457 3134 5514 ctelestium
3170 5451 3338 5524 gloria
3363 5465 3383 5506 :
3424 5450 3533 5507 alia
3558 5456 3719 5507 autem
3740 5454 3829 5505 ter-

2266 5692 2321 5738 v.
2368 5671 2436 5729 to
2462 5677 2647 5726 contra
2679 5664 3025 5735 Mareiouem,
3048 5661 3477 5734 Cbrysostomus
3506 5702 3522 5731 ,
3573 5656 3831 5730 Theophy-

2257 5746 2454 5816 lactus,
2486 5739 2707 5811 aliique.
