4030 6202
246 222 352 286 769

979 214 1526 282 COMMENTARIUS
1562 219 1632 281 IN
1670 210 2064 282 EPISTOLAM
2104 220 2124 278 ι
2164 221 2256 279 AD
2293 219 2453 282 00R.
2491 217 2648 281 CAP.
2688 219 2807 281 XV.

3440 213 3549 279 770

244 340 514 396 restrium.
555 336 678 395 Alia
718 336 931 395 claritas
970 338 1137 393 solis:
1165 337 1273 393 alia
1319 336 1538 392 claritas
1584 337 1751 403 lunw;
1800 344 1848 391 et
1873 337 1926 398 Α
1952 344 2171 407 portat:
2202 336 2384 408 justus
2423 352 2579 403 vero,
2608 336 2898 406 imaginem
2941 335 3164 395 Christi.
3212 336 3362 410 Ergo
3407 335 3549 394 sicut

246 431 361 487 alia
386 432 602 487 claritas
638 430 929 487 stellarum.
957 429 1095 487 Tota
1123 429 1552 502 comparationis
1581 428 1741 500 hujus
1763 428 1846 484 di-

204 560 217 570 -
246 524 487 582 versitas
521 522 588 579 ad
619 523 725 580 hoc
770 523 923 590 facit,
952 530 1012 577 ut
1037 521 1232 579 credas
1275 537 1443 577 unum
1485 536 1659 593 genus
1689 535 1817 592 repa
1837 549 1852 562 -

248 629 379 673 rare
406 615 565 673 facile
586 629 776 687 posse,
805 615 896 688 qui
925 623 1076 671 tanta
1098 614 1228 671 fecit
1247 629 1317 671 ex
1339 614 1538 671 nihilo.

324 708 495 765 Stella
520 709 655 765 enim
676 726 711 764 a
730 708 885 765 stella
907 707 1083 777 differt
1111 709 1167 764 in
1191 708 1473 764 claritate:
1504 709 1581 765 sic
1605 715 1655 764 et
1679 722 1852 763 resur-

250 804 411 859 rectio
454 810 804 859 mortuorum.
856 802 1150 861 Stellarum
1195 802 1526 870 diversitati,
1581 801 1851 872 iustorum

255 895 619 954 diﬂ'erentiam
674 907 999 969 comparat:
1048 909 1185 968 quos
1232 895 1434 968 gradus
1489 895 1752 950 virtutum
1797 892 1852 948 in

254 989 452 1061 gloria,
509 1005 617 1047 non
664 997 913 1061 peccata,
963 987 1167 1045 facient
1218 1002 1343 1045 esse
1399 987 1668 1044 diversos.
1717 984 1853 1040 Nam

256 1091 607 1154 peccatorum
656 1083 947 1141 diversitas
998 1082 1058 1139 in
1112 1081 1257 1139 caelo
1311 1096 1420 1139 non
1473 1081 1597 1148 erit,
1648 1078 1746 1135 sed
1798 1078 1854 1134 in

263 1190 449 1246 poena.

335 1266 638 1323 Seminatur
658 1265 714 1321 in
742 1266 1073 1339 corruptione
1093 1281 1113 1322 :
1155 1272 1335 1338 surget
1360 1264 1413 1317 in
1445 1262 1855 1334 incorruptione.

260 1359 334 1415 Ut
377 1374 480 1415 nec
521 1358 701 1415 febres
736 1359 873 1429 jam,
898 1375 1001 1416 nec
1029 1369 1229 1415 caetera
1269 1356 1741 1427 corruptibilitatis
1765 1372 1860 1428 ge-

268 1464 397 1508 nera
424 1450 722 1520 patiantur.
756 1450 926 1507 Aliter
963 1468 977 1505 :
1008 1450 1225 1506 Sanctis
1260 1458 1317 1506 et
1359 1448 1740 1520 peccatoribus
1768 1464 1859 1505 re-

261 1543 532 1601 surrectio
590 1542 780 1601 carnis
829 1544 1137 1601 communis
1184 1551 1276 1599 est
1326 1558 1342 1596 :
1398 1541 1495 1598 sed
1546 1552 1858 1597 sanctorum

262 1650 493 1707 corpora
512 1644 713 1692 aeterna
740 1635 918 1707 gloria
942 1636 1275 1703 vestientur,
1305 1647 1427 1689 cum
1452 1633 1860 1704 incorruptione

267 1738 324 1785 ct
356 1726 784 1785 immortalitate.

337 1821 640 1877 Seminatur
662 1822 717 1877 in
739 1817 1083 1892 ignobilitate.
1114 1817 1255 1887 Quid
1298 1825 1406 1877 tam
1435 1816 1672 1891 ignobile
1701 1831 1862 1889 quam

265 1913 502 1971 cadaver
520 1912 545 1968 ‘t

342 2007 537 2078 Surget
562 2005 619 2059 in
641 2005 835 2078 gloria.
869 2004 927 2061 ln
956 2002 1129 2076 gloria
1162 2001 1494 2074 splendoris,
1526 2010 1587 2059 ut
1614 2002 1718 2058 sol.

343 2097 648 2155 Seminatur
672 2099 726 2151 in
759 2097 1080 2167 inﬁrmitate.
1111 2094 1510 2151 lmbeeillitatis
1532 2095 1802 2150 humanm.

344 2190 535 2262 Surget
564 2190 618 2245 in
639 2191 846 2243 virtute.
875 2188 930 2243 lu
963 2188 1162 2244 virtute
1184 2186 1526 2243 aeternitatis.

345 2282 648 2341 Seminatur
674 2296 866 2352 corpus
891 2282 1136 2347 animale,
1160 2287 1331 2351 surget
1362 2294 1548 2350 corpus
1577 2276 1865 2349 spirituale.

273 2377 337 2435 Si
360 2386 436 2433 est
460 2393 651 2447 corpus
669 2374 917 2445 animale,
947 2383 1019 2430 est
1050 2382 1097 2429 et
1120 2373 1394 2446 spirituale
1420 2388 1441 2428 :
1466 2373 1602 2427 sicut
1621 2372 1871 2443 scriptum

284 2478 381 2525 est.
412 2468 515 2530 llic
541 2467 776 2523 animale
800 2474 887 2522 est
914 2480 1135 2538 corpus,
1167 2465 1292 2536 quia
1330 2480 1437 2520 non
1466 2479 1682 2535 semper
1711 2462 1874 2518 habet

278 2562 545 2634 Spiritum
571 2569 841 2618 sanctum.
868 2569 892 2598 α
923 2559 1075 2616 Tunc
1102 2573 1233 2615 vero
1272 2573 1488 2629 semper
1536 2556 1778 2612 manebit
1814 2555 1870 2611 in

278 2652 504 2709 sanctis.
549 2653 683 2708 Item
711 2651 1014 2709 seminatur
1037 2664 1237 2722 corpus
1265 2649 1522 2719 animale,
1555 2648 1727 2720 surgit
1753 2661 1874 2703 cor-

281 2762 385 2818 pus
426 2745 731 2817 spirituale.
779 2745 991 2801 Aliter:
1023 2745 1274 2802 Animale
1300 2758 1498 2816 corpus
1534 2743 1685 2811 dicit,
1728 2742 1871 2814 quod

278 2837 558 2894 conditum
589 2846 750 2894 terrae
779 2837 1167 2909 corrumpitur.
1198 2836 1491 2907 Spirituale
1528 2849 1679 2901 vero,
1724 2833 1869 2905 quod

283 2930 658 3001 incorruptum
685 2930 943 3002 resurgit,
971 2941 1029 2986 ut
1061 2929 1231 3001 possit
1263 2943 1389 2985 aera
1435 2936 1742 2999 penetrare,
1773 2927 1879 2982 fes-

282 3026 466 3080 tinans
502 3024 573 3080 ad
602 3024 795 3081 ctelos.
847 3024 1061 3079 Primus
1094 3023 1266 3078 Adam
1308 3022 1373 3077 ad
1426 3021 1529 3077 hoc
1576 3021 1749 3076 factus
1794 3027 1880 3077 est

1954 428 2288 499 portavimus
2317 439 2558 486 veterem
2589 428 2865 484 hominem
2897 437 3023 485 ante
3050 429 3378 501 baptismum
3406 446 3419 483 :
3473 429 3548 486 ita

1953 530 2009 577 et
2037 529 2160 592 post
2188 520 2519 593 baptismum
2552 528 2827 593 portemus
2860 535 3082 577 novum.

2024 615 2143 671 Hoc
2183 625 2355 673 autem
2381 617 2519 686 dico,
2563 618 2775 688 fratres,
2812 617 2933 687 quia
2964 633 3085 672 caro
3108 627 3155 673 et
3185 618 3395 689 sanguis
3424 634 3545 691 reg-

1953 727 2080 765 num
2124 710 2223 765 Dei
2251 712 2516 783 possidere
2553 728 2657 767 non
2697 718 2957 784 possunt:
2986 727 3148 783 neque
3172 712 3434 781 corruptio
3468 712 3552 766 in-

1954 807 2302 877 corruptelam
2349 805 2645 873 possidebit.
2706 804 3046 877 Frequenter
3101 804 3382 876 Scriptura
3432 819 3553 860 ear-

1956 912 2105 965 nem,
2160 912 2260 969 pro
2310 898 2569 969 operibus
2619 898 2867 954 nominat
2914 897 3117 964 carnis,
3168 905 3228 953 ut
3276 895 3389 954 ibi:
3444 894 3555 951 Vos

1956 999 2139 1048 autem
2172 993 2225 1047 in
2257 1005 2422 1049 carne
2468 1006 2576 1048 non
2613 992 2767 1060 estis,
2813 991 2910 1047 sed
2955 990 3008 1046 in
3057 989 3289 1060 Spiritu.
3335 986 3553 1043 Aliter:

1956 1083 2100 1141 Caro
2150 1085 2317 1156 (sicut
2361 1086 2468 1157 est)
2510 1102 2739 1158 regnum
2790 1086 2888 1143 Dei
2932 1099 3039 1142 non
3072 1082 3398 1155 possidebit,
3450 1081 3556 1138 nisi

1957 1176 2369 1232 immortalitate
2401 1178 2620 1233 vestita.

2032 1267 2167 1323 Ecce
2214 1271 2516 1341 mysterium
2567 1269 2707 1324 vobis
2756 1267 2893 1325 dico.
2947 1268 3348 1327 Obscuritatem
3391 1268 3560 1342 signi-

1961 1358 2111 1425 ﬁcat,
2144 1360 2481 1415 nominando
2512 1359 2857 1431 mysterium.

2039 1452 2229 1508 Omnes
2264 1453 2471 1523 quidem
2501 1468 2844 1523 resurgentus,
2888 1451 2977 1506 sed
3007 1467 3113 1507 non
3153 1468 3327 1508 omnes
3371 1452 3561 1507 immu-

1966 1546 2208 1600 tabimur.
2252 1546 2454 1601 Omnes
2510 1545 2759 1601 homines
2802 1554 3122 1615 resurgent,
3172 1545 3268 1601 sed
3319 1545 3419 1601 soli
3469 1546 3563 1614 qui

1967 1642 2245 1710 regnaturi
2298 1647 2426 1693 sunt
2482 1638 2537 1693 in
2595 1636 2790 1709 gloria,
2853 1635 3229 1692 mutabuntur.
3286 1634 3411 1692 Sive
3464 1637 3561 1704 ita,

1890 1731 1939 1793 Β
1967 1745 2316 1802 resurgemus
2361 1745 2576 1797 omnes,
2625 1729 2717 1800 qui
2756 1728 2813 1784 in
2850 1728 3084 1784 adventu
3123 1727 3327 1784 Christi
3365 1729 3565 1785 mortui

1970 1824 2337 1879 inveniemur.
2383 1822 2501 1879 Non
2531 1837 2723 1878 omnes
2754 1822 3209 1890 immutabuntur,
3239 1822 3331 1892 qui
3359 1822 3412 1877 in
3440 1835 3567 1877 cor-

1967 1929 2103 1987 pore
2131 1914 2242 1969 sint
2270 1914 2473 1985 reperti
2503 1931 2516 1968 :
2547 1914 2673 1985 quia
2716 1912 2890 1969 sancti
2928 1913 3030 1969 soli
3067 1913 3419 1969 beatitudinis
3447 1915 3568 1985 glo-

1970 2006 2108 2064 riam
2161 2014 2590 2077 consequentur.
2640 2004 2818 2061 Aliter
2866 2004 2921 2059 in
2978 2004 3302 2076 quibusdam
3360 2005 3567 2061 Grmcis

1969 2098 2247 2156 codicibus
2290 2097 2540 2164 habetur,
2594 2096 2785 2151 Omnes
2831 2096 2966 2151 enim
3017 2096 3332 2151 dormiemus
3380 2112 3399 2151 :
3462 2113 3563 2151 non

1972 2208 2147 2248 omnes
2176 2190 2584 2246 immutabimur.
2615 2189 2673 2245 In
2703 2187 2827 2243 aliis
2848 2198 3053 2256 autem,
3082 2185 3276 2242 Omnes
3305 2187 3440 2240 enim
3465 2203 3567 2241 non

1973 2285 2310 2349 dorrniemus,
2338 2300 2511 2339 omnes
2538 2293 2708 2337 autent
2730 2281 3153 2336 immutabimur:
3176 2280 3320 2351 quod
3340 2279 3572 2350 quadrat

1973 2378 2144 2450 magis
2173 2377 2241 2434 ad
2270 2392 2493 2435 sensum
2540 2374 2826 2445 Apostoli:
2857 2374 2985 2446 quia
3014 2372 3102 2428 hic
3146 2386 3326 2429 sermo
3357 2387 3464 2427 non
3504 2371 3572 2428 de

1973 2470 2225 2528 omnibus
2253 2470 2584 2542 generaliter
2605 2467 2829 2535 dicitur,
2861 2465 2955 2522 sed
2985 2465 3054 2521 de
3086 2464 3219 2520 solis
3244 2463 3471 2521 sanctis.

2050 2561 2117 2616 In
2140 2572 2415 2628 momento,
2445 2563 2497 2615 in
2523 2563 2629 2614 ictu
2661 2558 2817 2615 oculi.
2842 2557 2945 2614 Per
2969 2558 3136 2613 ictum
3162 2557 3326 2624 oculi,
3351 2555 3573 2612 nimiam

1977 2655 2298 2712 brevitatem
2341 2654 2457 2709 vult
2494 2653 2802 2725 signiﬁcare
2848 2650 3148 2707 momenti:
3181 2660 3240 2705 ut
3266 2658 3467 2721 quanta
3497 2648 3571 2704 sit

1982 2746 2075 2803 Dei
2129 2746 2388 2818 potentia,
2445 2760 2509 2802 ex
2559 2742 2977 2800 resurrectionis
3028 2740 3312 2799 celeritate
3370 2753 3574 2811 cogno-

1978 2855 2118 2897 8033.

2053 2934 2119 2990 In
2162 2936 2435 2991 novissima
2461 2932 2601 2989 tuba.
2640 2934 2801 2989 Canet
2848 2933 2983 2988 enim
3010 2931 3155 2999 tuba,
3190 2938 3237 2986 et
3276 2929 3469 2985 mortui
3495 2944 3581 2983 re-

1984 3037 2200 3101 surgent
2242 3028 2554 3099 incorrupti,
2594 3035 2643 3083 et
2690 3043 2783 3081 nos
2821 3024 3223 3080 immutabimur.
3273 3022 3580 3078 Novissima

282 3124 539 3181 tantum,
594 3126 655 3171 ut
704 3116 933 3171 viveret.
1003 3112 1345 3169 Novissimus
1390 3111 1603 3177 Adam,
1649 3111 1702 3167 id
1751 3118 1878 3181 est,

1999 3121 2155 3191 tuba,
2216 3119 2548 3175 novissimus
2605 3119 2871 3173 adventus
2927 3116 3248 3187 intelligitur
3295 3115 3498 3170 Christi
3561 3131 3576 3169 :

280 3207 556 3275 Christus,
589 3207 716 3264 ideo
737 3206 979 3277 suscepit
1008 3204 1309 3273 hominem,
1343 3214 1403 3259 ut
1434 3204 1754 3260 viviﬁcaret.

360 3300 557 3355 Factus
575 3312 649 3355 est
682 3300 880 3370 printus
900 3298 1057 3353 homo
1080 3298 1247 3353 Adam
1267 3298 1321 3352 in
1339 3299 1567 3353 animam
1596 3299 1841 3353 viventem
1865 3315 1885 3354 :

204 3420 207 3421 ν
282 3394 593 3450 novissimus
618 3394 785 3447 Adam
812 3394 865 3447 in
894 3392 1135 3464 spiritum
1162 3390 1522 3460 vivificantem.
1553 3389 1884 3457 Notandum,

286 3485 435 3558 quod
461 3501 584 3543 cum
614 3486 760 3543 Deus
789 3484 962 3541 Adam
1008 3485 1158 3551 dicit,
1191 3483 1434 3555 ejusdem
1465 3491 1675 3539 naturae
1709 3492 1887 3538 utros-

284 3594 396 3650 que
440 3578 798 3635 demonstrat.
844 3576 999 3646 Quod
1039 3585 1227 3633 contra
1267 3575 1588 3632 Manichteos
1629 3582 1685 3630 et
1721 3573 1889 3644 Apol—

289 3672 567 3729 linaristas
595 3671 748 3740 facit,
780 3672 873 3743 qui
914 3679 1117 3743 negant
1160 3685 1193 3727 a
1236 3670 1334 3727 Dei
1363 3668 1538 3727 Verbo
1582 3668 1882 3739 perlectum

290 3766 572 3823 hominem
598 3780 721 3823 esse
750 3774 1088 3838 susceptum.

366 3860 473 3917 Sed
513 3876 614 3916 non
644 3861 812 3932 prius,
853 3860 994 3933 quod
1036 3858 1311 3932 spirituale
1340 3866 1438 3925 est,
1482 3858 1573 3913 sed
1600 3858 1740 3929 quod
1781 3858 1890 3913 ani-

293 3952 427 4007 male
471 3961 582 4007 est:
614 3951 803 4006 deinde
829 3952 970 4023 quod
1008 3950 1304 4021 spirituale.
1350 3948 1564 4002 Primus
1611 3951 1785 4015 homo,
1827 3949 1891 4004 de

294 4055 437 4100 terra
489 4053 763 4100 terrenus:
817 4042 1076 4098 secundus
1124 4042 1300 4107 homo,
1361 4040 1426 4094 de
1474 4039 1601 4095 CtBlO
1647 4041 1888 4098 caelestis.

296 4136 485 4203 Qualis
538 4145 795 4204 terrenus,
847 4134 976 4189 tales
1027 4142 1075 4189 et
1106 4134 1320 4189 terreni.
1367 4131 1619 4188 Caelestis
1668 4132 1890 4201 dicitur,

294 4228 425 4301 quia
459 4242 565 4284 non
595 4226 850 4284 humanae
872 4226 1201 4299 fragilitatis
1230 4226 1359 4294 ritu,
1404 4225 1500 4282 sed
1554 4225 1751 4282 divinae
1780 4241 1894 4282 ma-

292 4321 511 4394 iestatis
567 4328 703 4376 nutu
746 4327 803 4377 et
854 4326 1150 4391 conceptus
1196 4328 1303 4386 est,
1358 4328 1413 4375 et
1456 4319 1651 4375 enixus
1702 4336 1714 4372 :
1771 4334 1894 4375 nam

301 4430 474 4486 uslue
514 4412 655 4470 adeo
693 4421 943 4469 naturam
984 4421 1228 4468 nostram
1276 4410 1489 4480 habuit,
1518 4421 1579 4467 ut
1621 4411 1894 4468 secundus

1989 3211 2193 3269 mortui
2217 3219 2425 3277 autem,
2456 3210 2540 3265 vel
2571 3217 2891 3280 peccatores
2936 3205 3276 3277 intelligendi
3304 3213 3453 3270 sunt,
3486 3205 3580 3275 qui

1988 3305 2152 3360 etiam
2185 3304 2432 3358 viventes
2470 3302 2670 3357 mortui
2709 3315 2831 3356 esse
2861 3300 3135 3364 dicuntur,
3166 3307 3224 3351 ut
3250 3295 3317 3350 ad
3362 3310 3580 3366 poenam

1986 3407 2079 3452 aut
2116 3397 2476 3463 immortales,
2520 3401 2615 3448 aut
2650 3392 2856 3461 absque
2893 3391 3071 3461 aliqua
3109 3389 3473 3446 membrorum
3503 3390 3585 3445 di-

1988 3488 2292 3544 minutione
2336 3493 2670 3555 resurgant:
2709 3483 2796 3539 vel
2823 3491 2977 3538 certe
3026 3480 3349 3553 simpliciter
3391 3497 3583 3539 omnes

1990 3589 2235 3637 mortuos
2274 3592 2560 3648 resurgere
2601 3575 2755 3643 dicit,
2798 3585 2855 3632 et
2881 3575 3031 3631 solos
3061 3585 3299 3641 sanctos,
3327 3591 3452 3633 cum
3499 3576 3585 3633 his

1986 3671 2078 3743 qui
2103 3670 2208 3726 vivi
2231 3670 2364 3739 justi
2395 3668 2599 3725 inventi
2623 3668 2845 3735 fuerint,
2871 3668 2927 3723 in
2955 3668 3182 3739 gloriam
3210 3668 3510 3723 immutari.

2064 3766 2281 3837 Oportet
2330 3764 2469 3818 enim
2515 3762 2845 3832 corruptibile
2889 3763 3008 3818 ltoc.
3046 3760 3283 3819 Necesse
3330 3770 3417 3819 est
3468 3760 3587 3819 fieri
3679 3767 3685 3772 ’

1989 3858 2132 3933 quod
2163 3850 2493 3929 promissum
2524 3864 2628 3912 est.

2063 3951 2290 4006 Induere
2309 3949 2767 4021 incorruptionem,
2800 3956 2847 4003 et
2877 3947 3092 4004 mortale
3118 3947 3216 4001 ltoc
3246 3947 3460 4003 induere
3482 3949 3585 4003 im-

1993 4045 2383 4102 mortalitatem.
2418 4043 2517 4100 Est
2541 4042 2686 4115 quod
2717 4042 2930 4112 induit,
2960 4051 3118 4100 etest
3146 4041 3404 4098 similiter
3432 4041 3592 4097 indu-

1992 4149 2260 4197 mentum.

1992 4250 1994 4252 ν
2067 4230 2193 4285 Cum
2222 4237 2393 4283 autem
2419 4227 2649 4284 mortale
2687 4227 2784 4283 hoc
2833 4227 3062 4282 induerit
3115 4224 3587 4294 immortalitatem,

1998 4332 2119 4379 tunc
2140 4323 2224 4392 ﬁet
2255 4337 2444 4391 sermo,
2468 4323 2557 4393 qui
2582 4322 2803 4392 scriptus
2820 4330 2896 4376 est
2922 4340 2933 4375 :
2960 4316 3213 4392 Absorpta
3251 4328 3326 4374 est
3372 4334 3508 4373 mors
3537 4320 3591 4375 in
3629 4394 3635 4399 η

1996 4418 2234 4475 uictoria.
2291 4416 2361 4473 Ut
2414 4416 2694 4473 evacuatis
2752 4415 2932 4471 causis
2971 4415 3204 4481 mortis,
3232 4427 3331 4485 per
3352 4413 3591 4469 divinam

301 4509 473 4568 Adam
507 4509 742 4575 dicatur,
781 4515 838 4563 et
867 4506 1052 4562 homo.
1077 4505 1293 4561 'Aliter:
1338 4505 1437 4561 llic
1468 4505 1699 4576 primum
1726 4512 1782 4560 et
1809 4519 1893 4561 se-
1920 4496 1972 4558 D
2000 4512 2306 4577 victoriam,
2338 4510 2440 4566 sibi
2466 4510 2719 4579 absorpta
2755 4525 2861 4563 non
2893 4515 3175 4577 appareat.

301 4603 540 4659 cundum
578 4599 878 4665 hominem,
920 4596 1070 4670 juxta
1117 4610 1284 4667 opera
1323 4604 1640 4653 terrestrem
1686 4604 1743 4651 et
1777 4610 1893 4653 ece-

302 4695 490 4752 lestem
535 4693 669 4750 dicit
700 4709 713 4746 :
744 4689 881 4747 Nam
923 4699 978 4747 et
1019 4689 1268 4747 Christus
1298 4688 1600 4746 secundum
1649 4703 1889 4757 carnem,

303 4804 367 4845 ex
395 4796 578 4843 nostra
609 4799 792 4842 massa
824 4783 947 4840 fuit.

373 4880 441 4935 Et
475 4880 646 4953 qualis
694 4876 947 4945 ctelestis,
991 4876 1119 4931 tales
1155 4884 1205 4931 et
1242 4876 1488 4932 ctelestes.
1536 4875 1594 4933 Si
1637 4876 1795 4945 ideo,
1836 4885 1896 4934 ut

305 4975 544 5030 hmretici
565 4973 778 5039 volunt,
810 4969 988 5027 nostri
1019 4968 1241 5040 generis
1262 4979 1571 5039 assumptus
1600 4969 1764 5025 homo
1788 4984 1895 5026 non

305 5070 433 5137 fuit,
487 5066 611 5139 quia
657 5064 901 5123 ctelestis
947 5062 1185 5119 dicitur:
1236 5078 1364 5133 ergo
1411 5076 1513 5118 nec
1556 5062 1645 5118 isti
1696 5072 1901 5119 natura:

309 5172 508 5217 nostra:
534 5170 685 5227 sunt,
727 5159 819 5230 qui
848 5157 1100 5214 cmlestes
1150 5156 1514 5227 appellantur.
1547 5153 1608 5211 Si
1656 5170 1785 5212 vero
1832 5156 1903 5214 de

311 5254 396 5309 his
425 5267 584 5309 nemo
609 5252 841 5317 dubitat,
870 5264 973 5307 nec
995 5248 1066 5305 de
1088 5248 1195 5304 illis
1218 5259 1302 5304 est
1329 5246 1735 5318 ambigendum.

388 5342 558 5416 Igitur
585 5345 715 5427 sicut
743 5344 1064 5417 portavimus
1088 5341 1366 5413 imaginem
1388 5341 1608 5419 terreni,
1642 5349 1908 5411 portemus

310 5446 362 5503 et
422 5418 703 5507 imaginem
762 5435 999 5491 caelestis.
1056 5433 1349 5501 Peccator,
1388 5418 1545 5490 Adin
1614 5433 1906 5506 imaginem

388 5580 414 5608 ἰ
444 5571 575 5638 Qum
616 5568 746 5643 hinc
781 5570 1188 5643 subsequuntur
1216 5571 1397 5627 omnia
1424 5570 1493 5626 ad
1540 5569 1702 5627 linem
1737 5587 1907 5643 usque

311 5642 494 5714 hujus,
532 5649 589 5695 et
632 5640 841 5715 initium
880 5640 1204 5715 alteriusin
1239 5652 1562 5715 sequentem
1603 5640 1905 5713 Epistolam

312 5710 690 5778 eoinntentarii
731 5710 798 5767 ad
828 5726 974 5773 vers.
1022 5730 1073 5789 v,
1121 5710 1464 5773 habebantur
1493 5715 1627 5772 olim
1652 5710 1903 5773 'totidem

2076 4604 2176 4662 Ubi
2202 4613 2297 4671 est,
2319 4620 2477 4671 mors,
2507 4602 2720 4658 victoria
2747 4602 2874 4656 tua?
2902 4599 3001 4655 Ubi
3028 4607 3126 4669 est,
3160 4615 3320 4667 more,
3349 4597 3594 4653 stimulus

2000 4700 2160 4756 tuus?
2182 4697 2458 4767 Propheta
2488 4711 2556 4752 ex
2584 4708 2814 4768 persona
2855 4692 3127 4763 juslorum
3161 4691 3400 4762 loquitur
3426 4691 3595 4747 insul-

2002 4792 2229 4851 tantium
2252 4790 2439 4845 morti.
3446 4858 3450 4862 ‘

2079 4883 2336 4941 Stimulus
2364 4888 2535 4934 autem
2563 4879 2758 4944 mortis,
2776 4885 3042 4951 peccatum
3076 4885 3171 4932 est.
3193 4875 3420 4949 Sagittae
3450 4891 3598 4934 mor-

2004 4980 2075 5037 tis
2102 4984 2406 5047 peccatum,
2435 4988 2531 5043 per
2559 4972 2702 5043 quod
2733 4972 2927 5027 animm
2965 4971 3306 5041 iugulantur.

2083 5069 2264 5124 Virtus
2294 5065 2620 5134 veropeccati
2642 5062 2749 5119 lex.
2774 5062 2911 5118 Dum
2958 5061 3154 5119 fortius
3209 5072 3267 5121 et
3318 5064 3494 5137 majus
3541 5064 3602 5119 lit

2006 5176 2105 5235 per
2133 5158 2417 5215 scientiam
2446 5164 2755 5227 peccatum.

2080 5252 2190 5308 Deo
2216 5258 2387 5305 autem
2413 5248 2639 5323 gratias,
2669 5247 2756 5317 qui
2794 5246 2937 5301 dedit
2966 5247 3112 5302 nobis
3140 5247 3406 5302 victoriam
3438 5288 3455 5315 ,
3514 5263 3606 5319 per

2010 5346 2290 5402 Dominum
2318 5352 2554 5397 nostrum
2583 5341 2766 5397 Iesum
2790 5338 3054 5394 Christum
3084 5357 3103 5395 :
3130 5340 3423 5396 Victoriam
3454 5340 3607 5398 illius

2010 5438 2239 5512 peccati,
2271 5437 2327 5491 in
2358 5449 2465 5505 quo
2497 5432 2585 5488 lex
2619 5446 2717 5503 per
2742 5430 3020 5487 carnalem
3071 5441 3315 5488 nostram
3363 5431 3605 5489 volunta-

2012 5577 2176 5648 plane
2196 5569 3148 5648 verbisin_antiquis_ednionibus'S.
3181 5570 3475 5648 Ambrosii,
3508 5587 3608 5633 an-

2012 5642 2233 5724 tequam
2263 5661 2416 5708 suam
2444 5642 2783 5705 Benedictiui
2815 5642 3153 5704 Parisienses
3178 5644 3529 5705 adornarent.
