4004 6312
470 248 568 309 771

1472 240 1539 298 s.
1580 233 1963 297 HIEROAYuI
2000 229 2077 287 OF

2202 224 2283 283 ΗΜ
2322 218 2692 281 MANTtSSA.
3678 213 3749 271 77

472 375 582 423 tem
606 366 786 423 fuerat
805 364 1106 425 inﬁrmata,
1130 369 1294 428 quam
1316 352 1570 411 Christus
1593 369 1783 423 cruce,
1806 362 1863 409 et
1882 363 2066 408 exem-
2097 347 2149 407 Δ
2174 349 2221 395 οι
2248 338 2423 409 utique
2451 351 2556 390 ηοη
2580 334 2689 405 νῐυξε
2713 331 2951 387 totum“
2974 332 3127 404 ejus
3177 338 3236 384 ut
3260 344 3405 385 hunc
3426 328 3648 389 veniret.
3680 326 3794 384 Ve-

474 458 567 531 plo
602 457 894 515 destruxit.

2172 434 2276 488 niet
2300 438 2473 485 autem
2497 443 2614 483 cum
2634 428 2684 482 ei
2706 441 2921 481 vacuum
2936 424 3115 495 fuerit.
3148 420 3398 494 Vigilate,
3411 429 3547 475 state
3568 420 3631 474 in
3646 420 3787 489 ﬁde.

548 549 757 621 Itaque,
786 547 972 617 fratres
1000 539 1099 596 nisi
1137 539 1339 594 dilecti.
1388 537 1616 594 Reddita
1645 533 2072 593 resurrectionis
2171 525 2403 596 Vigilate
2428 521 2632 577 mentis
2658 519 2833 576 oculis
2856 517 2925 573 ad
2947 514 3152 573 diaboli
3188 515 3418 570 astutias
3452 527 3788 585 praeuren-

476 604 709 705 rationc,
830 653 932 708 qua
964 633 1311 697 haesitabant,
1333 631 1582 686 hortatur
1598 644 1694 708 eos
1716 630 1767 684 in
1792 627 1887 683 Dei
1904 640 2073 701 opere
2171 617 2288 674 dus.
2330 615 2505 681 State,
2534 613 2658 685 quia
2688 612 2959 667 stantibus
2988 606 3209 664 difﬁcile
3266 619 3498 660 somnus
3538 604 3787 673 obrepit.

477 746 819 808 permanere,
846 730 959 800 jam
984 734 1169 783 certos
1194 724 1263 780 de
1292 702 1652 779 retributione
1673 722 1875 776 futura.

547 825 772 885 Stabiles
800 832 962 880 estote
996 831 1048 876 et
1079 818 1363 874 immobiles
1389 859 1404 885 ,
1464 815 1786 870 abundantes
1834 819 1890 867 in
1935 812 2077 866 omni

474 938 627 994 opere
648 918 880 985 Domini,
907 930 1107 986 semper
1138 912 1355 965 scientes
1378 950 1394 976 ,
1421 908 1561 977 quod
1610 906 1757 961 labor
1786 914 1950 960 vester
1973 919 2076 957 non

472 1027 551 1071 est
584 1014 752 1069 inanis
777 1012 830 1067 in
860 1009 1107 1064 Domino.
1141 1005 1313 1061 Nemo
1344 1017 1441 1057 vos
1467 1002 1536 1057 de
1574 998 1746 1071 gradu
1777 998 1893 1069 spei
1933 998 2077 1052 lutu-

478 1124 555 1165 τω
578 1109 717 1163 ultra
743 1110 1079 1176 permoveat.
1917 1093 1936 1130 ι

1069 1186 1299 1244 CAPUT
1339 1184 1482 1241 XVI.

551 1288 630 1343 De
655 1288 880 1344 collectis
908 1294 1104 1353 autem,
1130 1298 1249 1354 qua:
1278 1281 1409 1350 ﬁunt
1438 1280 1492 1332 in
1524 1284 1764 1341 sanctos,
1821 1275 1953 1330 sicut
1986 1288 2079 1327 or-

478 1384 653 1436 dinari
682 1382 735 1434 in
767 1378 1011 1433 Ecclesiis
1041 1374 1292 1438 Galatiae,
1328 1374 1398 1427 ita
1426 1381 1474 1426 et
1506 1386 1593 1424 vos
1621 1368 1795 1441 facile.
1824 1366 1901 1422 De
1928 1381 2079 1420 sum-

480 1476 663 1546 ptihus
707 1471 879 1537 dicit,
926 1469 1019 1541 qui
1055 1483 1151 1537 per
1204 1464 1441 1535 singulas
1498 1459 1775 1517 Ecclesias
1824 1457 2077 1524 collecti,

477 1567 881 1637 Jerosolytnam
907 1563 1111 1617 sanctis
1145 1557 1475 1630 pauperibus
1504 1552 1885 1608 mittebantur.

554 1660 659 1714 Per
685 1674 841 1712 unam
864 1654 1084 1710 sabbati.
1108 1651 1227 1709 Una
1256 1648 1471 1705 sabbati
1499 1644 1780 1701 Dominica
1810 1643 1929 1699 dies
1952 1650 2036 1697 est
2061 1658 2075 1695 :

2252 705 2488 764 Viriliter
2517 706 2675 779 agite.
2700 701 2980 759 Muliebris
3008 700 3158 755 enim
3180 697 3365 754 omnis
3404 698 3784 753 inconstantia
3852 762 3863 769 _

2173 811 2228 859 et
2252 802 2491 858 varietas
2532 799 2827 869 indicatur.

2248 895 2318 950 Et
2347 893 2721 965 confortamini
2749 888 2967 946 :omnia
3011 888 3148 943 enim
3194 900 3363 941 vestra
3412 884 3469 938 in
3526 882 3788 937 chariton

2179 993 2331 1063 fiant.
2364 989 2438 1046 Ut
2464 988 2535 1043 sit
2561 992 2616 1043 in
2640 997 2819 1042 vestra
2848 985 3050 1040 virtute
3073 979 3386 1052 profectus,
3438 978 3627 1034 omnia
3677 992 3786 1032 non

2180 1085 2357 1142 inanis
2380 1082 2574 1155 gloria:
2595 1095 2783 1149 causa,
2824 1077 2923 1135 sed
2951 1074 3237 1132 charitatis
3260 1070 3439 1144 gratia
3475 1070 3658 1128 facere
3706 1072 3787 1126 fe-

2176 1176 2401 1234 stinate.

2254 1270 2480 1326 Obsecro
2511 1276 2681 1323 autem
2705 1281 2814 1332 vos,
2847 1265 3075 1336 fratres,
3107 1259 3272 1315 nostis
3306 1258 3524 1314 domum
3554 1256 3787 1329 Stepha-

2177 1381 2259 1421 na:
2286 1375 2334 1419 et
2363 1360 2667 1427 Fortunati,
2690 1367 2742 1414 et
2772 1356 3020 1421 Achaici,
3070 1352 3323 1421 quoniam
3358 1361 3489 1407 sunt
3538 1351 3787 1420 ρτίειιὶιξω

2180 1455 2413 1524 Achaiae,
2445 1463 2492 1508 et
2518 1453 2572 1507 in
2596 1447 2935 1505 ministerium
2961 1457 3264 1501 sanctorum
3297 1442 3664 1497 ordinarunt
3700 1458 3789 1497 se-

2179 1553 2357 1623 ipsos,
2390 1559 2448 1603 ut
2477 1556 2526 1601 et
2550 1560 2638 1600 vos
2666 1543 2861 1599 subditi
2881 1541 2995 1595 sitis
3012 1536 3309 1612 ejusmodi,
3337 1544 3384 1590 et
3410 1535 3553 1589 omni
3576 1549 3786 1603 coope-

2179 1644 2322 1697 ranti
2339 1649 2388 1696 et
2410 1636 2689 1693 laboranti.
2708 1632 2928 1689 Gaudeo
2941 1640 3116 1686 autem
3131 1630 3184 1684 in
3198 1626 3472 1700 .prcsentia
3488 1623 3784 1695 Stephants:

482 1759 625 1811 sicut
654 1755 709 1809 in
738 1750 1036 1822 Evangelia
1088 1747 1315 1813 dicitur,
1373 1733 1661 1799 Dominum
1706 1755 1813 1794 una
1862 1737 2076 1794 sabbati
2109 1736 2158 1797 B
2184 1746 2231 1792 et
2263 1731 2543 1789 Fortunati
2571 1740 2617 1785 et
2648 1727 2884 1795 Achaici,
2915 1726 3160 1797 quoniam
3184 1724 3238 1777 id
3262 1723 3397 1792 quod
3413 1720 3549 1775 vobis
3572 1721 3785 1788 deerat,

483 1847 811 1904 surrexisse.

558 1938 924 2009 Unusquisque
952 1942 1177 1989 vestrum
1205 1929 1348 2002 apud
1373 1945 1427 1983 se
1458 1932 1673 1998 reponat
1710 1966 1725 1991 ,
1757 1921 2039 1979 recondens
2060 1960 2079 1988 ,

481 2035 619 2103 quod
644 2032 691 2085 ei
718 2032 842 2083 bene
866 2027 1141 2099 placuerit,
1176 2033 1231 2078 ut
1257 2039 1356 2077 non
1382 2037 1497 2075 cum
1530 2033 1709 2073 venero
1732 2058 1749 2083 ,
1806 2026 1929 2071 tunc
1966 2012 2079 2068 col-

482 2130 630 2183 lecta:
653 2126 804 2195 fiant.
831 2122 902 2177 Ut
928 2120 1184 2192 paulatim
1216 2122 1584 2180 reservantes,
1626 2127 1733 2168 non
1788 2127 1892 2166 una
1946 2108 2080 2164 hora

482 2219 698 2292 gravari
730 2234 791 2274 se
821 2222 1015 2288 putent
1048 2230 1061 2269 ς
1092 2223 1150 2270 ut
1178 2211 1384 2267 hilares
1426 2208 1653 2264 datores
1709 2205 2005 2276 diligantur
2049 2218 2079 2255 a

486 2314 619 2369 Deo.

555 2403 684 2459 Cum
709 2411 883 2457 autem
920 2415 1143 2472 praesens
1183 2397 1334 2469 fuero
1362 2437 1379 2465 ,
1429 2409 1557 2466 quos
1607 2388 1944 2465 probaveritis
1991 2402 2082 2457 per

481 2496 772 2563 Epistolas,
792 2494 891 2547 hos
924 2494 1123 2546 mittam
1146 2489 1378 2560 perferre
1412 2485 1636 2559 gratiam
1665 2492 1887 2537 vestram
1912 2481 1963 2533 in
1983 2476 2078 2531 Je-

479 2589 727 2645 rusalem.
761 2585 916 2655 Quod
941 2584 987 2639 si
1010 2583 1226 2656 dignum
1256 2580 1451 2651 fuerit,
1484 2586 1538 2633 ut
1565 2593 1662 2648 ego
1693 2590 1804 2629 eam
1833 2590 1851 2629 :
1884 2586 2080 2626 mecunt

482 2684 650 2737 ibunt.
685 2681 901 2737 Veniant
965 2688 1143 2733 autem
1204 2675 1274 2729 ad
1336 2690 1421 2730 vos
1451 2717 1465 2744 ,
1537 2687 1653 2727 cum
1718 2668 2079 2724 Macedoniam

483 2774 853 2847 pertransiero.
916 2769 1055 2825 Nam
1114 2768 1476 2823 Macedoniam
1533 2762 1877 2837 pertransibo.
1926 2761 2079 2832 Apud

482 2884 570 2921 vos
596 2874 767 2920 autem
788 2865 1011 2935 forsitan
1049 2862 1285 2924 manebo,
1316 2860 1395 2913 vel
1416 2858 1572 2913 etiam
1597 2855 1834 2912 hiemabo
1865 2871 1883 2909 :
1910 2863 1963 2907 ut
1994 2869 2081 2908 vos

484 2975 564 3012 me
588 2957 856 3012 deducatis
878 2969 1200 3027 quocumque
1224 2953 1355 3006 iero.
1404 2949 1547 3006 Nolo
1571 2951 1708 3005 enim
1732 2965 1821 3003 vos
1851 2947 2003 3003 modo
2029 2947 2083 3000 in

482 3050 700 3105 transitu
726 3047 916 3102 videre.
954 3044 1120 3117 Spero
1141 3043 1277 3096 enim
1306 3058 1387 3096 me
1417 3039 1803 3113 aliquantulum
1836 3038 2081 3108 temporis

2185 1827 2288 1897 ipsi
2308 1823 2696 1896 suppleverunt.
2733 1817 2872 1887 Quia
2894 1824 3199 1890 pra-sentes
3224 1824 3354 1871 sunt
3381 1811 3525 1883 apud
3550 1825 3649 1866 vos
3668 1853 3683 1877 ,
3730 1819 3787 1864 ct

2184 1920 2236 1974 in
2290 1918 2399 1973 illis
2448 1931 2700 1987 magnum
2758 1910 2990 1983 potestis
3039 1909 3242 1964 habere
3289 1905 3617 1977 profectum.
3656 1903 3789 1958 Sive

2183 2014 2308 2083 quia
2354 2009 2485 2065 mihi
2520 2017 2790 2065 venerunt
2837 2021 2936 2076 pro
2966 2004 3121 2061 vobis
3171 2001 3488 2058 ministrare
3542 1995 3785 2054 cilicium

2184 2101 2487 2158 cliaritatis.

2258 2197 2570 2268 Refecerunt
2625 2195 2762 2259 enim
2808 2200 2867 2247 et
2920 2206 3093 2247 meum
3144 2188 3386 2258 spiritum
3437 2193 3489 2240 et
3540 2194 3784 2239 vestrum.

2183 2289 2358 2346 Meum
2382 2289 2633 2360 spiritum
2662 2286 2968 2353 eharitate,
3029 2296 3127 2355 pro
3173 2279 3330 2337 vobis
3357 2296 3372 2334 :
3405 2288 3647 2335 vestrum
3682 2290 3788 2347 pro

2182 2400 2301 2441 mea
2334 2382 2541 2450 latitia,
2570 2381 2907 2437 refecerunt.

2254 2476 2559 2549 Cognoscite
2582 2490 2706 2545 ergo
2748 2487 2867 2543 qua:
2892 2469 3147 2544 ejusmodi
3174 2475 3319 2525 sunt.
3352 2465 3546 2531 Unde,
3581 2461 3785 2520 etaiihi

2184 2575 2258 2629 ait
2289 2591 2303 2628 :
2330 2569 2663 2640 Cognoscite
2689 2582 2807 2633 eos,
2834 2566 2927 2637 qui
2966 2564 3041 2622 ita
3088 2562 3367 2625 ambulant
3392 2602 3410 2629 ,
3461 2570 3523 2616 ut
3576 2557 3787 2614 habetis

2184 2666 2417 2724 formam
2443 2672 2706 2719 nostram.
2746 2661 2873 2717 Hoc
2894 2659 3238 2731 cognoscite,
3270 2656 3550 2713 honorate
3577 2667 3785 2723 cogno-

2183 2770 2398 2818 scentes
2426 2771 2614 2813 eorum
2636 2754 2880 2811 studium
2905 2752 2989 2808 vel
3016 2751 3289 2807 laborem.

2259 2851 2506 2910 Salutant
2529 2866 2619 2905 vos
2646 2848 2895 2904 Ecclesia:
2915 2847 3074 2905 Asina.
3106 2834 3357 2902 Salutant
3380 2858 3470 2897 vos
3491 2842 3548 2897 in
3562 2840 3789 2895 Domino

2184 2949 2405 3003 multum
2434 2943 2624 3028 Aquila
2650 2953 2695 2998 et
2725 2941 2934 3007 Prisca,
2979 2955 3098 2995 cum
3126 2936 3409 2993 domestica
3458 2950 3553 2989 sua
3602 2930 3790 2986 Eccle-

2184 3044 2285 3110 sia,
2315 3041 2456 3114 apud
2481 3027 2609 3111 quos
2628 3047 2676 3091 et
2702 3034 2960 3105 hospitor.
2986 3032 3238 3089 Salutant
3266 3044 3356 3085 vos
3377 3043 3552 3084 omnes
3574 3027 3784 3099 fratres.

482 3157 691 3195 manere
732 3140 873 3212 apud
894 3154 980 3191 vos
1014 3152 1031 3189 :
1062 3135 1107 3190 si
1162 3133 1417 3189 Dominus
1457 3132 1766 3203 permiserit.
1824 3130 1959 3195 Quia
2007 3131 2077 3185 ita
2105 3128 2150 3191 C
2187 3135 2432 3193 Salutate
2459 3132 2675 3188 invicem
2694 3128 2749 3183 in
2777 3126 2954 3183 osculo
2986 3134 3195 3180 sancto.
3226 3122 3597 3178 Domesticam
3647 3132 3785 3174 oon-

481 3251 543 3293 se
569 3244 732 3307 agunt
763 3231 1109 3296 Macedones,
1138 3236 1196 3283 ut
1225 3242 1334 3282 non
1382 3228 1452 3280 sit
1483 3238 1709 3280 necesse
1754 3222 1888 3278 mihi
1935 3224 2076 3293 apud

483 3346 581 3388 eos
602 3330 806 3386 diutius
827 3323 1103 3384 demorari
1130 3322 1309 3393 :apnd
1343 3335 1440 3375 vos
1481 3328 1665 3374 autem
1699 3332 1923 3373 necesse
1949 3329 2032 3373 est
2057 3358 2075 3385 ,

486 3433 544 3478 ut
593 3436 877 3486 maneam,
929 3418 1013 3472 vel
1060 3415 1319 3472 hiemem.
1362 3409 1520 3467 Multa
1571 3410 1720 3466 enim
1776 3418 1904 3464 sunt
1957 3424 2079 3479 quae

483 3511 824 3583 corrigantur
877 3510 932 3565 in
961 3510 1115 3564 vobis
1144 3524 1160 3564 :
1189 3510 1333 3561 sicut
1368 3501 1614 3559 medicus
1642 3501 1719 3558 ibi
1745 3516 1952 3577 moram
1982 3499 2078 3555 ha-

484 3608 595 3671 bet,
630 3604 721 3657 ubi
746 3604 927 3671 plures
966 3608 1254 3673 trgi-Otum.

556 3694 871 3746 Permanebo
921 3706 1094 3747 autem
1137 3687 1326 3762 Ephesi
1369 3701 1530 3755 usque
1597 3686 1664 3741 ad
1713 3685 2076 3742 Pentecosten.

485 3784 690 3839 Ostium
714 3784 853 3835 enim
879 3784 1008 3837 mihi
1036 3793 1270 3854 apertum
1299 3786 1372 3834 est
1399 3793 1641 3848 magnum
1670 3790 1717 3834 et
1745 3779 1949 3834 evidens
1977 3820 1994 3845 ,
2030 3788 2077 3833 et

483 3874 771 3931 adversarii
794 3873 963 3927 multi.
990 3873 1117 3928 Ideo
1140 3873 1213 3926 ibi
1256 3871 1608 3942 permanebo,
1634 3874 1760 3942 quia
1791 3886 1915 3928 cum
1942 3872 2077 3927 mihi

480 3966 710 4024 evidens
732 3965 894 4020 datus
921 3964 989 4021 sit
1012 3967 1195 4022 aditus
1236 3964 1565 4036 praedicandi
1600 3982 1613 4019 :
1644 3972 1772 4021 sunt
1821 3964 2075 4037 plurimi,

481 4066 571 4136 qni
607 4062 883 4117 resistant.

554 4156 618 4211 Si
647 4162 818 4207 autent
845 4153 1033 4208 venerit
1072 4150 1402 4223 Timotheus,
1446 4154 1609 4209 videte
1647 4162 1703 4209 ut
1744 4153 1855 4208 sine
1895 4152 2079 4207 timore

480 4251 544 4307 sit
567 4249 707 4321 apud
729 4264 835 4302 vos.
869 4246 1015 4318 Opus
1037 4246 1174 4300 enim
1204 4245 1412 4301 Domini
1433 4258 1699 4316 operatur,
1724 4246 1854 4299 sicut
1882 4254 1928 4301 et
1957 4262 2069 4315 ego.

484 4342 569 4398 Ne
594 4341 705 4414 quis
735 4357 854 4412 ergo
881 4340 1032 4394 illunt
1054 4348 1287 4410 spernat.
1318 4337 1450 4395 Sine
1480 4337 1844 4395 tribulationis
1890 4335 2077 4392 formi-

479 4437 630 4503 dine,
655 4435 740 4491 vel
777 4434 940 4490 etiam
972 4433 1143 4487 vestri
1186 4439 1525 4501 contemptu.

2180 3227 2552 3299 gregationem
2579 3220 2957 3289 fraternitatis,
2982 3215 3288 3273 Ecclesiam
3322 3212 3646 3270 nominavit.

2254 3317 2525 3374 Salutatio
2550 3330 2687 3382 mea,
2707 3328 2868 3367 manu
2891 3309 3072 3366 Pauli.
3098 3308 3162 3365 Si
3180 3308 3297 3379 quis
3316 3322 3421 3360 non
3442 3314 3581 3360 autat
3602 3300 3786 3357 Domi-

2181 3429 2305 3468 num
2356 3418 2593 3465 nostrum
2638 3406 2826 3462 Jesum
2866 3402 3156 3470 Christum,
3199 3404 3265 3456 sit
3286 3399 3591 3455 anathema.
3635 3394 3787 3453 Sicut

2181 3505 2308 3570 illis,
2337 3502 2427 3572 qui
2450 3516 2576 3556 eum
2603 3507 2812 3569 amant,
2853 3496 3162 3566 redemptio
3180 3504 3443 3550 venturus
3492 3500 3580 3548 est
3629 3488 3787 3546 Chri-

2180 3606 2297 3654 stus
2329 3614 2343 3651 :
2374 3595 2446 3650 ita
2479 3602 2533 3650 et
2557 3592 2651 3665 qui
2672 3607 2800 3649 eum
2825 3606 2934 3647 non
2956 3594 3166 3656 ament,
3224 3589 3519 3643 anathema
3566 3584 3642 3641 sit
3668 3624 3686 3652 ,
3727 3582 3782 3638 id

2181 3701 2284 3756 est,
2312 3700 2375 3744 ut
2402 3688 2524 3744 illos
2542 3685 2920 3753 abominetur,
2955 3692 3012 3740 et
3038 3680 3256 3754 perdat.

2254 3778 2591 3837 Maranallta.
2624 3777 2793 3848 Magis
2817 3776 3013 3848 Syrum
3062 3782 3149 3831 est
3174 3814 3189 3842 ,
3232 3785 3397 3843 quam
3445 3768 3778 3826 Hebreum:

2183 3874 2398 3931 tametsi
2426 3888 2494 3929 ex
2521 3869 2765 3927 conﬁnio
2799 3880 3158 3938 utrarumque
3206 3865 3519 3935 linguarum
3578 3858 3778 3930 aliquid

2182 3969 2468 4025 Hebraeum
2494 3971 2672 4023 met.
2712 3964 2787 4021 Et
2834 3963 3252 4035 interpretatur,
3300 3958 3559 4015 Dentium
3603 3964 3781 4010 noster

2179 4062 2339 4118 venit.
3770 4092 3771 4095 η

2253 4152 2440 4210 Gratia
2463 4151 2678 4210 Domini
2704 4148 2871 4205 nostri
2902 4146 3038 4203 desit
3088 4144 3279 4202 Christi
3314 4144 3603 4201 vobisctmt.
3640 4142 3779 4199 Pro-

2182 4246 2313 4319 prius
2336 4258 2529 4301 manus
2555 4250 2815 4300 consueta
2844 4239 3195 4309 subscriptio.

2251 4337 2494 4393 Charitas
2522 4351 2638 4392 mea
2663 4351 2777 4390 cum
2806 4331 3043 4389 omnibus
3071 4329 3236 4387 vobis.
3268 4328 3338 4387 Ut
3362 4326 3636 4399 quomodo
3678 4337 3776 4381 vos

2182 4446 2284 4503 ego
2304 4431 2473 4500 diligo
2499 4447 2513 4484 :
2534 4429 2611 4485 ita
2633 4437 2691 4484 et
2716 4429 2769 4484 in
2794 4424 3023 4482 Christo
3052 4424 3285 4481 invicem
3302 4420 3569 4492 diligatis.

554 4527 803 4585 Deducite
828 4535 1000 4581 autem
1029 4522 1177 4580 illum
1206 4524 1259 4577 in
1279 4539 1426 4595 pace,
1455 4532 1509 4577 ut
1531 4525 1702 4577 veniat
1724 4520 1792 4575 ad
1817 4535 1917 4573 me.
1966 4515 2076 4575 Ex-
2104 4527 2158 4588 ι)
2252 4520 2321 4577 In
2347 4518 2555 4575 Christo
2578 4519 2613 4574 δ
2623 4536 2735 4574 esu.
2756 4517 2874 4575 Non
2896 4514 3197 4574 secundum
3220 4513 3406 4571 steculi
3430 4511 3773 4570 duritatem.

477 4635 649 4698 specto
670 4624 802 4677 enim
832 4619 985 4676 illunt
1011 4635 1130 4672 cum
1157 4618 1424 4689 fratribus.
1474 4615 1620 4670 Nihil
1672 4613 2028 4669 admittentes
2052 4653 2069 4681 ,

479 4717 624 4789 quod
654 4716 721 4772 ad
750 4716 944 4771 anima:
965 4714 1085 4783 ejus
1108 4710 1270 4765 faciat
1301 4707 1604 4764 lmsionem.

552 4811 630 4864 De
657 4807 844 4880 Apollo
874 4816 1044 4861 autem
1071 4803 1234 4874 fratre
1256 4800 1394 4855 vobis
1419 4812 1595 4854 notum
1619 4797 1757 4870 facio
1778 4836 1796 4865 ,
1826 4788 2073 4868 quoniam

473 4902 695 4957 multum
725 4900 897 4972 rogavi
919 4913 1057 4966 eum,
1091 4906 1146 4950 ut
1175 4895 1362 4951 veniret
1382 4894 1452 4949 ad
1473 4909 1581 4963 vos,
1614 4908 1733 4946 cum
1778 4889 2029 4959 fratribus
2051 4929 2069 4959 ,

2251 4616 2433 4669 Amen.
2466 4612 2821 4669 Conﬁnnatio
2847 4620 2933 4667 est
2971 4608 3365 4667 benedictionis
3414 4606 3508 4664 hic
3546 4618 3731 4662 sermo
3758 4641 3776 4670 ,

2181 4706 2325 4762 sicut
2347 4705 2598 4778 superius
2629 4704 2747 4775 ipse
2764 4702 3109 4759 demonstrat
3137 4720 3152 4758 :
3177 4699 3472 4772 quosnodo,
3496 4697 3773 4769 inquiens,

2181 4798 2312 4855 dicit
2341 4813 2500 4855 amen
2539 4812 2705 4868 super
2730 4807 2875 4854 tuam
2904 4794 3383 4853 benedictionem?
3568 4791 3576 4799 '

791 5179 911 5265 IN
988 5172 1639 5262 SECUNDAM
1713 5167 2383 5254 EPISTOLAM
2458 5165 2615 5251 AD
2689 5165 3456 5252 CORINTHIOS.

996 5434 1224 5493 CAPUT
1266 5431 1553 5489 PRIMUM.
1969 5508 1973 5513 ἡ

552 5534 753 5592 Paulus
780 5531 1049 5606 apostolus
1075 5527 1108 5582 J
1115 5545 1203 5583 esu
1226 5526 1418 5582 Christi
1445 5566 1459 5589 ,
1495 5539 1584 5595 per
1610 5524 1927 5578 voluntatem
1962 5519 2075 5577 Dei.

477 5628 745 5696 Quaeritur
766 5640 866 5683 cur
897 5626 952 5679 in
970 5622 1238 5678 omnibus
1287 5618 1544 5690 Epistolis
1568 5625 1759 5674 contra
1791 5630 1948 5672 usum
1970 5616 2081 5685 epi-

482 5720 769 5786 stularum,
800 5718 1036 5789 primum
1066 5729 1222 5771 suum
1253 5722 1453 5770 nomen
1479 5720 1675 5785 ponat,
1703 5716 1867 5783 quam
1889 5722 2079 5767 eorum

2184 5429 2250 5484 ad
2295 5443 2432 5499 quos
2462 5426 2662 5482 littera:
2689 5424 3051 5481 destinantur.
3103 5423 3209 5482 Sed
3236 5423 3339 5479 hoc
3360 5417 3425 5478 ei
3458 5418 3781 5477 auctoritate

2184 5521 2467 5591 apostolici
2499 5519 2730 5583 ordinis,
2754 5518 2881 5587 quia
2908 5517 3213 5572 minoribus
3243 5514 3464 5585 scripsit
3490 5532 3501 5566 :
3528 5521 3591 5568 ut
3618 5511 3779 5567 etiam

2184 5612 2370 5667 szrcnli
2403 5609 2615 5678 judices
2642 5609 2826 5663 solent
2850 5610 2917 5664 ad
2948 5622 3073 5676 eos,
3098 5622 3234 5679 quos
3284 5615 3477 5677 regunt
3511 5646 3528 5672 ,
3577 5604 3782 5675 scripta

2184 5702 2447 5774 dirigere.
2477 5700 2582 5758 Per
2605 5700 2945 5759 voluntatem
2965 5701 3086 5769 Dei,
3113 5700 3166 5757 id
3188 5707 3306 5766 est,
3342 5713 3449 5756 non
3497 5696 3784 5755 hominum
