4030 6202
204 238 312 295 777i

964 235 1513 296 COMMENTARIUS
1546 236 1617 295 2N
1660 233 2051 295 nrtsrotsu
2095 238 2136 295 tt
2182 237 2271 294 an
2307 236 2465 296 con.
2506 238 2663 295 car.
2706 206 2777 296 t.’
2824 238 2827 241 λ

3399 238 3508 298 774

202 352 506 422 venustae.
534 350 705 407 Simul
732 351 843 406 vult
862 352 1164 409 ostendere
1208 369 1319 409 non
1358 358 1480 410 sine
1527 353 1804 408 voluntate
1833 354 1880 412 Α
1911 359 2052 407 trum
2082 352 2287 423 majora
2313 367 2628 424 perpessum
2652 398 2666 424 ,
2698 354 3074 411 consolatione
3109 363 3331 426 accepta
3358 397 3374 423 ,
3407 356 3509 412 do-

202 443 381 500 Patris
412 460 470 499 se
501 445 726 500 missum
759 443 1051 501 aChristo.

280 535 349 591 Et
374 534 669 591 Timet/reus
701 539 861 609 frater
888 536 1143 594 Ecclesia:
1173 539 1299 607 Dei,
1331 555 1446 611 qua:
1499 549 1574 595 est
1626 538 1810 594 Corin-
1891 546 1904 555 ‘

208 628 305 681 thi.
338 627 453 683 Non
475 628 637 693 dixit,
659 628 860 683 Paulus
887 639 941 684 et
969 629 1311 695 Timotheus,
1339 631 1459 700 quia
1494 646 1608 685 non
1648 632 1810 685 ambo

208 719 467 789 apostoli.
498 720 577 775 Ad
606 719 985 792 Philippenses
1012 738 1161 786 vero,
1198 724 1285 779 ubi
1340 741 1446 779 non
1488 734 1607 779 erat
1664 735 1808 781 tanta

209 812 510 867 auctoritas
539 814 873 880 necessaria,
904 818 1049 871 servi
1080 817 1247 872 ambo
1279 827 1574 886 penuntur.

282 902 411 957 Cum
432 904 668 959 omnibus
710 906 905 960 sanctis
936 948 952 974 ,
978 909 1066 979 qui
1092 919 1214 964 sunt
1240 911 1293 964 in
1325 912 1560 965 universa
1586 910 1808 966 Achaia.

212 992 311 1048 llic
340 995 513 1049 sancti
546 1004 774 1064 possunt
798 997 970 1068 accipi
995 999 1315 1055 sacerdotes
1340 1042 1355 1064 ,
1397 1002 1487 1072 qui
1533 1002 1585 1055 in
1635 1003 1809 1071 prima

212 1100 492 1159 ponuntur
515 1089 837 1145 invocantes
871 1091 1157 1146 Dominum
1178 1135 1192 1159 ,
1224 1102 1280 1147 et
1313 1093 1379 1150 ad
1432 1093 1809 1163 l’bilipgienses

212 1196 336 1236 eum
366 1181 639 1252 episcopis
667 1190 723 1237 et
751 1181 1092 1245 diaconibns.
1134 1182 1260 1238 Ideo
1281 1194 1464 1239 autem
1498 1193 1810 1250 postca'no-

211 1273 517 1337 minantur,
544 1290 612 1330 uc
643 1288 830 1345 parum
865 1274 1249 1345 intelligentcs,
1279 1290 1377 1330 eos
1406 1276 1809 1344 praetermissos

212 1380 335 1420 esse
365 1374 639 1435 putarent.
681 1364 816 1419 Cum
868 1366 976 1419 sint
1030 1366 1083 1419 in
1136 1365 1374 1420 Ecclesia
1425 1365 1845 1436 courprebeusi'

213 1455 452 1522 Achaiae,
481 1457 635 1527 cujus
656 1468 742 1513 est
766 1458 1085 1527 metmpolis
1111 1457 1430 1514 Corinthus.

288 1547 469 1602 Gratia
500 1548 638 1603 vobis
663 1559 714 1606 et
738 1568 847 1619 pax
866 1567 901 1605 a
932 1550 1038 1605 Deo
1067 1548 1231 1606 Patre
1266 1560 1475 1620 nostro,
1506 1562 1553 1605 et
1581 1550 1807 1607 Domino

213 1638 341 1693 Jesu
370 1638 594 1696 Christo.
624 1642 750 1697 llatae
792 1652 875 1698 est
923 1641 1080 1698 solita
1123 1644 1397 1698 salutatio.
1451 1645 1554 1700 llic
1606 1648 1806 1716 gratias

1912 445 2027 500 lere
2052 444 2273 500 desinit.

1986 537 2244 603 Quoniam
2270 554 2427 607 super
2450 538 2666 591 modum
2684 539 2891 609 gravari
2924 555 3109 593 sumus
3149 556 3310 607 supra
3346 541 3513 595 virtu-

1912 637 2029 684 tem.
2044 628 2220 699 Supra
2244 631 2494 685 virtutem
2518 631 2735 702 gravati
2760 630 3007 700 pondere
3034 632 3371 700 passionum.

1986 719 2073 775 Ita
2094 730 2149 775 ut
2173 721 2383 775 truderet
2416 738 2509 775 nos
2539 722 2692 775 etiam
2726 722 2907 776 vivere.
2960 721 3039 777 ιιι
3080 731 3138 777 ut
3177 722 3316 778 mori
3360 720 3511 777 omni

1910 813 2184 870 desiderio
2221 828 2569 882 caperemus.
3362 799 3365 802 ⁴

1984 905 2091 961 Sed
2125 906 2228 974 ipsi
2262 906 2317 959 in
2344 907 2721 979 nobismetipsis
2756 922 3067 979 responsum
3105 908 3288 960 mortis
3324 906 3508 960 habui-

1910 1012 2024 1050 mus
2044 1037 2061 1063 ,
2088 1005 2146 1050 ut
2170 1013 2277 1051 anon
2301 997 2465 1053 simus
2495 998 2711 1067 ﬁdentes
2740 1000 2793 1054 in
2832 999 3001 1054 nobis.
3047 998 3164 1055 Hoc
3182 1006 3269 1054 est
3294 998 3348 1053 in
3380 1012 3510 1054 nos—

1913 1096 1993 1142 tra
2024 1087 2311 1157 prudentia
2333 1128 2347 1151 ,
2381 1089 2466 1141 vel
2491 1089 2726 1143 cautela.

1984 1178 2090 1233 Sed
2133 1180 2184 1232 in
2226 1175 2337 1231 Deo
2362 1222 2377 1247 ,
2410 1180 2502 1248 qui
2528 1180 2744 1233 suscitat
2775 1189 3026 1235 mortuos.
3073 1179 3193 1251 Ipsa
3226 1193 3375 1235 mors
3402 1178 3505 1235 do-

1910 1268 2021 1325 cuit
2050 1284 2150 1325 nos
2180 1285 2345 1325 omne
2375 1270 2671 1326 humanum
2707 1273 2971 1328 auxilium
2998 1274 3277 1330 defecisse
3313 1293 3325 1327 ε
3357 1283 3415 1329 ει
3443 1273 3512 1329 ab

1910 1362 2003 1417 illo
2024 1362 2143 1418 solo
2169 1362 2495 1433 sperandum
2533 1378 2657 1419 esse
2694 1366 2994 1421 remedium
3014 1407 3029 1433 ,
3073 1368 3160 1422 cui
3191 1369 3354 1423 etiam
3382 1382 3515 1438 pos-

1910 1454 2068 1511 sibile
2091 1465 2176 1509 est
2203 1463 2451 1509 mortuos
2476 1456 2769 1512 suscitare.

1987 1546 2089 1614 Qui
2109 1546 2175 1600 de
2202 1547 2362 1600 tantis
2390 1547 2636 1613 periculis
2662 1563 2758 1602 nos
2788 1548 2976 1619 eripuit
2998 1558 3047 1603 et
3074 1551 3212 1604 eruit
3231 1591 3247 1616 ,
3279 1551 3337 1605 in
3354 1564 3509 1621 quem

1910 1656 2180 1710 speramus
2210 1656 2231 1694 :
2253 1641 2497 1709 quoniam
2527 1650 2576 1695 et
2604 1640 2775 1694 adhuc
2813 1642 3017 1713 eripiet.
3062 1642 3181 1698 Scit
3225 1658 3284 1699 se
3333 1644 3511 1699 adhuc

213 1730 324 1802 agit
357 1732 490 1798 Deo,
526 1733 777 1803 gaudens
816 1749 877 1790 se
900 1734 1024 1790 ideo
1054 1733 1360 1802 consolari,
1394 1744 1454 1790 ut
1503 1738 1618 1807 ipse
1674 1737 1810 1793 alios
1838 1738 1888 1799 Β
1915 1734 2082 1787 tnulta
2115 1747 2421 1801 passurum,
2450 1733 2542 1803 qui
2571 1743 2756 1803 sperat
2784 1749 2844 1789 se
2872 1734 3051 1791 adhuc
3078 1734 3439 1791 liberandum.

213 1825 548 1879 consoletur.

290 1916 602 1974 Benedictus
659 1918 797 1973 Deus
858 1927 903 1973 et
960 1917 1120 1974 Pater
1181 1918 1397 1973 Domini
1467 1919 1627 1974 nostri
1686 1917 1814 1973 Iesu

213 2009 465 2077 Christi,
520 2022 666 2082 pater
721 2012 1211 2067 miscricordiarum.
1260 2012 1393 2081 Quia
1446 2025 1514 2067 ex
1570 2012 1688 2081 ipso
1732 2021 1814 2065 est

214 2103 395 2157 omnis
444 2102 836 2157 misericordia.

289 2194 360 2250 Et
388 2194 529 2251 Deus
573 2197 730 2251 totius
777 2196 1144 2251 consolationis
1172 2211 1190 2249 :
1218 2194 1320 2266 qui
1358 2196 1657 2251 consolatur
1694 2212 1813 2250 nos.

219 2289 275 2343 id
301 2298 404 2356 est,
439 2290 691 2359 perlecta:
718 2290 1137 2358 consolationis,
1162 2290 1296 2361 quia
1330 2304 1439 2345 non
1494 2297 1579 2345 est
1637 2288 1814 2345 minus

219 2383 571 2439 tribulatione
598 2383 868 2437 solatium.

291 2473 357 2529 In
388 2476 528 2529 omni
551 2475 883 2529 tribulatione
905 2484 1104 2530 nostra.
1137 2474 1192 2531 Id
1214 2484 1333 2543 est,
1381 2489 1488 2531 non
1539 2475 1592 2530 in
1622 2475 1815 2546 aliqui-

218 2567 342 2632 bus,
367 2566 461 2623 sed
486 2568 541 2622 in
572 2568 847 2622 omnibus.

298 2658 367 2714 Ut
396 2660 668 2727 possimus,
701 2669 750 2713 et
802 2660 902 2730 ipsi
945 2662 1212 2716 consolari
1265 2677 1389 2730 eos,
1436 2660 1528 2732 qui
1568 2662 1625 2715 iu
1676 2661 1815 2716 omni

219 2766 465 2817 pressura
500 2760 639 2816 sunt,
670 2768 760 2822 per
780 2751 1219 2823 exhortationem,
1248 2771 1355 2825 qua
1396 2757 1729 2810 exhortamur
1770 2765 1817 2809 et

218 2844 325 2912 ipsi
346 2859 379 2897 a
407 2843 539 2897 Deo.
572 2843 626 2898 id
648 2852 732 2899 est
753 2885 771 2912 ,
804 2855 1088 2916 propterea
1124 2847 1441 2912 liberamur,
1494 2858 1551 2903 ut
1601 2858 1658 2904 et
1710 2863 1817 2903 nos

220 2937 358 2991 alios
402 2937 676 2992 consolari
710 2978 726 3005 ,
774 2948 830 2994 et
883 2938 950 2995 de
996 2940 1215 2996 tristitia
1254 2942 1491 2997 liberare
1522 2942 1814 3012 possimus.

223 3032 332 3082 Aut
358 3027 430 3083 ita
458 3026 686 3084 formam
713 3031 809 3085 dat
837 3030 995 3087 nobis
1034 3033 1172 3087 alios
1197 3032 1514 3089 consolandi
1548 3078 1563 3102 ,
1614 3044 1673 3089 ut
1720 3048 1817 3102 per

1988 1825 2365 1896 Adjnvantibus
2390 1836 2437 1881 et
2468 1827 2629 1881 vobis.
2660 1826 2770 1882 Nisi
2802 1827 3055 1884 laborans
3078 1844 3183 1884 non
3211 1828 3416 1887 dicitur
3437 1831 3508 1887 sb

1917 1918 2024 1973 alio
2046 1917 2248 1987 juvat-i.

1991 2009 2057 2066 In
2080 2012 2313 2066 cratium
2350 2028 2444 2083 pro
2470 2013 2641 2069 nobis.
2680 2012 2900 2068 Multum
2937 2014 3081 2069 valet
3121 2016 3297 2071 oratio
3343 2017 3510 2073 totius

1924 2105 2205 2171 Ecclesiae,
2234 2118 2357 2176 quae
2387 2107 2607 2162 Petrum
2637 2105 2706 2161 de
2735 2120 2954 2161 carcere
2976 2106 3251 2162 liberavit.

1994 2197 2063 2253 Ut
2112 2215 2175 2252 ex
2212 2199 2495 2253 multarum
2536 2200 2773 2271 personis
2816 2200 3063 2269 facierttm
3102 2214 3251 2264 elus,
3302 2216 3418 2270 qua:
3457 2202 3514 2257 in

1917 2292 2062 2345 nobis
2089 2300 2162 2345 est
2191 2291 2489 2346 donationis
2510 2332 2524 2354 ,
2558 2308 2647 2362 per
2685 2292 2874 2346 multos
2913 2292 3097 2362 gratia:
3142 2302 3369 2364 agantur
3420 2309 3516 2364 pro

1918 2384 2085 2438 nobis.
2110 2384 2169 2438 Id
2202 2393 2306 2450 est,
2336 2392 2395 2438 ut
2418 2398 2483 2439 ex
2514 2385 2805 2439 multorum
2831 2392 3103 2440 conventu
3134 2401 3235 2456 pro
3258 2399 3327 2440 eo
3362 2386 3512 2454 quod

1917 2477 2075 2531 vobis
2103 2476 2400 2543 donamur,
2429 2477 2659 2532 Domino
2686 2479 2877 2547 gratias
2905 2478 3210 2533 referantur
3243 2496 3256 2533 :
3284 2479 3516 2548 velquis

1918 2567 2105 2624 multis
2128 2568 2313 2623 donati
2336 2583 2521 2624 sumus
2547 2611 2563 2637 ,
2604 2570 2784 2639 plures
2814 2577 3199 2625 eonverteutes
3223 2610 3239 2635 ,
3290 2585 3387 2641 per
3409 2584 3517 2626 nos

1918 2660 2148 2734 gratiam
2179 2669 2366 2732 agunt.

1993 2752 2135 2807 Nam
2165 2752 2333 2824 gloria
2372 2762 2549 2807 nostra
2577 2755 2686 2808 lucc
2712 2763 2809 2807 est.
2841 2752 2968 2809 Ideo
2999 2754 3051 2808 in
3079 2753 3212 2824 ipsis
3251 2752 3520 2823 passioni-

1919 2848 2021 2903 bus
2050 2848 2365 2918 gloriamur,
2401 2849 2657 2919 quoniam
2687 2847 3019 2903 conscientia
3050 2863 3154 2903 non
3184 2848 3408 2903 urinisne
3431 2864 3521 2905 re-

1920 2940 2249 3013 prehendit,
2292 2954 2360 2996 eo
2389 2940 2534 3011 quod
2560 2940 2745 3011 gloriae
2770 2980 2785 3007 ,
2832 2940 2915 2996 vel
2944 2939 3084 2996 lucri
3106 2954 3273 2995 causa
3308 2940 3514 2997 dooere

1919 3034 2224 3089 videamur.

219 3118 682 3187 exhortationem,
710 3137 813 3192 qua
844 3124 997 3192 ipsis
1025 3123 1135 3179 Deo
1156 3124 1529 3187 consolamur,
1559 3139 1821 3194 agnosca-
1847 3111 1894 3176 C
1995 3126 2367 3181 Testimonium
2419 3126 2747 3181 conscientiae
2807 3135 3015 3181 nostra.
3088 3125 3143 3181 Id
3188 3134 3272 3182 est
3296 3168 3311 3191 ,
3371 3124 3515 3182 beati

222 3227 368 3281 mus,
395 3214 539 3285 quod
572 3215 713 3270 Deus
742 3215 1046 3271 timentium
1069 3232 1127 3271 se
1148 3216 1419 3272 neminem
1446 3218 1816 3290 derelinquat,

222 3317 279 3361 et
306 3307 476 3362 multo
499 3309 668 3377 magis
698 3307 751 3363 in
776 3310 959 3363 futuro
989 3317 1334 3377 renumeret,
1365 3324 1502 3381 quos
1552 3313 1719 3366 etiam
1766 3313 1817 3365 in

227 3400 483 3468 praesenti
515 3414 621 3454 non
653 3399 875 3455 deserit.

303 3486 562 3557 Quoniam
582 3492 714 3545 sicut
743 3492 1008 3547 abundant
1030 3494 1294 3563 passiones
1317 3492 1510 3549 Christi
1549 3496 1604 3549 in
1646 3495 1813 3551 nobis.

224 3578 285 3637 lt]
316 3591 419 3649 est,
451 3596 554 3653 pro
582 3583 805 3639 nomine
830 3582 1056 3640 Christi.

303 3673 392 3729 Ita
420 3684 466 3729 et
493 3693 583 3748 per
610 3674 871 3731 Christum
901 3677 1133 3733 abundat
1183 3679 1469 3734 consolatio
1514 3687 1712 3735 nostra.
1757 3678 1826 3735 Ut

230 3769 424 3826 Petrus
451 3778 536 3826 est
558 3769 628 3826 de
656 3785 879 3827 carcere
909 3771 1205 3839 liberatus,
1259 3783 1313 3827 et
1358 3772 1561 3828 Paulus
1614 3773 1827 3830 visione

231 3862 451 3918 Domini
480 3872 535 3918 et
563 3877 695 3920 voce
720 3867 1077 3919 conﬁrmatus
1102 3864 1159 3920 in
1189 3865 1417 3935 templo.

307 3957 429 4013 Sive
461 3968 633 4013 autem
664 3959 976 4013 tribulamur
1025 3974 1121 4031 pro
1150 3967 1319 4013 vestra
1368 3959 1734 4013 exhortatione
1781 3967 1829 4011 et

225 4052 408 4107 salute
440 4067 457 4104 :
490 4052 597 4105 sive
635 4050 1002 4117 consolamur,
1056 4067 1150 4122 pro
1198 4059 1369 4104 vestra
1429 4050 1786 4103 consolatione
1810 4064 1831 4103 :

232 4146 342 4198 sive
379 4134 742 4209 exhortamur,
791 4158 886 4213 pro
915 4150 1082 4195 vestra
1135 4140 1492 4196 exhortatione
1540 4150 1588 4194 et
1641 4142 1828 4196 salute.

234 4235 375 4303 Quia
405 4248 504 4289 vos
534 4233 599 4287 ad
630 4234 859 4288 salutem
890 4233 1172 4288 ltertamur
1206 4251 1217 4287 :
1249 4232 1341 4288 vel
1372 4243 1429 4288 ut
1459 4231 1615 4288 vobis
1643 4247 1831 4288 exem-

237 4329 387 4399 plum
414 4325 713 4381 tolerantiae
741 4327 1101 4396 praebeamus.

318 4421 448 4491 Qua:
475 4431 718 4493 aperatur
758 4419 1084 4474 tolerantiam
1141 4419 1439 4474 earumdem
1484 4418 1788 4490 passionum
1813 4462 1829 4489 ,

241 4531 373 4586 quas
412 4524 456 4569 et
488 4529 580 4567 nos
620 4514 847 4585 patimur
876 4527 898 4567 :
927 4521 981 4566 ut
1025 4527 1142 4585 spes
1194 4521 1372 4568 nostra
1429 4511 1581 4582 ﬁrma
1632 4513 1697 4568 sit
1741 4530 1837 4585 pro

246 4606 411 4661 vobis.
439 4604 498 4661 1d
524 4612 629 4674 est,
658 4605 779 4660 ideo
812 4604 1128 4672 liberamur,
1160 4615 1219 4660 ut
1271 4605 1388 4674 ipsa
1432 4618 1492 4660 re
1540 4604 1835 4660 conﬁrme-

251 4699 381 4755 miui
412 4715 518 4753 non
551 4702 939 4768 pertimescere
967 4698 1268 4767 passiones,
1291 4696 1378 4751 vel
1420 4705 1477 4752 ut
1501 4711 1597 4752 vos
1650 4696 1834 4753 horte-

252 4809 375 4848 mur
408 4793 681 4863 patienter
708 4792 852 4849 ferre
874 4791 991 4857 illa,
1022 4806 1142 4862 qua:
1187 4789 1253 4844 ad
1287 4800 1610 4861 praesentem
1638 4804 1838 4846 conso-

254 4889 509 4944 lationem
542 4886 815 4958 pertinent
843 4894 898 4941 et
927 4885 1186 4940 futuram.

329 4980 557 5036 Scientes
584 4980 828 5049 quoniam
854 4979 985 5033 sicut
1014 4976 1141 5031 socii
1160 4976 1460 5048 passionum
1482 4975 1624 5041 estis,
1649 4973 1724 5031 sic
1744 4975 1845 5029 eri-

260 5074 324 5129 tis
355 5082 402 5127 et
432 5072 818 5127 consolationis.
851 5070 908 5126 ld
934 5078 1039 5139 est,
1071 5068 1191 5125 Isaac
1218 5078 1304 5126 est
1323 5083 1450 5141 epes
1477 5078 1663 5125 nostra
1694 5068 1844 5124 ﬁrma

261 5180 360 5235 pro
386 5165 558 5221 vobis.

339 5254 459 5310 Non
486 5258 621 5310 enim
648 5256 882 5311 volumus
914 5256 1154 5327 ignorare
1176 5271 1264 5310 vos
1288 5295 1303 5321 ,
1334 5254 1521 5324 fratres
1540 5293 1557 5321 ,
1590 5252 1655 5309 de
1687 5253 1851 5309 tribu-

266 5347 455 5404 latione
498 5359 671 5403 nostra
699 5392 714 5417 ,
752 5364 866 5418 quae
910 5348 1047 5417 facta
1088 5356 1162 5402 est
1204 5348 1256 5400 iu
1303 5344 1449 5401 Asia.
1494 5344 1694 5401 Narrat
1725 5361 1852 5401 suas

267 5444 571 5517 passiones,
603 5451 662 5495 ut
690 5442 767 5496 illi
794 5457 852 5497 se
873 5441 938 5496 ad
965 5441 1181 5496 illarum
1205 5438 1661 5511 comparationem
1687 5454 1853 5508 parta

269 5538 382 5609 pati
424 5545 752 5606 cognoscant
783 5578 798 5602 ,
849 5539 1083 5589 maxime
1116 5548 1239 5588 cum
1272 5532 1347 5587 illi
1382 5532 1507 5587 talia
1538 5533 1812 5601 patiantur
1840 5573 1856 5599 ,

266 5629 359 5701 qui
388 5628 501 5681 vice
528 5624 728 5680 Christi
758 5623 971 5681 fuerant
994 5625 1271 5680 destinati.
1301 5623 1455 5680 Sicut
1483 5623 1527 5679 si
1554 5624 1676 5696 quis
1696 5623 1860 5681 disci-

1927 3219 2129 3277 mundo
2153 3217 2351 3285 corde,
2380 3218 2637 3287 quoniam
2668 3218 2771 3287 ipsi
2803 3217 3284 3295 Deum‘videbnnt.

2000 3311 2151 3376 Quod
2172 3310 2226 3363 in
2251 3308 2582 3379 simplicitate
2606 3308 2779 3362 cordis
2812 3318 2859 3362 et
2887 3308 3179 3363 sinceritate
3208 3306 3328 3363 Dei.
3366 3308 3521 3376 Quo-

1927 3403 2092 3459 modo
2122 3402 2262 3457 Deus
2289 3401 2523 3471 simplex
2543 3410 2629 3456 est
2651 3439 2668 3466 ,
2701 3410 2756 3454 et
2787 3400 3057 3455 sincerus.
3178 3476 3181 3479 γ

1999 3494 2066 3550 Et
2092 3513 2194 3550 non
2213 3498 2268 3548 in
2296 3495 2556 3566 sapientia
2594 3493 2826 3559 carnali,
2863 3494 2954 3548 sed
2983 3494 3035 3547 iu
3076 3494 3249 3566 gratia
3281 3493 3379 3550 Dei
3404 3511 3530 3551 con-

1927 3588 2114 3643 versari
2154 3601 2330 3640 sumus
2365 3586 2420 3637 in
2462 3584 2559 3637 hoc
2610 3583 2824 3637 mundo.
2860 3583 2972 3639 Hoc
3005 3597 3112 3640 non
3130 3585 3365 3641 subdole
3389 3626 3406 3656 ,
3437 3587 3527 3642 vel

1929 3690 2109 3736 astute
2128 3679 2386 3732 ducentes
2420 3693 2434 3729 :
2468 3684 2527 3730 ut
2553 3673 2821 3746 sapientia
2842 3676 3101 3743 carnalis,
3130 3692 3253 3747 qua:
3270 3679 3529 3734 mercede

1929 3768 2269 3835 distrahitur,
2303 3767 2396 3824 sed
2422 3768 2593 3838 gratis
2621 3786 2634 3822 :
2666 3769 2809 3824 sicut
2834 3782 2866 3822 a
2895 3768 3009 3825 Deo
3030 3772 3344 3841 accepimus
3373 3812 3391 3839 ,
3439 3772 3526 3828 vel

1931 3865 2027 3922 Dei
2058 3864 2225 3919 solius
2252 3875 2414 3917 causa
2442 3861 2723 3918 docemus.

2004 3953 2367 4009 Abundantius
2392 3963 2561 4008 autem
2593 3954 2661 4006 ad
2686 3969 2794 4009 vos.
2841 3953 2881 4008 Α
2912 3954 3111 4025 quibus
3144 3973 3245 4015 nec
3286 3959 3488 4014 victum
3514 4002 3530 4029 ,

1934 4050 2026 4119 qui
2058 4046 2212 4101 uobis
2232 4044 2353 4115 jure
2381 4045 2612 4101 debetur
2633 4089 2648 4114 ,
2680 4047 3012 4117 accepimus.

2010 4138 2134 4195 Non
2169 4139 2303 4193 enim
2341 4137 2453 4193 alia
2495 4139 2767 4195 scribimus
2818 4141 2980 4196 vobis.
3028 4141 3145 4199 Non
3196 4142 3534 4214 confundor,

1933 4235 2061 4306 quia
2091 4248 2187 4289 vos
2217 4232 2387 4289 nostis
2415 4243 2627 4289 certum
2655 4249 2780 4289 esse
2809 4237 2953 4305 quod
2983 4235 3128 4294 dico.

2011 4325 2181 4391 Quam
2209 4340 2325 4396 qua:
2346 4326 2541 4396 legistis
2560 4336 2608 4379 et
2628 4328 2958 4398 cognovistis.
2983 4328 3037 4383 id
3060 4339 3302 4399 est,qua2
3324 4329 3534 4399 legistis

1942 4414 1996 4472 in
2027 4417 2289 4486 Epistula,
2322 4417 2658 4485 cognovistis
2688 4417 2742 4471 in
2775 4416 3133 4473 conscientia.

2018 4508 2185 4580 Spero
2205 4514 2376 4561 autent
2399 4506 2536 4577 quod
2554 4524 2716 4578 usque
2734 4508 2791 4561 in
2815 4509 2970 4578 ﬁnem
2993 4509 3323 4580 cognoscetis.
3348 4508 3404 4565 Id
3433 4520 3539 4580 est,

1945 4614 2126 4660 certus
2157 4617 2275 4657 sum
2308 4618 2489 4657 meum
2522 4601 2864 4673 prepositum
2893 4618 3000 4657 non
3030 4603 3249 4657 mutari.

2020 4696 2171 4751 Sicut
2199 4704 2247 4751 et
2268 4694 2575 4767 cognovistis
2596 4711 2690 4749 nos
2710 4710 2775 4749 ea:
2792 4703 2963 4765 parte.
2989 4695 3123 4761 Quia
3149 4694 3386 4751 nondum
3417 4696 3540 4755 ﬂuis

1947 4798 2035 4847 est
2062 4806 2074 4843 :
2106 4804 2228 4845 cum
2256 4798 2440 4843 autem
2462 4788 2693 4858 venerit,
2724 4803 2795 4844 ex
2826 4789 3036 4858 integro
3058 4789 3421 4858 cognoscetis.

2025 4883 2163 4950 Quia
2187 4883 2356 4954 gloria
2379 4892 2552 4936 vestra
2586 4898 2763 4937 sumus
2782 4922 2798 4948 ,
2848 4882 2980 4937 sicut
3011 4892 3059 4937 et
3092 4900 3181 4938 vos
3210 4895 3408 4944 nostra.
3450 4887 3544 4945 Sic

1946 4975 2251 5047 gloriantur
2284 4972 2533 5044 discipuli
2578 4974 2647 5030 de
2687 4974 2834 5030 bono
2873 4976 3134 5046 doctore,
3167 4980 3441 5049 quomodo
3479 4992 3536 5038 et

1954 5069 2208 5139 magister
2236 5067 2289 5121 iu
2320 5065 2477 5121 bonis
2503 5065 2786 5135 discipulis
2816 5067 3105 5138 gloriatur.

2028 5158 2094 5214 In
2129 5160 2211 5214 die
2252 5157 2463 5213 Domini
2490 5158 2651 5211 nostri
2672 5156 2802 5213 Jesu
2826 5158 3039 5215 Christi.
3074 5162 3303 5230 Quando
3331 5175 3386 5221 et
3431 5167 3546 5222 veri

1958 5253 2198 5324 magistri
2226 5264 2282 5309 et
2313 5252 2440 5306 boui
2468 5250 2721 5321 discipuli
2752 5252 3150 5321 probabuntur.

2032 5344 2099 5401 Et
2120 5345 2217 5399 hac
2240 5344 2553 5414 conﬁdentia
2575 5344 2715 5397 volui
2740 5344 2886 5414 prius
2915 5348 3090 5402 venire
3118 5350 3187 5402 ad
3211 5364 3320 5404 vos.
3346 5348 3402 5404 Id
3431 5359 3512 5407 est
3531 5392 3549 5420 ,

1961 5441 2102 5514 quod
2134 5439 2261 5494 nihil
2288 5438 2429 5493 aliud
2458 5448 2698 5493 vestrum
2730 5439 2951 5509 (ιιιωείνί
2991 5455 3150 5511 quam
3185 5442 3439 5500 salutem.

2041 5530 2107 5586 Ut
2139 5530 2419 5585 secundam
2460 5529 2678 5600 gratiam
2706 5527 2993 5599 haberetis,
3032 5542 3077 5585 et
3111 5550 3204 5603 per
3241 5549 3328 5587 vos
3379 5545 3552 5591 trans-

1964 5625 2091 5679 irem
2117 5623 2170 5677 in
2201 5620 2591 5687 Macedoniam,
2634 5631 2683 5676 et
2720 5623 2909 5677 iterant
2938 5640 2971 5676 a
3002 5624 3309 5681 Macedonia
3335 5630 3559 5685 veitirem

268 5722 432 5797 pulus
460 5717 644 5776 doleat
674 5732 838 5789 super
864 5717 1059 5790 injuria
1076 5732 1177 5776 sua
1207 5731 1367 5775 :cutn
1400 5716 1635 5776 audierit
1660 5717 1859 5789 magis-
1965 5715 2034 5776 ad
2060 5732 2146 5772 vos
2172 5755 2188 5787 ,
2233 5723 2279 5772 et
2304 5730 2338 5770 a
2368 5714 2510 5771 vobis
2556 5713 3115 5792 deduciinJuda'am.
3145 5718 3283 5788 Quia
3330 5722 3567 5793 primam
