4008 6188
509 228 615 288 775

1511 221 1570 283 S.
1612 219 2001 281 illERONYMl
2038 213 2324 279 OPERUM
2362 216 2727 278 MANTISSA.

3710 208 3811 275 776

502 347 557 404 in
608 346 787 419 primo
830 344 1103 401 habuistis
1135 341 1372 398 adventu
1402 356 1416 394 :
1445 338 1534 396 vel
1562 347 1623 394 ut
1648 340 1875 408 gratiam
1916 350 2111 393 secuu-
2138 336 2189 397 Α
2218 335 2436 391 tristitia
2459 333 2698 390 secundo
2720 331 2986 388 venirem.
3008 327 3110 399 Qui
3135 340 3256 386 cum
3284 327 3521 402 primum
3550 328 3816 389 credidis-

509 442 634 498 dam
668 440 971 513 praisentiac
998 450 1133 492 mea:
1165 442 1286 504 post
1306 434 1514 488 litteras
1543 430 1840 487 haberetis.

586 538 720 591 Cum
762 550 882 605 ergo
935 531 1032 585 hoc
1079 528 1353 584 voluissem
1382 543 1400 581 :
1426 525 1677 596 nuntquid
1734 524 1937 580 levitate
1980 540 2102 580 usus

509 644 624 686 sum
650 628 675 681 Ρ
701 625 836 693 Quia
865 622 1191 693 promissum
1223 635 1333 677 non
1362 620 1693 692 impleverat
1717 660 1731 687 ,
1774 632 1842 675 ne
1866 617 2103 674 levitatis

509 732 704 775 accusa
713 724 862 771 retur
886 728 945 769 se
967 722 1215 769 excusat.
1648 731 1659 760 ι·

580 811 683 863 Ant
712 822 828 879 qua:
851 805 1041 877 cogito,
1068 804 1352 860 secundum
1372 819 1573 859 carnem
1602 804 1792 877 coyito.
1817 801 1875 858 ld
1890 810 1991 871 cst,
2018 814 2106 857 se-

508 903 744 961 cundum
801 901 1073 957 carnalem
1134 899 1518 954 voluntatem:
1552 897 1776 953 carnale
1827 897 1973 951 enim
2019 902 2104 950 est

508 998 744 1069 aliquem
766 995 912 1052 nulla
941 994 1149 1065 majore
1172 1007 1333 1049 causa
1355 992 1625 1047 existente
1649 1006 1757 1046 non
1784 990 1962 1047 iacere
1982 1002 2105 1060 quae

515 1089 787 1163 promisit.

583 1186 652 1242 Ut
681 1185 748 1241 sit
775 1182 919 1256 apud
948 1198 1027 1238 me
1054 1189 1127 1238 est
1154 1227 1168 1253 ,
1210 1189 1257 1237 et
1306 1196 1410 1237 non
1449 1183 1575 1236 est?
1619 1179 1745 1236 ideo
1772 1192 1881 1234 non
1922 1176 2104 1248 cogito

508 1275 808 1334 secundum
838 1289 1059 1332 carnem
1083 1314 1099 1341 ,
1147 1282 1205 1330 ut
1234 1287 1341 1329 non
1369 1272 1606 1330 mendax
1634 1313 1649 1340 ,
1674 1270 1759 1327 vel
1793 1270 1993 1341 duplex
2022 1268 2107 1325 in-

507 1384 715 1425 vemar.

584 1461 789 1517 Fidelis
818 1471 990 1518 autem
1021 1459 1183 1516 Deus.
1236 1458 1311 1515 Ita
1342 1466 1395 1514 et
1429 1471 1529 1513 nos
1551 1497 1565 1523 ,
1611 1470 1708 1527 per
1729 1470 1864 1527 quos
1889 1455 2004 1523 ipse
2025 1454 2104 1509 lo-

512 1554 696 1628 quitur
730 1571 742 1608 :
776 1553 903 1609 dum
936 1568 1060 1609 eum
1094 1553 1396 1616 imitamur,
1425 1565 1535 1605 non
1563 1563 1754 1605 sumus
1776 1547 2045 1603 inﬁdeles.

586 1648 723 1717 Quia
764 1662 932 1703 sermo
973 1654 1144 1701 noster
1190 1645 1280 1716 qui
1321 1644 1420 1714 fuit
1455 1643 1599 1715 apud
1643 1659 1766 1709 vos,
1817 1657 1919 1695 non
1951 1647 2025 1694 est
2050 1638 2105 1692 in

2207 428 2275 484 tis
2296 468 2312 495 ,
2343 426 2484 498 apud
2521 441 2619 482 vos
2648 426 2700 481 in
2726 425 2923 496 gaudio
2948 424 3041 479 lui.

2281 523 2342 580 Si
2370 522 2507 575 enim
2534 536 2628 593 ego
2654 519 2902 574 contristo
2932 534 3019 573 vos
3046 559 3062 586 ,
3102 524 3152 574 et
3177 518 3294 588 quis
3323 526 3397 575 est
3431 519 3527 590 qui
3566 533 3648 574 me
3683 520 3811 575 (teti-

2207 618 2361 688 ﬁcct?
2394 615 2688 686 Propterea
2722 613 2776 669 id
2805 612 2946 670 facio
2967 657 2982 683 ,
3016 620 3077 668 ut
3107 614 3309 684 possim
3339 613 3579 686 gaudere
3621 614 3691 671 de
3719 628 3811 671 vo-

2208 712 2310 768 bis.

2280 805 2402 861 Nisi
2423 805 2511 877 qui
2536 805 2875 861 contristatur
2901 821 2965 862 ea:
2986 820 3086 862 me.
3116 805 3220 875 Qui
3248 806 3395 863 enim
3432 804 3807 875 contristatur,

2206 897 2459 970 intelligit
2487 913 2546 955 se
2571 914 2828 970 peccasse
2856 916 2872 955 :
2898 901 3041 955 sicut
3067 915 3212 969 mger
3236 941 3252 967 ,
3284 901 3376 973 qui
3410 901 3660 957 dolorem
3684 916 3802 957 seu-

2207 990 2308 1058 tit,
2356 999 2533 1061 potest
2564 991 2849 1062 percipere
2886 991 3212 1059 sanitatem,
3254 1000 3310 1048 et
3348 992 3417 1047 ad
3445 991 3642 1049 medici
3674 991 3810 1047 laeti-

2209 1085 2336 1140 tiam
2363 1085 2660 1155 pertinere.

2280 1176 2350 1233 Et
2371 1178 2469 1232 hoc
2489 1179 2661 1249 ipsum
2680 1177 2871 1249 scripsi
2896 1177 3061 1234 vobis.
3093 1176 3254 1233 Modo
3280 1177 3429 1234 enim
3459 1176 3584 1234 ideo
3608 1176 3809 1242 scribo,

2213 1270 2298 1327 vel
2323 1279 2453 1327 ante
2479 1270 2672 1341 scripsi
2698 1312 2713 1337 ,
2744 1280 2804 1326 ut
2833 1270 3032 1327 litteris
3055 1269 3331 1327 emendati
3361 1279 3688 1342 praesentem
3728 1283 3814 1324 me

2205 1364 2445 1436 gaudere
2473 1362 2705 1419 faciatis.

2283 1457 2351 1511 Ut
2371 1473 2475 1511 non
2487 1473 2602 1512 cum
2619 1472 2804 1512 venero
2826 1456 3090 1511 tristitiam
3108 1469 3262 1527 super
3285 1454 3549 1510 tristitiam
3570 1454 3813 1509 habeam.

2206 1540 2506 1605 Tristitiam
2538 1548 2711 1604 habeo
2737 1594 2751 1619 ,
2780 1548 2903 1619 quia
2936 1548 3204 1620 peccastis
3238 1565 3254 1603 :
3285 1562 3403 1618 qum
3443 1546 3614 1617 magis
3646 1559 3819 1615 auge-

2206 1645 2384 1712 bitur,
2413 1644 2459 1699 si
2490 1659 2590 1701 vos
2620 1658 2727 1698 non
2759 1644 3006 1713 perfecte
3031 1643 3220 1699 videro
3243 1638 3601 1699 emendasse.’

506 1742 604 1796 illo
629 1750 704 1796 est
729 1784 743 1809 ,
777 1748 824 1795 et
856 1755 958 1793 non
984 1755 1001 1792 :
1032 1737 1121 1792 sed
1150 1746 1223 1791 est
1251 1737 1305 1790 in
1346 1735 1438 1790 illo
1464 1777 1481 1803 ,
1514 1742 1610 1789 est.
1646 1732 1802 1788 Nulla
1826 1732 1881 1787 in
1902 1746 1969 1786 eo
1990 1745 2106 1785 am-
2136 1732 2185 1793 B
2283 1738 2360 1793 De
2388 1738 2571 1810 quibus
2602 1746 2898 1809 oportuerat
2929 1754 3006 1793 me
3038 1738 3300 1810 gaudere.
3333 1737 3410 1794 De
3439 1736 3633 1809 quibus
3671 1751 3819 1793 sem.

512 1831 742 1903 biguitas
769 1872 785 1898 ,
815 1846 918 1887 nec
946 1844 1046 1885 nos
1069 1830 1221 1884 vobis
1246 1842 1436 1883 sumus
1461 1826 1754 1896 aliquando
1786 1824 2018 1879 mentiti.

584 1924 682 1978 Dei
702 1923 837 1978 enim
858 1920 1026 1977 Filius
1055 1921 1085 1974 Ι
1094 1937 1209 1975 esus
1239 1919 1477 1973 Christus
1500 1961 1514 1986 ,
1540 1918 1628 1988 qui
1658 1918 1709 1971 in
1734 1918 1875 1972 vobis
1900 1932 1989 1987 per
2014 1933 2107 1971 nos

514 2017 826 2090 prtedicatus
856 2021 934 2067 est
964 2028 982 2067 :
1006 2028 1099 2082 per
1121 2027 1199 2065 me
1229 2021 1278 2066 et
1300 2008 1617 2082 Sylvanum,
1654 2020 1704 2064 et
1732 2006 2063 2063 Timotheum
2087 2052 2103 2078 ,

508 2126 614 2163 non
640 2108 808 2178 fuitin
830 2105 923 2161 illo
944 2147 958 2172 ,
990 2114 1066 2161 est
1088 2112 1135 2159 et
1157 2120 1259 2158 non
1284 2146 1298 2171 ,
1339 2105 1428 2157 sed
1458 2112 1533 2157 est
1559 2105 1613 2157 in
1651 2101 1747 2156 illo
1776 2102 1897 2172 fuit.
1929 2101 2109 2170 Quare

505 2218 632 2260 cum
658 2201 1000 2274 promisisset
1036 2200 1117 2255 ire
1147 2212 1210 2255 se
1239 2197 1307 2253 ad
1339 2195 1686 2253 Centurionis
1712 2211 1934 2267 puerum
1953 2234 1969 2260 ,
1998 2209 2107 2249 non

510 2295 775 2368 perrexit.
806 2293 915 2351 Sed
941 2275 1100 2347 alluit
1128 2288 1400 2361 spirituali
1429 2288 1599 2359 gratia
1627 2329 1642 2353 ,
1674 2287 1765 2357 qui
1809 2301 1917 2342 non
1956 2285 2112 2342 aﬁ‘uit

510 2387 800 2461 praesentia
830 2384 1125 2457 corporali.
1150 2382 1258 2439 Sed
1281 2389 1363 2437 cst
1392 2381 1448 2436 in
1480 2381 1571 2435 illo
1599 2378 1698 2434 luit
1726 2395 1738 2433 :
1771 2378 1825 2434 id
1849 2386 1965 2445 est,
2000 2377 2109 2432 im-

511 2482 790 2539 mutabilis
840 2480 1086 2543 veritas,
1135 2486 1197 2531 ut
1240 2474 1308 2531 ad
1356 2473 1577 2546 Moysen
1628 2471 1804 2527 dicit:
1837 2470 1939 2538 Qui
1983 2478 2107 2538 est,

511 2574 659 2633 misit
691 2589 797 2630 me.
832 2572 930 2628 llle
955 2570 1099 2628 enim
1125 2583 1256 2625 vere
1286 2574 1373 2623 est
1394 2609 1408 2634 ,
1450 2566 1543 2637 qul
1573 2578 1791 2633 semper
1829 2563 1969 2617 idem
2002 2569 2107 2616 est.

587 2668 847 2737 Quotquot
891 2665 1028 2721 enim
1057 2661 1425 2734 promissiones
1463 2656 1562 2712 Dei
1588 2666 1708 2713 sunt
1738 2696 1754 2723 ,
1800 2656 1854 2709 in
1886 2654 1981 2709 illo
2011 2661 2107 2708 est.

512 2762 641 2817 Ideo
686 2768 735 2812 et
776 2774 867 2828 per
902 2758 1071 2827 ipsum
1112 2754 1364 2819 dicimus,
1404 2767 1551 2806 amen
1586 2749 1695 2805 Deo
1720 2789 1736 2817 ,
1776 2752 1845 2802 ad
1890 2746 2111 2818 gloriam

513 2859 766 2906 nostram.
796 2847 987 2902 Omnis
1011 2844 1219 2900 veritas
1252 2842 1629 2914 promissionis
1658 2841 1709 2896 in
1737 2837 1956 2895 Christo
1984 2847 2067 2893 est
2092 2877 2109 2906 ,

520 2956 642 3012 qua:
669 2954 765 3010 per
791 2951 887 2992 nos
915 2936 981 2991 ad
1015 2936 1109 2991 Dei
1141 2935 1371 3006 gloriam
1401 2933 1750 3005 prmdicatur.

591 3030 693 3099 Qui
715 3036 886 3084 autem
912 3027 1186 3097 conﬁrmat
1209 3044 1303 3081 nos
1326 3025 1585 3082 vobiscum
1611 3028 1664 3080 in
1691 3024 1920 3080 Christo.
1969 3022 2109 3081 Gra-

2212 1848 2310 1903 per
2334 1832 2568 1904 gaudere
2608 1832 2901 1889 debueram
2930 1873 2946 1901 ,
2984 1833 3070 1889 vel
3103 1831 3171 1888 de
3204 1830 3583 1889 emendatione
3631 1840 3817 1903 gratu-

2213 1925 2338 1981 lari.

2283 2017 2563 2088 Conﬁdens
2597 2017 2652 2072 in
2693 2016 2929 2073 omnibus
2970 2018 3110 2074 vobis
3134 2059 3150 2087 ,
3187 2017 3310 2089 quia
3356 2034 3523 2073 meum
3565 2016 3817 2090 gaudium

2212 2113 2444 2166 omnium
2474 2121 2697 2168 vestrum
2726 2122 2819 2167 est.
2848 2111 2987 2167 Nam
3014 2130 3078 2167 ea:
3104 2114 3267 2168 multa
3289 2112 3623 2168 tribulatione
3650 2123 3698 2166 ct
3722 2130 3819 2167 an-

2211 2205 2381 2274 gustia
2425 2205 2619 2262 cordis.
2671 2204 2727 2260 Id
2759 2213 2882 2273 est,
2919 2205 3135 2261 conﬁdo
3169 2219 3265 2261 vos
3305 2205 3615 2277 intelligere
3637 2246 3653 2273 ,
3685 2204 3814 2274 quia

2211 2305 2343 2353 tunc
2390 2296 2458 2354 sit
2487 2313 2674 2353 Verum
2724 2298 2978 2370 gaudium
3024 2308 3261 2355 vestrum
3290 2301 3337 2355 si
3381 2314 3484 2371 ego
3513 2300 3809 2370 gaudeam.

2212 2388 2340 2446 Sive
2363 2390 2578 2446 conﬁdo
2601 2390 2742 2460 quod
2771 2406 2859 2447 me
2893 2392 3074 2446 taliter
3103 2391 3362 2463 diligatis,
3395 2400 3453 2445 ut
3477 2406 3660 2447 meum
3688 2405 3822 2462 gau-

2213 2482 2360 2539 dium
2386 2496 2626 2540 vestrum
2653 2499 2775 2541 esse
2799 2485 3011 2541 dicatis.

2286 2579 2489 2653 Scripsi
2518 2581 2661 2636 vobis
2683 2598 2774 2653 per
2804 2584 2992 2638 multas
3014 2581 3297 2654 lacrymas.
3324 2581 3561 2638 Primam
3592 2581 3826 2653 Episto-

2212 2671 2317 2728 lam
2344 2714 2359 2739 ,
2385 2687 2487 2744 qua
2518 2688 2612 2728 vos
2641 2675 2917 2746 corripui:
2954 2685 3009 2731 ct
3036 2675 3165 2732 hinc
3192 2675 3622 2747 intelligendum,
3650 2692 3822 2747 quam

2216 2763 2381 2820 fuerit
2409 2764 2476 2821 de
2500 2767 2742 2821 omnium
2772 2769 2947 2823 salute
2971 2769 3263 2826 sollicitus.

2285 2857 2409 2914 Non
2438 2867 2492 2913 ut
2515 2860 2917 2927 contristemini,
2958 2863 3049 2916 sed
3088 2872 3145 2916 ut
3180 2863 3356 2919 sciatis
3393 2879 3548 2936 quant
3587 2863 3822 2919 charita-

2216 2958 2313 3005 tem
2336 2950 2572 3007 habeam.
2606 2951 2725 3007 Non
2769 2951 2894 3007 idco
2930 2968 3302 3011 commemoro
3329 2996 3345 3020 ,
3376 2965 3436 3011 ut
3460 2956 3658 3012 iterum
3684 2972 3821 3013 con-

2215 3044 2504 3100 tristemini
2535 3086 2550 3111 ,
2594 3044 2692 3101 scd
2715 3053 2772 3100 ut
2801 3045 2986 3101 sciatis
3015 3061 3100 3103 me
3130 3048 3313 3103 omnia
3342 3048 3399 3104 in
3433 3049 3703 3107 charitate
3737 3049 3819 3106 le—

517 3124 591 3179 tia
616 3132 673 3178 et
699 3120 968 3177 doctrina.
1006 3120 1073 3175 Et
1093 3120 1215 3191 quia
1243 3119 1457 3175 dixerat
1494 3134 1593 3187 per
1635 3133 1768 3184 nos,
1816 3118 1979 3173 modo
2020 3132 2111 3171 os-
2139 3116 2185 3182 C
2215 3137 2378 3193 cisse.

521 3214 695 3273 tendit
739 3214 914 3270 Deum
964 3220 1134 3269 totum
1184 3212 1405 3281 facere,
1454 3212 1546 3283 qui
1590 3212 1642 3266 in
1672 3212 1752 3266 eis
1786 3212 1887 3267 ista
1926 3212 2109 3268 omnia

514 3322 772 3388 operatus
798 3321 901 3369 est.

590 3407 659 3461 Et
684 3406 773 3479 qui
803 3405 955 3460 unxit
984 3418 1076 3460 nos
1105 3401 1266 3457 Deus.
1299 3400 1505 3472 Spiritu
1535 3407 1724 3457 sancto
1750 3441 1765 3469 ,
1795 3401 1884 3457 vel
1930 3400 2107 3457 chris-

519 3508 684 3558 mate.

588 3591 658 3648 Et
687 3591 774 3663 qui
799 3590 1160 3662 signavitnos.
1203 3586 1337 3644 Illud
1384 3588 1667 3660 signatur,
1715 3587 1861 3660 quod
1910 3586 2109 3658 aliquid

523 3685 851 3741 intrinsecus
880 3681 1129 3738 continet
1155 3680 1474 3752 pretiosum.

588 3775 746 3830 Dedit
772 3775 960 3845 pignus
999 3775 1218 3845 spiritus
1258 3773 1313 3826 in
1359 3771 1601 3827 cordibus
1642 3771 1855 3826 nostris.
1898 3769 1955 3827 Id
1985 3778 2108 3839 est,

513 3882 615 3940 pro
645 3865 838 3932 arrha,
863 3865 1091 3935 spiritus
1118 3864 1349 3935 gratiam
1376 3880 1390 3916 ε
1417 3863 1593 3918 omnis
1617 3873 1796 3920 autem
1829 3865 1986 3919 arrha
2012 3879 2112 3935 pro

514 3957 885 4030 magnitudine
924 3956 1083 4027 pretii
1125 3957 1243 4011 dari
1288 3956 1451 4012 solet.
1498 3956 1773 4025 Quantum
1820 3972 1951 4030 ergo
1982 3971 2110 4027 pre-

518 4054 651 4110 tium
677 4061 763 4108 est
785 4093 801 4119 ,
833 4051 989 4122 cujus
1012 4060 1163 4107 tanta
1192 4061 1275 4106 est
1302 4050 1487 4106 arrha.

589 4146 706 4218 Ego
751 4151 925 4201 autem
969 4153 1149 4199 testem
1189 4142 1359 4198 Deum
1394 4144 1593 4199 invoco.
1650 4143 1850 4199 Reddit
1890 4158 2108 4200 causam

517 4255 624 4296 non
650 4238 863 4309 impleti
892 4236 1142 4308 promissi
1177 4252 1191 4290 :
1217 4235 1320 4291 hoc
1348 4250 1455 4291 non
1483 4250 1595 4291 sua:
1618 4234 1848 4304 levitati,
1875 4236 1969 4292 sed
1993 4236 2113 4293 illo-

515 4348 635 4390 rum
664 4330 963 4387 inﬁrmitati
994 4327 1601 4398 asseritdeputandum.

587 4425 654 4480 In
679 4426 910 4479 animam
943 4438 1133 4477 meam.
1165 4420 1335 4492 Cujus
1357 4429 1566 4477 secreta
1600 4420 1747 4476 solus
1772 4420 2034 4493 agnoscit.

2286 3230 2650 3287 Abundantius
2697 3231 2753 3287 in
2808 3230 2972 3288 vobis.
3026 3231 3108 3287 Ex
3153 3230 3350 3303 majori
3402 3232 3811 3302 sollicitudine,

2217 3323 2666 3381 abundantiorem
2689 3328 3007 3396 cognoscite
3028 3327 3373 3383 charitatem.

2283 3417 2348 3474 Si
2376 3421 2492 3489 quis
2530 3428 2701 3474 autent
2743 3422 3062 3477 contristavit
3088 3438 3201 3489 me,
3234 3439 3337 3476 non
3366 3439 3445 3478 me
3472 3422 3814 3479 contristavit.

2209 3510 2345 3579 Quia
2376 3525 2475 3581 per
2499 3512 2645 3569 illius
2667 3524 2951 3585 peccatum
2979 3531 3075 3571 vos
3102 3518 3264 3573 etiam
3286 3518 3553 3590 correpti,
3580 3520 3819 3589 amplius

2210 3604 2534 3676 profecistis.
2565 3606 2689 3663 Sivc
2711 3650 2727 3675 ,
2756 3608 2847 3680 qui
2872 3624 2959 3666 me
2984 3610 3313 3680 emendavit,
3348 3627 3458 3667 non
3487 3626 3573 3668 me
3601 3613 3819 3684 penitus

2211 3697 2584 3753 contrismvit.

2286 3788 2393 3844 Sed
2426 3805 2489 3844 ex
2520 3797 2689 3862 parte.
2724 3789 2781 3846 id
2813 3798 2898 3847 est
2921 3835 2935 3859 ,
2983 3807 3050 3849 ex
3076 3806 3140 3850 ea
3169 3793 3341 3850 solum
3363 3802 3518 3866 parte
3540 3842 3554 3868 ,
3587 3810 3691 3868 qua
3719 3810 3816 3853 no-

2214 3880 2326 3938 cuit
2354 3881 2455 3938 sibi
2491 3882 2659 3938 :dum
2688 3883 2765 3940 illi
2800 3899 3024 3941 necesse
3050 3895 3134 3943 est
3163 3887 3449 3959 paenitere.

2289 3973 2358 4031 Ut
2380 3993 2483 4031 non
2510 3993 2714 4033 onerent
2738 3995 2913 4034 omnes
2937 3997 3044 4035 vos.
3078 3978 3207 4037 Ideo
3235 3983 3414 4039 scribo
3440 3999 3564 4039 eum
3610 3984 3812 4056 recipi.

2215 4076 2276 4123 ut
2313 4085 2419 4125 non
2468 4070 2772 4128 oneremini
2802 4117 2815 4142 ,
2852 4072 2898 4128 si
2940 4087 3036 4144 per
3059 4084 3297 4132 vestram
3330 4075 3585 4133 duritiam
3617 4076 3814 4150 despc-

2213 4161 2416 4218 raverit
2447 4162 2517 4219 de
2541 4162 2737 4220 salute.

2288 4251 2503 4323 Sufﬁcit
2543 4253 2657 4322 illi,
2686 4254 2772 4325 qui
2802 4256 3059 4328 ejusmodi
3088 4265 3162 4312 est
3188 4299 3203 4326 ,
3237 4258 3532 4334 objurgatio
3562 4259 3671 4314 hare
3696 4275 3814 4331 qua:

2214 4344 2275 4413 ﬁt
2301 4361 2333 4399 a
2357 4345 2613 4415 pluribus.
2645 4345 2761 4402 Non
2790 4346 2859 4403 de
2888 4347 2988 4403 illo
3014 4350 3189 4407 solum
3218 4351 3383 4423 dicit,
3408 4354 3497 4424 qui
3525 4361 3813 4422 paternum

2214 4436 2406 4507 polluit
2434 4438 2649 4492 thorum
2677 4480 2693 4505 ,
2727 4439 2822 4494 sed
2855 4439 2923 4496 de
2955 4442 3103 4497 omni
3132 4451 3429 4514 peccante:
3455 4458 3575 4498 nam
3608 4443 3815 4500 multos

588 4520 739 4587 Quod
769 4534 987 4591 parcens
1016 4517 1157 4572 vobis
1182 4557 1199 4585 ,
1228 4531 1331 4571 non
1361 4516 1473 4570 veni
1500 4513 1639 4570 ultra
1678 4514 1998 4571 Corinthum.
2033 4513 2111 4571 Ne
2140 4496 2193 4560 Ῑ)
2216 4496 2329 4586 {me
2359 4544 2646 4600 peccasse,
2674 4496 2922 4602 Ερίειοιει
2948 4496 3499 4606 ρνίτηέάῶόῆέὶωί,

512 4614 567 4672 iu
598 4614 750 4671 vobis
776 4611 957 4669 acrius
990 4610 1344 4667 vindicarem.
1747 4671 1752 4677 ,

585 4709 709 4764 Non
734 4708 856 4780 quia
880 4707 1212 4763 dominamur
1234 4705 1359 4776 ﬁdei
1378 4712 1562 4759 vestra!
1579 4748 1593 4774 ,
1617 4702 1709 4759 sed
1733 4703 2000 4774 adjutores
2021 4720 2109 4758 su-

513 4821 626 4859 mus
650 4802 829 4876 gaudii
851 4800 1024 4855 vestri.
1047 4799 1162 4855 Non
1183 4797 1326 4870 quod
1348 4798 1470 4854 ideo
1493 4797 1854 4865 credideritis,
1876 4805 1932 4852 ut
1951 4797 2109 4854 vobis

514 4898 856 4953 dominemur
880 4937 895 4962 ,
930 4895 1075 4951 sicut
1118 4895 1171 4949 in
1219 4894 1337 4965 lege
1371 4892 1683 4950 sacerdotes
1718 4912 1731 4946 :
1764 4903 1819 4949 et
1847 4891 1971 4947 ideo
2007 4908 2105 4949 vos

513 4999 813 5044 terremus:
845 4987 941 5045 sed
983 4986 1165 5043 omnia
1210 4984 1275 5041 ad
1308 4993 1543 5041 vestram
1586 4983 1815 5040 facimus
1840 4983 2102 5040 emenda-

509 5084 713 5137 tionem
749 5099 763 5135 :
796 5089 855 5135 ut
884 5079 969 5136 hic
997 5082 1049 5135 in
1081 5078 1447 5146 conscientia,
1481 5087 1537 5134 et
1574 5078 1629 5134 in
1666 5086 1937 5149 perpetuo
1972 5092 2104 5149 gau-

510 5175 717 5242 deatis,
747 5189 817 5230 ne
846 5174 962 5245 ipsa
994 5174 1242 5230 libertate
1270 5172 1355 5228 ttsi
1384 5171 1593 5229 fueritis
1615 5172 1669 5227 in
1701 5172 1879 5242 pejus.

585 5269 724 5324 Nam
749 5266 854 5337 ﬁde
883 5267 1050 5322 statis.
1087 5264 1250 5335 Fide,
1277 5280 1390 5322 non
1419 5264 1537 5336 lege
1557 5306 1573 5334 ,
1604 5263 1655 5320 id
1683 5272 1766 5322 est
1790 5304 1806 5331 ,
1829 5263 2103 5321 credendo

510 5363 728 5423 Christo
753 5369 902 5420 stare
930 5358 1197 5432 ctepistis.

1132 5492 1359 5553 CAPUT
1399 5492 1463 5550 ll.

587 5633 759 5691 Statui
787 5642 957 5689 autem
977 5634 1075 5688 hoc
1094 5632 1265 5707 ipsum
1284 5631 1424 5706 apud
1451 5647 1531 5688 me
1563 5646 1583 5690 :
1610 5647 1672 5689 ne
1697 5631 1880 5689 iterum
1902 5630 1953 5688 in
1975 5628 2100 5687 tris-

523 5724 687 5781 titiam
718 5726 938 5781 venirem
963 5726 1032 5781 ad
1052 5739 1158 5781 vos.
1189 5724 1434 5798 Cogitavi
1463 5766 1478 5796 ,
1520 5725 1604 5783 vel
1636 5724 1873 5796 disposui
1900 5770 1914 5799 ,
1948 5740 2016 5783 ne
2048 5727 2098 5785 in

2286 4620 2371 4677 Ita
2397 4632 2448 4677 ut
2478 4625 2769 4680 econtrario
2797 4628 2963 4699 magis
2986 4629 3206 4685 douctis.
3251 4628 3314 4685 Ut
3339 4635 3527 4685 contra
3553 4627 3815 4704 objurga-

2212 4714 2416 4771 tionem
2458 4716 2672 4774 douctis
2703 4719 2945 4777 veniam.

2286 4804 2353 4861 Et
2392 4810 2747 4866 consolemini.
2804 4810 2997 4870 Verbis
3046 4812 3327 4885 propheta:
3356 4811 3590 4869 dicentis
3623 4830 3635 4866 :
3671 4812 3812 4870 Nolo

2213 4908 2441 4958 mortem
2464 4904 2787 4973 peccatoris.
2813 4903 2902 4973 Et,
2929 4906 3147 4978 iniquus
3166 4920 3505 4977 quacumque
3531 4905 3618 4962 die
3642 4906 3812 4964 fuerit

2210 5004 2507 5049 conversus
2535 5036 2550 5059 ,
2583 5012 2690 5051 non
2716 4997 3164 5053 memorabuntur
3192 5004 3411 5066 peccata
3443 4997 3585 5071 ejus.

2285 5084 2371 5140 Ne
2389 5085 2524 5157 forte
2552 5089 2920 5144 abundantiori
2949 5090 3156 5145 tristitia
3177 5089 3535 5156 absorbeatur,
3558 5092 3651 5163 qui
3675 5096 3809 5165 ejus-

2211 5179 2350 5234 modi
2387 5191 2484 5236 est.
2532 5181 2612 5238 Ne
2654 5183 2795 5241 forte
2843 5200 2942 5256 per
2981 5184 3418 5257 desperationem
3450 5186 3803 5260 indulgentia:

2210 5271 2570 5330 absorbeatur
2598 5278 2811 5348 gurgite
2838 5276 3095 5333 vitiorum
3124 5320 3138 5345 ,
3180 5289 3237 5334 et
3262 5293 3291 5333 a
3323 5279 3548 5336 diabolo
3576 5296 3802 5353 persua-

2210 5377 2303 5418 sus
2326 5407 2341 5431 ,
2374 5364 2440 5419 ad
2480 5364 2816 5425 inﬁdelitatis
2845 5377 2897 5426 et
2922 5368 3279 5442 blaSphemitc
3307 5372 3517 5444 majora
3550 5373 3799 5447 praccipio

2206 5455 2277 5511 tia
2310 5455 2640 5514 deducatur.

2276 5547 2499 5621 Propter
2533 5553 2671 5621 quod
2711 5552 2922 5611 obsecro
2960 5572 3080 5625 vos,
3119 5566 3176 5612 ut
3218 5559 3537 5631 cattﬁrmetis
3566 5562 3621 5618 in
3650 5562 3800 5618 illum

2201 5639 2523 5697 charitatem.
2556 5642 2672 5711 Qua
2695 5644 2943 5718 perfecte
2970 5661 3325 5723 recognoscat
3347 5668 3408 5714 se
3436 5655 3646 5714 veniam
3674 5668 3801 5715 con-

2204 5746 2471 5797 secutum.
2796 5740 2797 5743 “
2831 5742 2837 5748 ”
2877 5742 2967 5751 “"
3320 5749 3331 5755 ’
