4008 6188
174 262 261 323 777

892 256 1439 322 COMMENTARIUS
1480 259 1545 320 IN
1586 258 1975 322 EPISTOLAM
2016 259 2060 320 ll
2099 260 2191 319 AD
2220 258 2378 319 COR.
2410 261 2563 321 CAP.
2593 261 2685 320 ill.

3330 262 3437 322 778

229 380 359 438 ideo
382 380 521 437 enim
567 386 617 437 et
658 380 845 451 scripsi
882 381 1019 436 vobis
1044 421 1059 449 ,
1113 388 1169 433 ut
1201 394 1505 450 cognoscam
1535 380 1741 450 experi-
1769 383 1823 441 Α
1848 378 1968 434 Dei.
2001 376 2496 449 Pseudoapostolos
2541 379 2732 449 tangit,
2765 375 3061 433 humanum
3103 389 3325 433 sensum
3351 378 3437 433 di-

164 484 369 530 mentttm
398 485 622 530 uestrum
644 491 713 529 an
741 474 798 527 in
826 472 1061 527 omnibus
1084 471 1372 526 obedientes
1399 471 1532 526 sitis.
1560 470 1632 527 Ut
1661 471 1741 525 vi-

164 566 301 623 deam
351 569 397 622 si
448 565 723 638 quomodo
777 563 1081 620 obaudistis
1130 564 1185 618 in
1246 561 1575 618 vindicando
1614 580 1626 616 :
1663 564 1736 618 ita

162 659 447 716 obaudiatis
487 660 539 714 in
567 656 920 728 indulgendo.
965 655 1284 712 Obedientia
1313 656 1459 711 enim
1486 655 1583 711 illa
1611 667 1739 711 vera

164 760 214 808 et
238 751 467 824 perfecta
495 761 580 807 est
605 792 620 816 ,
651 765 772 821 qua:
796 750 849 805 in
882 748 1032 805 nullo
1060 750 1388 805 contemnit.

228 845 311 900 Cui
348 858 519 902 autem
554 844 754 915 aliquid
787 844 1024 911 donatis,
1057 852 1105 898 et
1133 859 1247 915 ego.
1278 842 1431 899 Sicut
1457 842 1739 900 vobiscum

163 939 410 997 vindicavi
435 957 450 996 :
478 940 553 995 ita
583 948 641 996 et
659 939 803 995 dono
832 939 1134 995 vobiscum.

230 1032 361 1088 Nam
385 1042 433 1089 et
462 1050 553 1105 ego
582 1033 722 1105 quod
744 1032 959 1089 donavi.
985 1031 1103 1087 Non
1132 1031 1187 1087 in
1217 1045 1337 1087 mea
1364 1044 1620 1101 persona,
1645 1031 1741 1087 scd

165 1126 214 1183 in
237 1126 448 1193 Christi,
474 1127 565 1197 qui
588 1125 723 1181 dixit
751 1142 763 1179 :
788 1125 1155 1196 Quaecumque
1183 1121 1462 1181 solveritis
1489 1122 1544 1179 in
1567 1132 1741 1192 terra,

166 1227 383 1277 erantet
410 1219 464 1273 in
496 1218 639 1275 coelo
668 1217 866 1275 soluta.

200 1311 287 1369 «εξ
312 1311 437 1382 quid
468 1311 689 1380 donavi,
734 1317 948 1383 propter
982 1324 1091 1366 vos.
1136 1306 1218 1365 Ne
1256 1322 1359 1365 vos
1402 1305 1741 1380 gravemini,

165 1403 245 1460 vel
270 1403 683 1459 contristemini.

231 1494 292 1549 In
315 1511 535 1567 persona
562 1492 774 1550 Christi.
799 1493 937 1562 Quia
963 1494 1082 1550 vice
1106 1492 1380 1565 fungimur
1402 1490 1627 1548 Christi.

236 1585 299 1641 Ut
322 1602 424 1641 non
449 1586 911 1641 circnmveniamur
940 1601 972 1639 a
994 1584 1217 1641 Satana.
1252 1582 1376 1639 Non
1417 1584 1554 1639 enim
1595 1582 1748 1653 igno-

166 1692 329 1731 ramus
369 1677 707 1749 cogitationes
754 1678 893 1746 ejus.
935 1676 1045 1732 Nec
1082 1677 1231 1732 enim
1272 1676 1392 1747 ejus
1434 1675 1748 1746 ignoramus

1844 471 1985 526 vinas
2013 470 2390 543 prazdicationi
2415 471 2730 527 miscentes.
2762 469 2919 527 Unde
2947 468 3113 525 lsaias
3141 469 3216 525 ait
3247 488 3259 523 :
3288 467 3436 525 Cau-

1844 576 2018 633 pones
2049 563 2127 618 tui
2151 563 2384 619 miscent
2411 563 2543 620 vino
2560 578 2777 635 aquam,
2809 561 2862 618 id
2892 572 2998 633 est,
3031 578 3195 619 mera:
3224 562 3429 618 doctri-

1844 672 1929 713 nte
1955 656 2287 715 adulationis
2330 657 2515 713 mollia
2562 658 2728 714 verba
2758 655 2994 728 :qnibus
3026 655 3281 712 homines
3322 670 3436 714 non

1844 757 1955 806 tam
1986 750 2240 807 inebriati
2270 750 2536 819 ferveant,
2564 765 2725 823 quam
2755 748 3009 806 delectati
3036 749 3339 805 tabescant.

1918 841 2027 898 Sed
2051 858 2116 897 ea:
2134 844 2453 913 sinceritate,
2477 843 2611 897 sicut
2641 860 2703 899 ex
2723 843 2854 912 Deo,
2877 858 3054 897 coram
3074 841 3185 898 Deo
3205 844 3261 897 in
3290 841 3444 897 Chri-

1844 944 1925 991 sto
1964 935 2245 1006 loquimur.
2274 934 2357 991 Ex
2387 935 2500 992 Deo
2530 935 2795 1007 processit
2815 934 3101 1006 .doctrina,
3140 949 3302 1006 quam
3330 934 3440 990 sci-

1845 1042 1990 1095 mus,
2024 1029 2142 1101 ipso
2174 1036 2459 1100 praesente,
2492 1027 2545 1083 in
2577 1041 2807 1099 persona
2861 1025 3048 1086 dicere
3092 1026 3296 1084 Christi
3328 1044 3343 1081 :
3383 1026 3439 1083 id

1845 1127 1949 1190 est,
1978 1120 2119 1178 sicut
2143 1122 2263 1192 ipse
2287 1119 2634 1192 prtedicavit.

1918 1324 2210 1402 Incipimus
2230 1329 2418 1385 iterum
2440 1330 2781 1401 nosmetipsos
2811 1327 3214 1383 commendare?
3238 1327 3355 1385 Non
3383 1337 3446 1386 ut

1848 1420 2293 1477 commendemus
2320 1435 2421 1478 nos
2461 1420 2615 1477 vobis
2647 1420 2749 1476 ista
2783 1418 3041 1488 dicendo,
3074 1419 3298 1477 laudare
3340 1435 3446 1478 nos

1847 1514 2101 1571 volumus
2127 1532 2142 1569 :
2168 1514 2264 1571 sed
2295 1514 2413 1572 haec
2451 1530 2519 1572 ne
2556 1514 2627 1571 ab
2655 1513 2781 1571 aliis
2808 1513 3170 1584 seducamini,
3202 1515 3451 1587 cogimur

1849 1619 2306 1664 commemorare.

1922 1697 2027 1752 Aut
2062 1698 2316 1770 numquid
2353 1714 2560 1771 egemus
2598 1698 2733 1753 sicut
2757 1698 2973 1770 quidam
3014 1699 3450 1755 commendatitiis

163 1770 441 1826 versutias.
486 1768 635 1824 Idem
684 1769 934 1825 similiter
981 1768 1339 1825 circumvenit
1386 1782 1484 1838 per
1523 1766 1747 1822 nimiam
1777 1771 1825 1833 Β
1853 1791 2085 1861 epistolis
2107 1792 2176 1845 ad
2202 1766 2315 1859 ὑπ’
2343 1766 2434 1845 αξη
2468 1807 2534 1847 η
2559 1790 2744 1847 νοω.)
2769 1766 2922 1857 Quos
2948 1806 3058 1847 non
3100 1792 3448 1849 commendat

165 1866 408 1923 duritiam
454 1875 796 1937 peccatores,
847 1872 906 1921 ut
939 1872 1166 1937 pereant
1210 1863 1750 1934 desperando:quo-

164 1960 319 2018 modo
351 1961 515 2016 nimia
562 1960 887 2016 remissione
936 1959 1161 2015 minime
1204 1956 1548 2029 corrigendo.
1597 1955 1753 2013 Unde

165 2050 419 2109 Salomon
443 2052 519 2107 ait
544 2069 556 2104 :
581 2051 697 2106 Non
722 2050 971 2106 declines
1002 2052 1054 2104 in
1083 2049 1387 2113 dexteram,
1416 2062 1593 2119 neque
1620 2046 1752 2103 sini—

166 2152 347 2199 stram.
379 2142 642 2210 Quamvis
668 2156 801 2212 ergo
844 2151 957 2196 tota
997 2140 1240 2212 Epistola
1271 2148 1458 2196 contra
1485 2138 1753 2195 Novatum

168 2235 256 2305 sit,
304 2242 486 2290 tamen
536 2234 626 2291 hic
673 2234 1083 2289 evidentissime
1128 2232 1435 2288 ostenditur
1476 2246 1504 2286 a
1537 2229 1755 2286 diabolo

167 2330 559 2386 circumventos
579 2329 957 2399 paenitentiam
986 2328 1297 2399 denegare:
1322 2326 1477 2397 cujus
1508 2326 1607 2382 ista
1634 2340 1757 2381 ver-

168 2421 302 2477 sutia
332 2429 437 2489 est,
469 2430 527 2476 ut
553 2421 656 2477 sub
691 2420 877 2491 specie
901 2419 1127 2491 justitize
1159 2419 1308 2475 fallat
1336 2418 1606 2474 incautos.

236 2515 361 2571 Cum
389 2516 641 2571 venissem
670 2524 844 2570 autem
862 2512 1147 2583 Troadem,
1172 2522 1385 2586 propter
1412 2511 1756 2585 Evangelium

168 2606 379 2676 Christi,
401 2616 450 2663 et
484 2609 671 2663 ostium
702 2608 827 2661 mihi
856 2616 1092 2677 apertum
1119 2613 1249 2661 esset
1279 2608 1331 2659 in
1363 2604 1589 2659 Domino
1612 2621 1631 2658 :
1654 2620 1760 2659 non

166 2700 322 2754 habui
348 2700 575 2769 requiem
598 2700 806 2768 spiritui
837 2715 968 2767 meo,
997 2715 1056 2753 eo
1079 2699 1214 2768 quod
1240 2714 1347 2752 non
1374 2696 1655 2751 invenerim
1678 2694 1763 2749 Ti-

167 2803 276 2848 tum
316 2795 534 2864 fratrem
562 2809 752 2847 meum.
786 2792 947 2854 Modo
978 2792 1088 2848 illis
1118 2793 1239 2848 vult
1275 2793 1509 2864 probare
1557 2798 1761 2861 quanto

166 2887 401 2958 amplius
426 2902 524 2942 eos
553 2886 741 2957 diligat
769 2904 783 2941 :
808 2903 1038 2957 quorum
1068 2901 1229 2943 causa
1260 2895 1465 2942 tantum
1497 2884 1761 2941 sollicitus

169 2989 273 3046 est,
302 2987 362 3035 ut
388 2993 513 3035 cum
538 2988 726 3036 essent
756 2980 829 3035 illi
854 2982 1035 3036 omnia
1064 2989 1406 3052 prosperata,
1444 2978 1647 3036 nullam
1675 2993 1762 3035 re-

167 3073 355 3144 quiem
382 3071 675 3128 habuerit:
714 3072 837 3143 quia
863 3072 1043 3128 Titum
1077 3088 1236 3143 quem
1270 3072 1336 3129 ad
1371 3089 1466 3129 eos
1492 3073 1759 3130 videndos

1854 1881 2029 1954 gratia
2078 1883 2359 1951 virtutum,
2395 1882 2520 1938 illos
2559 1882 2723 1953 digne
2763 1883 3153 1941 commendant
3197 1884 3449 1956 epistolas

1857 1973 2183 2028 amicorum.

1927 2063 2176 2136 Epistola
2205 2072 2382 2120 nostra
2424 2079 2511 2119 vos
2536 2063 2682 2120 estis.
2716 2062 2821 2120 Per
2848 2072 3091 2121 vestram
3126 2064 3287 2123 [idem
3327 2080 3449 2123 om-

1858 2155 2020 2212 nibus
2062 2156 2535 2223 commendamur,
2574 2157 2714 2213 sicut
2743 2155 2874 2213 alibi
2903 2156 3072 2213 dicit:
3096 2156 3451 2230 Signaculum

1855 2249 2195 2319 apostolatus
2225 2250 2331 2304 mei
2371 2263 2468 2305 vos
2489 2249 2646 2306 estis.

1931 2341 2145 2412 Scripta
2166 2344 2220 2397 in
2248 2343 2493 2398 cordibus
2515 2344 2728 2413 nostris,
2753 2360 2871 2417 qua
2899 2345 3060 2402 scitur
3080 2355 3128 2402 et
3158 2347 3347 2419 legitur
3384 2349 3449 2402 ab

1859 2434 2093 2488 omnibus
2124 2435 2441 2504 hominibus,
2491 2437 2831 2508 manifestati.
2882 2436 2943 2493 In
2971 2438 3321 2496 conscientiis
3352 2455 3453 2496 no~

1859 2527 2008 2593 stris,
2040 2534 2091 2582 et
2122 2541 2222 2583 vos
2253 2527 2411 2583 nobis
2442 2528 2866 2598 praedicantibus
2893 2530 3194 2589 credidisse
3221 2548 3236 2586 ε
3268 2532 3377 2599 vel,
3399 2533 3458 2589 in

1860 2619 2026 2676 corde
2052 2628 2242 2677 nostro
2267 2628 2354 2677 est
2388 2622 2729 2693 pradicatio,
2766 2639 2865 2695 per
2891 2639 3053 2695 quam
3090 2625 3328 2696 Epistola
3358 2640 3458 2682 no-

1861 2722 1973 2770 stra
2000 2712 2131 2770 estis
2158 2713 2310 2781 iacti,
2350 2730 2475 2787 qua:
2516 2716 2885 2787 cognoscitur,
2929 2726 2987 2773 et
3014 2732 3137 2789 qua:
3162 2717 3360 2788 legitur
3385 2718 3455 2775 ab

1863 2806 2115 2862 omnibus
2149 2806 2483 2876 hominibus,
2516 2818 2569 2865 et
2599 2809 3005 2867 manifestatur.

1938 2897 2202 2964 Quoniam
2244 2897 2484 2971 Epistola
2525 2902 2646 2956 estis
2676 2900 2890 2956 Christi.
2929 2900 3197 2958 Omnibus
3233 2903 3464 2961 manife-

1862 2996 2006 3046 stum
2034 2998 2139 3059 est,
2163 2991 2385 3048 Christo
2406 3006 2505 3048 vos
2531 3007 2627 3063 per
2657 3002 2901 3049 nostram
2929 2994 3231 3052 credidisse
3260 2995 3466 3053 doctri-

1866 3097 2023 3152 nam,
2072 3082 2433 3140 conﬁrmante
2481 3083 2737 3140 virtutem
2788 3085 2996 3158 Spiritu
3045 3095 3258 3144 sancto.
3304 3088 3456 3157 Sive,

167 3166 413 3232 miseri“,
442 3178 550 3219 ηοῐι
598 3164 830 3230 Ῑηνθηίίν
884 3165 1081 3220 timens
1120 3165 1256 3234 iam.
1288 3181 1357 3221 ne
1397 3166 1623 3222 minime
1665 3181 1761 3223 808
1788 3146 1835 3212 C
1868 3189 1998 3231 vere
2037 3173 2165 3231 hinc
2194 3176 2590 3253 cognoscimini
2616 3146 2994 3247 Christi'esse,
3017 3178 3159 3250 quod
3200 3178 3320 3249 ejus
3342 3146 3464 3250 spi;

166 3256 512 3324 correxisset,
543 3256 665 3328 quia
694 3255 935 3313 nondum
958 3258 1007 3312 ei
1032 3256 1329 3328 quidquam
1352 3259 1761 3315 renuntiaverat

166 3347 342 3404 Titus.
1352 3404 1355 3415 .

238 3444 351 3499 Sed
372 3444 678 3516 valefaciens
705 3445 799 3512 eis,
824 3444 1084 3517 profectus
1112 3459 1247 3499 sum.
1279 3444 1398 3502 Cito
1420 3444 1547 3503 inde
1576 3459 1758 3516 egres-

162 3549 263 3593 sus
291 3552 431 3605 sum,
464 3543 712 3608 quamvis
732 3537 1073 3593 occasionem
1100 3537 1380 3595 habuerim
1404 3539 1757 3610 praedicandi.

238 3628 310 3683 In
342 3629 724 3686 Macedoniam.
759 3630 865 3687 Per
896 3646 1060 3701 quam
1087 3646 1114 3684 a
1146 3631 1302 3688 vobis
1332 3632 1487 3687 'Iitus
1507 3640 1623 3689 erat
1650 3633 1758 3687 uti-

162 3738 273 3795 que
303 3723 596 3780 rediturus.
630 3724 872 3780 Vicinior
901 3732 987 3781 est
1007 3724 1151 3782 enim
1180 3725 1495 3782 Macedonia
1520 3724 1757 3791 Achaiae,

160 3830 329 3888 quam
360 3816 587 3873 Troadze
616 3832 631 3870 :
669 3815 902 3888 denique
931 3832 1058 3873 cum
1090 3817 1165 3872 ibi
1209 3828 1376 3886 esset,
1420 3818 1550 3873 dicit
1576 3816 1758 3872 Titum

159 3917 358 3980 postea
390 3909 703 3966 advenisse.

239 4001 358 4056 Deo
396 4009 569 4057 autem
600 4001 822 4072 gratias,
863 4001 953 4072 qui
989 4017 1189 4072 εεγηρει·
1238 4000 1521 4074 triumphat
1568 4018 1661 4056 nos
1707 4004 1761 4057 in

160 4090 382 4147 Christo
410 4090 564 4147 Iesu.
594 4092 960 4163 Triumphare
1006 4092 1136 4148 facit
1178 4108 1279 4151 nos
1321 4108 1420 4165 per
1464 4091 1760 4164 Christum,

157 4186 247 4241 vel
274 4185 334 4240 in
364 4183 520 4239 nobis
552 4184 668 4255 ipse
696 4186 1007 4256 triumphat.

235 4275 315 4331 Et
341 4278 554 4332 odorem
577 4277 778 4332 notitia:
805 4294 913 4333 sua:
942 4279 1244 4352 manifestat
1274 4295 1367 4350 per
1392 4297 1486 4336 nos
1523 4280 1579 4335 in
1624 4282 1764 4337 omni

157 4371 307 4427 loco.
340 4370 489 4426 Odor
517 4370 728 4426 notitia:
760 4370 878 4436 Dei,
916 4387 1014 4442 per
1053 4371 1357 4429 doctrinam
1389 4372 1767 4430 manifestatur

158 4473 223 4522 et
253 4464 437 4536 signa.
465 4463 612 4520 Odor
643 4474 824 4520 autem
853 4464 978 4521 ideo
1006 4465 1223 4535 dicitur,
1257 4469 1380 4539 quia
1409 4469 1641 4525 sentitur
1668 4484 1764 4539 po-

1866 3271 2032 3327 ritum
2065 3271 2375 3345 accepistis.

1937 3363 2240 3420 Ministrata
2286 3381 2320 3419 a
2353 3363 2520 3420 nobis.
2567 3362 2685 3419 Hoc
2728 3370 2816 3419 est
2843 3362 3051 3433 Spiritu
3101 3371 3293 3421 sancto
3320 3379 3461 3436 pm-

1864 3464 2072 3524 parata.

1935 3545 2005 3601 Et
2023 3548 2238 3619 scripta,
2270 3560 2372 3600 non
2395 3550 2707 3612 atramento,
2735 3543 2826 3599 sed
2846 3544 3033 3617 spiritu
3063 3544 3161 3601 Dei
3189 3546 3292 3602 viui
3312 3562 3333 3603 :
3358 3565 3461 3605 non

1865 3639 1920 3695 in
1950 3640 2138 3694 tabulis
2160 3637 2398 3710 lapideis,
2427 3638 2517 3692 sed
2538 3638 2591 3692 in
2613 3636 2806 3693 tabulis
2826 3639 2998 3695 cordis
3019 3640 3339 3699 carnalibus.
3364 3644 3466 3702 Hic

1866 3730 2225 3788 diti'erentiam
2257 3728 2465 3785 inducit
2501 3729 2639 3801 legis
2679 3738 2734 3786 et
2770 3732 2965 3802 gratiae
2995 3750 3008 3786 :
3037 3732 3211 3791 Judaei
3240 3736 3294 3793 in
3326 3737 3463 3795 dura

1865 3822 2097 3880 materia
2159 3822 2337 3893 legem
2385 3830 2752 3893 acceperant,
2805 3823 3147 3895 signiﬁcante
3201 3828 3463 3888 duritiam

1865 3915 2068 3972 mentis
2092 3928 2286 3970 eorum
2312 3930 2325 3968 :
2350 3913 2491 3969 sicut
2512 3921 2569 3969 et
2591 3913 2840 3971 velamen
2867 3912 3025 3973 faciei
3059 3917 3256 3990 Moysi,
3279 3920 3465 3976 cordis

1866 4022 2057 4066 eorum
2099 4006 2350 4062 velamen
2399 4005 2723 4076 ignorantiae
2752 4006 3137 4078 portendebat.
3170 4007 3282 4064 Nos
3327 4024 3464 4066 vero

1868 4098 2119 4171 quamvis
2145 4098 2317 4168 legem
2338 4095 2540 4153 Christi
2560 4096 2816 4169 scriptam
2845 4097 2901 4154 in
2927 4098 3240 4171 Evangeliis
3262 4099 3464 4156 habea-

1867 4204 2031 4245 mus:
2068 4198 2244 4244 tamen
2288 4186 2342 4243 in
2375 4186 2565 4258 primis
2596 4201 2708 4243 non
2753 4188 2908 4259 quasi
2956 4189 3212 4246 absentes
3258 4190 3461 4251 tabulis

1867 4279 2108 4351 scriptis,
2147 4280 2244 4336 sed
2277 4287 2576 4350 prtesentes
2617 4294 2716 4351 per
2740 4281 2982 4337 auditum
3030 4280 3246 4339 Domini
3293 4282 3462 4340 verba

1870 4371 2036 4429 corde
2056 4371 2427 4449 suscepimus.
2457 4372 2751 4443 Evangelia
2775 4386 2910 4429 vero
2938 4373 3287 4443 postmodum
3319 4375 3457 4431 scri-

1871 4476 1959 4539 pta
1980 4475 2130 4536 sunt,
2164 4466 2233 4521 ad
2260 4466 2582 4524 memoriam
2612 4474 2979 4536 posterorum,
3003 4466 3048 4521 si
3078 4480 3206 4536 ergo
3232 4466 3461 4524 inexcu-

158 4557 278 4613 tius
308 4572 473 4628 quam
498 4556 736 4625 videtur,
769 4565 825 4613 et
847 4558 971 4629 quia
1003 4559 1175 4629 primo
1203 4560 1513 4629 credentes,
1559 4561 1765 4635 aliquid
1792 4542 1847 4605 Ῑ)
1872 4559 2073 4617 sabiles
2118 4568 2269 4628 sunt,
2311 4558 2403 4630 qui
2440 4558 2614 4629 legem
2663 4557 2718 4612 in
2766 4556 3038 4627 lapidibus
3089 4566 3459 4628 acceperunt:

158 4658 451 4719 tamquam
478 4663 576 4719 per
602 4648 874 4706 modicum
902 4650 1125 4707 odorem
1149 4655 1351 4711 sentire
1378 4655 1652 4712 valebant.

245 4740 389 4808 Quia
418 4739 610 4796 Christi
632 4740 794 4796 bonus
822 4742 951 4796 odor
979 4759 1155 4797 sumus
1183 4744 1312 4811 Deo,
1337 4746 1392 4800 in
1416 4747 1497 4801 his
1519 4748 1608 4819 qui
1636 4749 1767 4804 salvi

159 4833 331 4903 fiunt,
364 4841 413 4887 et
437 4833 492 4887 in
517 4832 598 4887 his
624 4835 713 4905 qui
752 4842 986 4905 pereunt.
1023 4834 1155 4890 Aliis
1190 4837 1392 4904 quidem
1429 4839 1558 4893 odor
1590 4842 1767 4896 mortis

157 4926 221 4979 in
248 4935 490 4993 mortem,
515 4925 633 4981 aliis
663 4936 836 4981 autem
861 4926 991 4982 odor
1021 4929 1137 4984 vitae
1163 4931 1214 4984 in
1236 4930 1413 4987 vitam.
1442 4931 1668 5000 Quidam
1694 4934 1769 4990 ita

158 5017 388 5084 dicunt,
419 5026 611 5075 noster
651 5019 805 5075 labor
833 5020 945 5076 Deo
983 5035 1201 5093 semper
1245 5031 1330 5078 est
1369 5034 1556 5093 gratus
1597 5041 1613 5081 :
1646 5026 1770 5096 quia

158 5111 222 5166 in
257 5110 520 5167 omnibus
541 5111 928 5181 praedicamus,
959 5126 1058 5169 seu
1086 5113 1256 5169 velint
1282 5112 1529 5181 credere,
1560 5129 1653 5171 seu
1677 5131 1775 5172 no-

158 5200 309 5267 lint;
344 5201 443 5257 sed
472 5200 561 5258 hic
594 5203 812 5274 proprie
841 5202 913 5260 de
949 5202 1062 5260 illis
1100 5203 1319 5271 dicitur,
1352 5205 1445 5276 qui
1474 5204 1564 5261 vel
1609 5220 1774 5262 sana-

156 5293 384 5350 bantur
419 5309 514 5364 per
538 5295 707 5366 ipsos,
740 5296 829 5354 vel
858 5297 912 5352 in
944 5298 1139 5368 quibus
1168 5297 1412 5355 vindicta
1442 5298 1632 5356 ﬁebat.
1671 5298 1776 5355 Bo-

156 5401 282 5444 nus
310 5401 445 5457 ergo
474 5386 608 5444 odor
633 5389 686 5445 in
720 5391 987 5462 utrisque,
1015 5393 1141 5463 quia
1160 5391 1359 5463 justus.

240 5478 326 5534 Et
347 5478 420 5531 ad
449 5478 557 5533 haec
577 5482 690 5550 quis
716 5490 821 5535 tam
850 5483 1100 5539 idoneus?
1123 5483 1205 5540 Ad
1238 5483 1355 5541 hinc
1383 5484 1630 5543 facienda
1654 5487 1779 5559 quis

157 5578 369 5643 potest
400 5578 506 5626 tam
542 5571 770 5629 idoneus
804 5589 949 5644 esse,
980 5590 1142 5647 quam
1167 5591 1289 5644 nos,
1321 5578 1414 5650 qui
1443 5578 1513 5635 ad
1541 5578 1643 5635 hoc
1688 5596 1781 5636 su-

157 5678 304 5721 mus
334 5663 538 5721 electi?

250 5757 386 5817 Non
420 5759 556 5816 enim
588 5774 765 5818 sumus
791 5762 920 5816 sicut
944 5761 1175 5833 plurimi,
1199 5763 1550 5823 adulterantes
1574 5764 1783 5823 verbum

797 5856 1073 5920 Panos.
1120 5854 1333 5918 XXX.

1873 4663 2076 4727 quanto
2104 4654 2279 4724 magis
2313 4666 2435 4719 nos,
2462 4652 2555 4722 qui
2586 4648 2751 4705 verba
2780 4649 2988 4706 Christi
3018 4652 3383 4724 suscepimus,
3415 4656 3463 4711 si

1873 4751 2290 4817 peccemuszut
2331 4741 2399 4796 ad
2448 4740 2708 4797 ilebrteos
2759 4740 3059 4800 scribitur:
3088 4743 3145 4799 Si
3196 4746 3342 4801 enim
3392 4747 3470 4805 illi

1875 4852 1983 4895 non
2016 4835 2324 4905 cﬂ'ugerunt
2361 4845 2526 4902 super
2579 4840 2780 4887 terram
2824 4831 3081 4904 loquente
3118 4835 3248 4908 illis,
3281 4846 3337 4895 et
3383 4855 3474 4898 re-

1877 4931 2048 5001 liqua.

1951 5017 2236 5074 Fiduciam
2269 5021 2442 5071 autem
2480 5014 2636 5071 talem
2676 5014 2925 5073 habemus
2969 5019 3060 5089 per
3104 5019 3367 5081 Christum
3402 5029 3473 5083 ad

1878 5111 2066 5167 Deum.
2109 5107 2245 5177 Quia
2285 5105 2537 5162 novimus
2581 5122 2681 5164 vos
2723 5121 2823 5179 per
2858 5122 2961 5165 nos
3003 5111 3306 5173 credidisse
3341 5118 3471 5175 :vel

1878 5202 2025 5275 quod
2063 5215 2163 5258 nos
2193 5214 2302 5257 non
2343 5197 2576 5256 humana
2617 5197 2884 5271 Epistola,
2933 5202 3033 5261 sed
3074 5207 3248 5278 gratia
3290 5208 3473 5266 divina

1883 5295 2246 5355 commendat.

1960 5390 2085 5445 Non
2105 5388 2241 5462 quod
2264 5386 2581 5460 sufﬁcientes
2605 5386 2765 5443 simus
2786 5386 3016 5459 cogitare
3036 5388 3239 5462 aliquid
3258 5395 3292 5445 'a
3305 5390 3473 5461 nobis,

1884 5484 2037 5557 quasi
2064 5499 2127 5539 ea:
2146 5482 2312 5539 nobis.
2341 5480 2467 5537 Vult
2490 5480 2777 5539 ostendere
2802 5495 2863 5538 se
2898 5479 3036 5538 nihil
3064 5496 3159 5539 sua
3184 5482 3472 5555 prudentia

1885 5575 2088 5642 facere,
2110 5575 2197 5630 vel
2216 5576 2419 5629 virtute
2442 5591 2455 5627 :
2479 5574 2604 5645 quia
2636 5574 2791 5644 pauci
2813 5573 3062 5631 homines
3082 5575 3293 5641 rustici,
3323 5590 3483 5633 num-

1887 5682 2050 5740 quam
2092 5665 2212 5724 sine
2254 5664 2352 5724 Dei
2387 5666 2560 5738 gratia
2592 5673 2768 5724 totum
2812 5666 3072 5725 mundum
3118 5670 3330 5729 salvare
3373 5684 3471 5743 ρο-

1889 5760 2140 5818 tuissent.

2888 5854 2969 5915 25
