4008 6188
499 266 603 322 779

1533 252 1593 308 S.
1635 249 2017 307 HIERONYMI
2052 246 2335 305 OPERUM
2378 244 2742 301 BHNTISSA.

3691 241 3800 299 780

570 378 677 433 Sed
699 372 1012 445 sufﬁcientia
1040 379 1217 425 nostra
1242 385 1306 423 ex
1330 365 1441 421 Deo
1469 375 1564 420 est.
1597 366 1723 420 ldco
1748 365 1850 419 hoc
1872 362 2090 433 pi'mmi-
2116 366 2170 423 Α
2266 360 2525 414 [labentes
2560 361 2720 431 igitur
2760 358 2915 412 talem
2951 373 3115 423 spem.
3156 356 3343 413 Talem
3373 371 3532 429 spem
3566 357 3755 429 gloria
3779 401 3795 427 ,

500 476 590 540 sit,
614 470 737 539 quia
765 467 1011 521 dicturus
1035 475 1150 519 erat
1180 472 1331 517 tanto
1362 462 1534 530 majus
1554 475 1631 522 se,
1664 474 1824 529 quam
1849 458 2093 529 Moysen,

501 558 863 617 ministerium
908 556 1247 623 suscepisse,
1297 562 1501 624 quanto
1550 552 1724 621 majus
1770 560 1855 605 cst
1899 564 2096 603 novum

502 653 911 707 Testamentum
946 647 1109 717 Lege,
1138 655 1198 700 ut
1224 659 1321 700 eos
1352 660 1381 698 a
1413 644 1564 698 falsis
1590 644 1851 714 apostolis
1873 641 1976 697 sibi
2001 642 2099 697 de-

504 742 844 797 trahentibus
868 746 1170 794 revocaret.

580 832 683 899 Qui
710 841 754 884 et
782 831 995 883 idoneos
1024 845 1120 883 nos
1160 828 1278 899 fecit
1310 828 1571 881 ministros
1607 828 1727 881 novi
1757 825 2095 881 Testamenti.

504 926 641 979 Dum
673 921 739 975 ad
771 920 873 975 hoc
897 920 1077 974 idonei
1107 918 1511 989 adimplendum
1538 935 1645 974 non
1672 934 1941 974 essemus.

580 1013 704 1069 Non
734 1012 927 1075 littera,
951 1014 1040 1065 sed
1062 1012 1270 1083 spiritu.
1304 1011 1421 1067 Non
1455 1012 1652 1068 littera:
1679 1011 1837 1083 legis,
1870 1010 1964 1066 sed
1992 1010 2104 1079 spi-

508 1107 633 1162 ritui
662 1105 849 1175 gratia:
881 1105 1276 1159 ministrantes.

578 1199 777 1254 Littera
814 1201 952 1255 enim
979 1198 1168 1253 occidit
1192 1214 1209 1251 :
1239 1196 1454 1267 spiritus
1478 1206 1645 1251 autem
1674 1196 1919 1266 ‘viviﬁcat.
1955 1193 2105 1262 Quo-

511 1293 670 1347 modo
691 1294 819 1348 alibi
844 1294 976 1347 dicit
1002 1293 1173 1360 legem
1192 1304 1319 1345 esse
1340 1291 1679 1359 spiritualem
1708 1289 2104 1360 spiritualibus.

510 1370 782 1439 Ceterum
822 1393 1140 1453 peccatores
1182 1382 1617 1451 occiditzgratia
1656 1394 1839 1436 autem
1872 1380 2109 1435 vivilicat

511 1478 737 1545 impium
760 1484 1187 1530 convertentem.
1211 1474 1440 1540 Quidam
1470 1474 1679 1537 dicunt,
1713 1473 1856 1544 quod
1890 1472 2111 1528 histori-

511 1584 607 1625 cus
637 1570 952 1623 intellectus
988 1565 1203 1620 occidat
1234 1584 1248 1618 :
1283 1566 1590 1621 nescientes
1627 1582 1734 1635 quo
1767 1578 1868 1619 nec
1908 1566 2108 1634 ubique

514 1663 761 1727 historia,
794 1675 899 1715 nec
936 1650 1137 1728 ubique
1176 1660 1351 1728 possit
1391 1658 1651 1728 allegoria
1699 1656 1927 1713 servari.
1970 1656 2105 1711 Nam

2200 456 2319 525 quia
2346 469 2442 522 spe
2469 452 2610 507 Salvi
2636 452 2760 506 facti
2786 464 2993 505 sumus.

2273 544 2447 598 Multa
2468 545 2661 613 ﬁducia
2683 544 2895 595 utimur.
2921 542 2976 595 In
3001 542 3135 607 Deo,
3161 543 3251 610 qui
3275 542 3403 613 fecit
3425 557 3526 598 nos
3550 542 3796 598 idoneos.

2275 634 2341 688 Et
2372 612 2476 687 non
2501 636 2635 688 sicut
2670 633 2875 704 Moyses
2905 635 3127 703 ponebat
3154 612 3385 702 velanén
3418 650 3579 705 super
3617 634 3801 705 faciem

2202 742 2372 779 suam.
2424 725 2536 778 Non
2566 726 2637 777 ita
2671 724 2921 788 facimus,
2967 724 3091 792 quia
3128 726 3239 794 jam
3280 740 3475 780 omnes
3507 725 3799 781 Christiani

2202 816 2388 872 vident
2416 816 2645 886 gloriam
2676 815 2916 883 Domini,
2945 825 3134 870 sancto
3164 816 3373 885 Spiritu
3405 818 3711 874 revelante.

2279 908 2347 963 Ut
2374 926 2475 962 non
2502 908 2824 961 intenderent
2847 908 2943 977 ﬁlii
2965 907 3136 962 Israel
3156 910 3212 963 in
3239 912 3430 978 [aciem
3453 913 3594 978 ejus.
3617 910 3801 981 Usque

2206 1004 2257 1057 in
2292 1001 2451 1056 tinem
2479 1002 2617 1069 ejus,
2654 1000 2705 1054 id
2735 1008 2842 1061 est,
2878 1016 3050 1070 usque
3072 1001 3127 1055 in
3172 1000 3333 1057 linem
3377 1003 3507 1057 vita:
3538 1003 3683 1072 ejus,
3729 1004 3799 1059 ita

2206 1105 2262 1151 et
2288 1095 2371 1149 lex
2402 1108 2507 1149 non
2540 1092 2857 1163 intelligitur
2898 1107 3067 1162 usque
3111 1093 3239 1147 dum
3271 1094 3325 1147 in
3355 1092 3516 1151 linem
3568 1096 3712 1165 ejus,
3743 1096 3800 1151 id

2207 1200 2312 1249 est.
2344 1187 2471 1241 dum
2514 1187 2735 1242 Christo
2767 1186 3039 1241 credatur.

2283 1282 2435 1348 Quod
2446 1292 2742 1334 evacuatur.
2765 1279 3021 1334 Velamen
3039 1294 3180 1335 nunc
3196 1279 3801 1339 evacuaturinChristo.

2284 1374 2387 1427 Sed
2421 1374 2589 1427 obtusi
2610 1382 2731 1425 sunt
2767 1388 2949 1426 sensus
2974 1388 3167 1425 eorum.
3217 1369 3387 1443 Usque
3412 1374 3464 1427 in
3490 1375 3803 1427 hodiernum

2211 1467 2369 1521 diem.
2404 1467 2516 1521 Nisi
2556 1465 2705 1521 enim
2743 1464 3099 1531 crediderint,
3152 1465 3447 1537 intelligere
3487 1467 3803 1522 secundum

2215 1550 2543 1627 PrOpbetam
2575 1558 2800 1611 omnino
2833 1573 2941 1611 non
2973 1567 3223 1628 possunt.

2286 1649 2527 1719 Idipsum
2555 1651 2784 1703 velamen
2812 1650 2866 1703 in
2896 1650 3112 1704 lectione
3136 1651 3317 1705 veteris
3344 1647 3418 1711 τι
3436 1653 3654 1705 .tmcnti
3686 1669 3807 1704 rna-

512 1755 650 1806 sicut
685 1751 931 1821 quadam
963 1751 1019 1803 in
1054 1748 1227 1818 ﬁgura
1260 1748 1401 1803 dicta
1449 1757 1579 1803 sunt
1613 1767 1624 1801 :
1659 1758 1716 1803 ut
1757 1750 1800 1803 si
1832 1758 2104 1818 pracepta

2250 1749 2409 1795 etnon
2430 1740 2733 1795 revelatum.
2754 1741 2921 1810 Cujus
2941 1742 3165 1811 ﬁguram
3185 1742 3278 1797 ille
3296 1744 3541 1812 gestabat
3561 1744 3615 1797 in
3642 1742 3805 1799 facie.

512 1847 649 1900 v‘elis
678 1845 974 1913 allegorice
1008 1842 1338 1910 intelligere,
1370 1850 1587 1896 Omnem
1619 1843 1876 1896 virtutem
1913 1856 2103 1897 eorum

513 1944 811 2000 evacuaus,
841 1934 1092 1989 omnibus
1123 1934 1382 2002 aperuisti
1420 1934 1563 1987 viam
1592 1932 1964 2003 delinquendi.
1998 1933 2104 1988 Sed

513 2032 606 2085 ille
630 2043 792 2083 verus
818 2027 1120 2096 spiritualis
1154 2027 1463 2081 intellectus
1496 2037 1601 2091 est,
1636 2026 1731 2095 qui
1766 2036 1875 2080 non
1905 2025 2106 2080 verisi-

514 2121 734 2176 milibus
761 2118 1039 2173 coloribus
1073 2116 1358 2186 pulchrum
1391 2116 1736 2171 mendacium
1776 2117 1967 2188 pingit,
2010 2118 2107 2173 sed

508 2215 711 2268 virtute
740 2222 925 2265 rerum
953 2210 1124 2279 ipsam
1150 2225 1267 2264 rcm
1292 2211 1549 2280 exprimit
1574 2210 1838 2265 veritatis.

586 2305 738 2371 Quod
762 2306 806 2359 si
836 2305 1151 2358 ministratio
1182 2305 1384 2369 mortis,
1420 2303 1605 2357 litteris
1634 2304 1924 2373 deformata
1946 2303 1999 2358 in
2030 2305 2109 2358 la-

512 2398 741 2468 pidibus,
775 2396 871 2466 fuit
914 2397 969 2447 in
1001 2392 1188 2463 gloria.
1233 2395 1367 2462 Quae
1403 2393 1698 2449 mortiﬁcat
1744 2404 2107 2463 peccatores:

512 2498 771 2543 castorum
798 2488 918 2557 ipse
942 2499 1064 2540 eam
1084 2494 1331 2541 sanctam
1360 2497 1413 2541 et
1432 2485 1657 2555 justam,
1682 2495 1739 2541 ct
1759 2487 1957 2541 bonam
1984 2485 2112 2542 alibi

514 2582 667 2635 dicit.

585 2671 675 2724 lta
713 2681 770 2724 ut
808 2686 914 2724 non
953 2676 1159 2738 possent
1190 2668 1458 2724 intendere
1501 2669 1601 2740 ﬁlii
1633 2669 1804 2725 Israel
1840 2671 1894 2724 in
1926 2670 2113 2741 faciem

517 2763 710 2832 Moysi.
758 2760 817 2816 ld
861 2770 968 2824 est,
999 2770 1193 2816 contra
1224 2761 1578 2816 Manichacos.
1624 2762 1924 2831 Numquam
1965 2762 2109 2817 enim

517 2853 809 2923 Apostolus
841 2861 1025 2920 posset
1049 2855 1327 2907 contrario
1350 2867 1668 2923 comparare
1693 2871 1704 2907 :
1733 2852 1784 2908 id
1808 2862 1912 2921 est,
1946 2854 2113 2923 majo-

520 2960 635 3001 rem
666 2943 1037 2999 ministrorum
1063 2946 1185 2998 novi
1213 2945 1565 3011 Testamcnli,
1595 2960 1755 3015 quam
1788 2940 1957 3016 Moysi
1997 2945 2114 3015 glo-

518 3037 654 3091 riam
676 3034 877 3097 dicerc,
893 3033 939 3088 si
962 3035 1102 3090 inter
1112 3049 1323 3089 eosnon
1341 3035 1614 3091 videretur
1635 3051 1757 3092 esse
1773 3037 2108 3091 communio.

2284 1831 2435 1898 Quod
2466 1832 2519 1885 in
2549 1830 2755 1886 Christo
2799 1843 3097 1889 evacuatur.
3126 1833 3228 1901 Qui
3260 1834 3383 1889 linis
3407 1844 3488 1889 est
3518 1834 3705 1903 Legis.

2282 1921 2390 1977 Sed
2416 1939 2577 1991 usque
2599 1924 2652 1975 in
2680 1922 2991 1978 hodiernum
3020 1924 3180 1992 diem,
3212 1941 3330 1980 eum
3358 1927 3549 1998 legitur
3579 1925 3809 1997 Moyses,

2210 2012 2439 2069 velamen
2480 2017 2705 2087 positum
2753 2027 2826 2071 est
2868 2033 3023 2084 super
3069 2034 3159 2072 cor
3202 2034 3401 2073 eorum.
3451 2019 3809 2090 Ignorantia,

2211 2122 2375 2177 super
2421 2122 2516 2163 cor
2564 2123 2778 2176 eorum,
2828 2109 3024 2177 quibus
3066 2110 3262 2181 legitur
3308 2110 3524 2183 Moyses
3557 2131 3569 2165 :
3600 2112 3653 2168 id
3700 2126 3809 2183 est,

2211 2201 2542 2256 Judzcorum.

2284 2292 2414 2346 Cum
2451 2304 2623 2348 autem
2667 2311 2943 2349 conversus
2994 2296 3150 2366 fuerit
3190 2296 3260 2350 ad
3308 2295 3499 2361 Deum,
3542 2300 3813 2368 auferetur

2212 2386 2459 2440 velamen.
2494 2384 2629 2441 Cum
2662 2402 2963 2443 conversus
3012 2386 3177 2444 fuerit
3215 2388 3457 2453 Iud-.cus,
3492 2391 3630 2445 sicut
3663 2390 3812 2462 Moy-

2214 2493 2304 2533 ses
2341 2481 2761 2536 convertebatur
2784 2482 2849 2535 ad
2883 2481 3174 2537 Dominum
3201 2483 3556 2539 audiendum.

2287 2568 2547 2628 Dominus
2594 2583 2767 2628 autem
2815 2575 3031 2646 spiritus
3081 2585 3176 2630 est.
3209 2574 3353 2630 Nihil
3383 2579 3437 2629 in
3480 2576 3572 2631 illo
3611 2576 3810 2632 obscu-

2216 2680 2358 2725 rum,
2390 2665 2475 2721 vel
2507 2665 2762 2722 velatum.

2296 2754 2397 2811 Ubi
2425 2766 2600 2811 autem
2630 2760 2847 2827 spiritus
2880 2759 3123 2831 Domini,
3154 2762 3226 2817 ibi
3266 2763 3496 2818 libertas.
3527 2762 3692 2819 Liber
3726 2774 3810 2820 est

2216 2847 2461 2918 spiritus,
2512 2859 2565 2904 et
2598 2851 2803 2907 idcirco
2855 2869 2963 2909 non
3009 2864 3185 2925 potest
3231 2857 3479 2912 velamen
3533 2861 3806 2929 accipere,

2215 2956 2340 2995 cum
2376 2942 2546 3011 magis
2589 2943 2706 3012 ipse
2738 2946 2917 3000 omnia
2964 2948 3171 3003 rcvelet
3210 2966 3227 3002 :
3258 2950 3383 3018 quia
3416 2951 3506 3020 qui
3554 2950 3810 3019 spiritum

2219 3030 2313 3087 Dei
2341 3032 2529 3099 liabet,
2557 3034 2736 3089 omnia
2762 3034 2842 3090 illi
2872 3035 3011 3092 nuda
3038 3052 3162 3094 sunt
3194 3050 3249 3095 et
3275 3051 3470 3111 aperta
3502 3060 3513 3094 :
3542 3043 3677 3113 quia
3700 3042 3812 3113 spi-

587 3127 819 3197 Propter
848 3127 1069 3198 gloriam
1093 3127 1264 3180 vultus
1294 3129 1431 3197 ejus,
1461 3142 1573 3195 qua?
1592 3135 1893 3180 evacuatur.
1926 3126 2105 3182 Gloria
2134 3126 2183 3191 Ο
2213 3123 2347 3179 ritus
2379 3128 2563 3180 omnia
2591 3136 2885 3183 scrutatur.

519 3219 695 3290 Legis,
729 3232 827 3288 per
853 3217 1080 3288 gloriam
1105 3216 1382 3285 Evangelii
1413 3225 1730 3280 evacuatur,
1757 3218 1854 3273 sed
1884 3219 1954 3271 ita
1984 3233 2113 3273 eva-

520 3317 733 3375 cuatur,
768 3319 827 3363 ut
866 3308 1112 3376 proﬁciat
1144 3326 1155 3360 :
1188 3309 1330 3363 sicut
1361 3306 1620 3362 infantem
1648 3308 1767 3378 ipse
1807 3308 1943 3364 dicit
1980 3322 2110 3364 eva-

520 3403 667 3457 cuari
691 3400 743 3455 in
777 3401 880 3455 viri
906 3400 1128 3469 perfecti
1160 3407 1398 3453 tentem.
1425 3394 1621 3454 Semen
1644 3408 1862 3471 quoque
1882 3410 2115 3456 evacua-

523 3505 612 3549 tur
648 3496 702 3550 in
738 3494 968 3549 fructum
1004 3510 1018 3546 :
1053 3493 1245 3547 melior
1276 3492 1489 3548 fructus
1520 3494 1753 3556 semine,
1786 3494 1880 3548 sed
1912 3494 2029 3548 sine
2049 3506 2115 3550 eo

518 3601 642 3641 esse
681 3598 788 3640 non
819 3592 1019 3657 potest.
1072 3584 1301 3639 Fructus
1338 3596 1445 3638 non
1496 3585 1661 3655 perit,
1711 3584 1805 3640 sed
1850 3584 2115 3655 multipli-

522 3681 674 3729 catur
703 3688 891 3730 semen
934 3676 987 3729 in
1028 3674 1229 3739 fructu,
1270 3684 1327 3728 et
1358 3676 1429 3729 ita
1459 3685 1779 3743 evacuatur,
1818 3677 1961 3733 sicut
1994 3692 2114 3748 pro-

529 3768 711 3838 phetia
735 3775 793 3821 et
820 3768 1045 3822 scientia
1070 3768 1446 3823 dcstruentur.

598 3860 868 3927 Quomodo
899 3876 1002 3914 non
1028 3861 1191 3931 magis
1223 3860 1531 3915 ministratio
1560 3863 1776 3932 spiritus
1796 3866 1892 3919 erit
1920 3865 1976 3919 in
2004 3864 2117 3935 glo-

526 3953 645 4008 ria?
676 3952 732 4008 ln
761 3952 933 4022 gloria
984 3962 1188 4021 nostra,
1234 3962 1358 4022 qum
1404 3961 1467 4007 ut
1496 3954 1737 4024 perlecta
1784 3972 1894 4011 non
1941 3964 2117 4028 potest

526 4046 809 4102 evacuari.

596 4138 740 4193 Nam
776 4139 820 4193 si
850 4136 1163 4191 ministratio
1192 4136 1543 4192 damnationis
1581 4140 1634 4192 in
1668 4140 1838 4209 gloria
1877 4150 1972 4198 est.
2008 4138 2120 4198 Ex-

524 4230 867 4302 posuitquod
887 4228 1137 4298 superius
1167 4229 1396 4295 dixerat,
1427 4230 1662 4285 litteram
1690 4232 1943 4287 occidere
1973 4250 1986 4287 :
2016 4235 2117 4289 ini-

524 4322 904 4380 nistrationem
932 4334 1061 4376 esse
1090 4320 1301 4382 mortis,
1325 4320 1432 4389 jam
1464 4321 1772 4376 damnando
1797 4334 2104 4391 peccantes.

597 4417 651 4470 11
662 4417 770 4471 ulto
798 4415 967 4485 magis
995 4412 1223 4467 abundat
1245 4413 1587 4469 ministerium
1600 4414 1822 4485 jnstiti‘te
1850 4416 1904 4468 in
1925 4415 2116 4486 gloria.

526 4508 678 4576 Quod
712 4508 986 4561 ministrat
1010 4504 1299 4574 justitiam,
1333 4504 1668 4560 admittendo
1695 4515 1938 4574 peccata.

602 4600 742 4653 Nam
766 4615 860 4653 nec
886 4596 1236 4670 gloriﬁcatum
1262 4606 1360 4664 est,
1400 4596 1538 4666 quod
1567 4600 1753 4651 claruit
1776 4599 1833 4652 in
1859 4600 1957 4653 hac
1973 4612 2121 4672 parte

530 4702 738 4764 propter
758 4691 1093 4747 excellentem
1116 4690 1356 4761 gloriam.
1406 4689 1462 4743 ln
1487 4694 1893 4761 comparatione
1930 4695 2119 4765 gloria:

525 4784 876 4852 evangelicae,
901 4782 1259 4835 obumbratur
1289 4781 1466 4851 gloria
1498 4780 1657 4853 Legis
1683 4799 1696 4837 :
1724 4792 1802 4851 ut,
1829 4794 1950 4841 orto
1977 4788 2115 4854 sole,

524 4878 704 4931 lumen
749 4873 1069 4930 obtunditur
1108 4872 1270 4939 lunte,
1326 4888 1452 4928 cum
1495 4884 1677 4931 tamen
1728 4890 1829 4932 suo
1872 4888 2119 4949 tempore

524 4982 774 5036 magnum
800 4966 995 5021 habeat
1019 4964 1306 5035 fulgorem.
1340 4965 1453 5023 Hoc
1482 4970 1721 5024 ostendit
1742 4972 1906 5026 etiam
1937 4972 2117 5030 Domi-

522 5074 644 5121 nus.
686 5074 812 5114 cum
836 5059 1139 5114 ascendens
1172 5068 1415 5115 montem
1438 5063 1611 5124 solus.
1661 5064 1955 5133 splendore
1984 5064 2113 5123 solis

516 5151 667 5207 visus
694 5161 778 5205 est
801 5150 1042 5206 radiasse
1072 5168 1085 5203 :
1117 5164 1242 5205 cum
1272 5162 1452 5206 tamen
1500 5153 1714 5224 Moyses
1734 5166 1793 5211 ει
1835 5154 1982 5214 Elius
2009 5159 2111 5214 visi

515 5246 569 5300 in
613 5244 810 5314 gloria.
846 5242 1289 5298 .rcferanturzet
1333 5242 1458 5297 ideo
1501 5258 1608 5299 vox
1655 5246 1890 5318 desuper
1936 5248 2112 5306 Patris

512 5340 688 5408 ipsum
718 5336 893 5391 solum
923 5335 1182 5406 praecepit
1211 5334 1409 5390 audiri.

582 5430 644 5485 Si
673 5429 811 5484 enim
831 5427 967 5497 quod
983 5436 1280 5491 evacuatur,
1308 5442 1398 5495 per
1419 5427 1641 5498 gloriam
1670 5441 1743 5485 est
1768 5434 1970 5491 :mnlto
1991 5453 2105 5491 ma-

507 5523 584 5593 gis
625 5522 766 5591 quod
807 5530 1000 5586 manet,
1042 5522 1096 5573 in
1138 5520 1305 5589 gloria
1354 5531 1445 5576 est.
1489 5523 1545 5579 Si
1593 5527 1962 5583 evacuandum
2012 5544 2109 5600 per

505 5613 730 5679 gloriam
763 5612 951 5668 datum
977 5620 1061 5667 est
1081 5610 1514 5681 Testamentum,
1547 5624 1752 5687 quanto
1776 5622 1951 5691 magis
1975 5624 2103 5691 erit,

502 5700 648 5773 quod
674 5712 965 5773 permanet
989 5701 1325 5776 gloriosum?

2288 3213 2400 3270 Nos
2434 3233 2550 3271 vero
2580 3235 2756 3273 omnes
2784 3222 3006 3276 revelata
3057 3223 3193 3293 facie
3211 3224 3437 3295 gloriam
3460 3225 3670 3282 Domini
3694 3243 3816 3300 φε-

2214 3309 2466 3364 culantes.
2526 3309 2816 3368 Evidentcr
2843 3323 2899 3370 et
2925 3316 3075 3371 clare
3130 3317 3343 3373 Domini
3393 3320 3621 3391 gloriam
3671 3336 3812 3376 con-

2216 3400 2565 3469 templamur.

2289 3486 2355 3545 In
2386 3493 2617 3548 eamdem
2665 3497 2935 3569 imaginem
2988 3500 3445 3570 transformamur.
3493 3504 3670 3572 Quam
3701 3504 3811 3560 Do-

2220 3583 2396 3636 minus
2444 3585 2687 3640 ostendit
2729 3587 2781 3642 in
2833 3599 3057 3655 monte,
3112 3593 3255 3647 sicut
3302 3594 3436 3649 alibi
3482 3596 3615 3652 dicit
3654 3615 3667 3649 :
3710 3596 3813 3664 Qui

2221 3674 2628 3746 transfiguravit
2656 3692 2852 3747 corpus
2892 3680 3214 3738 humilitatis
3254 3696 3460 3739 nostra:
3482 3730 3501 3755 ,
3533 3690 3815 3743 conlorme

2219 3769 2434 3837 corpori
2485 3768 2749 3823 claritatis
2788 3784 2920 3824 suae.
2966 3771 3096 3828 Sive
3137 3773 3592 3833 transformamur
3630 3778 3813 3849 quoti-

2220 3858 2333 3923 dic,
2360 3868 2415 3914 et
2441 3858 2667 3913 nitimur
2694 3860 3094 3918 transformari.

2294 3952 2340 4006 Α
2368 3952 2601 4006 claritate
2642 3954 2696 4006 in
2740 3952 3029 4010 claritatem
3054 3999 3071 4024 ,
3105 3966 3366 4028 tamquam
3395 3975 3426 4013 a
3460 3959 3669 4015 Domini
3708 3963 3815 4033 spi-

2222 4045 2346 4097 ritu.
2397 4042 2453 4098 Id
2499 4052 2582 4099 est
2608 4088 2623 4112 ,
2658 4044 2727 4099 ab
2760 4044 2858 4102 hac
2887 4048 3060 4117 gloria
3094 4051 3148 4105 in
3175 4050 3408 4107 futuram
3461 4054 3809 4125 proficimus,

2222 4137 2416 4207 Spiritu
2446 4137 2659 4194 Domini
2687 4150 2970 4210 operante.

2835 4300 3062 4359 CAPUT
3099 4300 3194 4360 IV.

2302 4429 2427 4484 Ideo
2449 4430 2688 4487 habentes
2728 4433 2863 4489 hanc
2905 4436 3407 4493 administrationem
3434 4481 3449 4505 ,
3476 4438 3630 4507 juxta
3670 4438 3820 4507 quod

2142 4508 2200 4572 Ῐ)
2226 4521 2635 4576 misericordiam
2665 4528 2931 4580 consecuti
2973 4544 3175 4584 sumus.
3208 4528 3346 4599 Quia
3378 4545 3470 4601 per
3500 4543 3599 4585 nos
3634 4529 3819 4585 idonei

2228 4622 2381 4668 tanto
2408 4614 2590 4669 officio
2622 4634 2728 4671 non
2762 4634 3001 4675 eramus.

2302 4704 2422 4760 Non
2452 4707 2745 4779 deﬁcimus.
2776 4710 2830 4765 in
2858 4713 3112 4769 omnibus
3135 4713 3575 4770 tribulationibus
3597 4714 3821 4770 nostris.

2302 4794 2411 4854 Sed
2440 4800 2743 4856 abdicamus
2784 4805 2988 4859 occulta
3027 4807 3312 4861 dedecoris.
3354 4806 3409 4861 ld
3444 4814 3555 4869 est,
3605 4807 3825 4861 occulta

2228 4891 2503 4949 vitiorum.
2535 4892 2784 4951 Dedecus
2811 4906 2893 4952 est
2918 4898 3062 4953 enim
3095 4898 3412 4969 delinquere
3443 4895 3826 4953 Chrisdanum

2228 4983 2413 5055 [Marb
2443 4984 2766 5059 Christum].

2298 5073 2421 5130 Non
2452 5077 2777 5133 ambulantes
2807 5079 2862 5133 in
2892 5080 3105 5136 astutia.
3137 5080 3253 5137 Non
3287 5081 3461 5155 turpis
3488 5079 3627 5136 lucri
3654 5078 3834 5150 gratia

2225 5167 2609 5237 praedii-antes.

2296 5254 2477 5326 Neque
2513 5254 2860 5317 adulterantes
2897 5260 3105 5316 verbum
3136 5260 3253 5317 Dei.
3304 5261 3412 5318 Per
3450 5260 3827 5317 adulationem

2221 5351 2536 5406 exettsando
2570 5362 2792 5421 peccata
2818 5395 2833 5421 ,
2881 5361 2938 5407 ut
2978 5346 3145 5422 aliqui
3177 5367 3339 5408 causa
3384 5351 3700 5408 laatilicandi
3730 5367 3829 5408 cor

2220 5439 2480 5511 hominis,
2509 5443 2677 5499 verbo
2708 5441 2805 5499 Dei
2838 5457 3149 5500 sermonem
3182 5446 3347 5501 vilem
3382 5444 3733 5510 admiscent,
3768 5453 3829 5500 et

2218 5546 2315 5601 per
2340 5540 2548 5586 terram
2578 5544 2794 5603 repunt.

2289 5621 2395 5678 Sed
2424 5625 2477 5677 in
2508 5625 2927 5693 manifestatione
2950 5628 3183 5682 veritatis
3209 5669 3224 5695 ,
3254 5628 3675 5681 commendantes
3703 5642 3831 5680 nos-

2211 5719 2452 5792 metipsos
2479 5717 2547 5772 ad
2573 5732 2773 5775 omnem
2820 5718 3196 5776 conscientiam
3246 5720 3539 5778 hominum.
3590 5718 3701 5775 Sed
3748 5718 3828 5775 ita

3202 5887 3229 5901 ’ν
