4008 6188
274 294 379 351 785

1012 300 1553 362 COMMENTARIUS
1591 305 1657 362 ΙΝ
1699 304 2089 369 EPISTOLAM
2128 310 2173 369 ll
2210 312 2303 370 AD
2338 309 2497 372 COli.
2534 316 2689 374 CAP.
2733 317 2821 375 Vl.
2898 308 2903 311 ’

3462 330 3571 388 786

270 408 327 510 in
366 404 543 468 cerde.
592 413 660 471 Ut
692 413 940 475 habeatis
967 419 1034 475 ad
1064 434 1189 486 eos,
1223 419 1313 489 qui
1345 423 1396 475 in
1431 422 1743 479 carnalibus
1766 470 1782 493 ,
1817 432 1871 480 et
1894 424 1952 485 Α
2050 428 2238 484 Omnia
2282 440 2454 485 autem
2480 449 2545 487 ex
2574 433 2706 488 Deo.
2746 432 2882 501 Quia
2910 435 3073 491 etiam
3107 446 3378 510 pricccpta
3412 442 3572 498 inno-

272 499 327 555 in
359 501 682 572 visibilibus,
710 515 767 564 et
791 524 898 565 non
925 509 981 565 in
1006 510 1357 567 conscientiis
1383 511 1703 582 gloriantur.
1728 514 1871 581 Quid

270 596 602 664 reapondere
632 600 859 667 poteStis
886 611 1075 657 contra
1105 617 1192 667 ea,
1226 618 1346 673 quia
1374 602 1443 658 de
1470 616 1657 661 nostra
1688 606 1869 663 obtre-

268 693 509 749 ctatione
558 696 905 767 conﬁngunt,
937 707 997 753 ut
1025 698 1190 755 etiam
1216 699 1302 755 sui
1345 700 1527 756 cordis
1560 702 1867 760 testimonio

268 783 602 840 revincatur.

339 875 461 931 Sive
487 877 811 936 enim‘mente
856 883 1148 937 excedimus
1178 882 1307 939 Deo.
1344 884 1423 949 Si,
1462 885 1665 954 inquit,
1698 900 1864 941 sensu

265 969 487 1039 proprio
517 981 668 1027 recta
700 976 1071 1042 pervertimus
1105 975 1159 1030 in
1187 976 1340 1043 vitia,
1386 976 1488 1046 ipsi
1517 992 1544 1030 a
1577 978 1687 1033 Deo
1717 979 1862 1032 exci-

262 1058 464 1129 dimus,
496 1070 660 1133 atque
688 1065 993 1139 alienamur
1013 1067 1081 1122 ab
1101 1081 1186 1122 eo.
1210 1065 1266 1121 Si
1295 1076 1474 1123 autem
1501 1069 1712 1137 integre
1734 1084 1862 1123 sen-

262 1151 429 1209 timus
459 1162 514 1209 et
537 1156 733 1223 sobrii,
767 1157 918 1213 vobis
948 1157 1149 1213 sufﬁcit
1179 1168 1363 1213 nostra
1397 1150 1737 1229 praedicatio.
1768 1159 1860 1213 Di-

261 1240 592 1304 cebat'enim
631 1248 699 1305 de
728 1249 838 1305 illis
860 1292 875 1317 ,
908 1252 951 1305 si
983 1266 1172 1305 eorum
1203 1263 1345 1307 esset
1382 1252 1638 1306 memoria
1671 1266 1856 1307 coram

260 1336 405 1404 Deo,
455 1355 745 1410 numquam
790 1336 916 1395 talia
945 1349 1284 1410 paterentur.
1313 1340 1541 1409 Quidam
1588 1342 1747 1398 aliter
1776 1342 1856 1398 di-

257 1437 407 1483 cunt.
441 1429 569 1485 Sive
597 1430 649 1484 in
673 1430 873 1486 exstasi
904 1446 1113 1498 sumus,
1145 1432 1258 1487 Deo
1287 1449 1301 1487 :
1334 1433 1450 1489 sive
1472 1440 1662 1489 nostro
1690 1448 1853 1491 sensu

257 1520 555 1589 loquimur,
581 1521 755 1577 vobis.

330 1613 452 1669 Sive
480 1616 639 1669 sobrii
664 1632 862 1685 sumus,
892 1618 1053 1673 vobis.
1079 1618 1205 1676 Sive
1231 1619 1591 1687 abstinentes,
1627 1629 1851 1692 propter

1972 528 2095 576 vata
2124 529 2251 577 sunt
2282 540 2297 577 :
2328 532 2509 579 tamen
2532 534 2587 579 et
2615 540 2752 580 nova
2791 534 2848 582 et
2874 537 3060 583 vetera
3092 528 3161 584 ab
3190 545 3298 586 uno
3325 531 3438 589 Deo
3467 548 3569 604 pro

1971 612 2293 670 diversitate
2325 624 2627 683 temporum
2654 625 2781 672 sunt
2804 616 3142 688 dispensata.

2044 703 2148 770 Qui
2174 723 2269 760 nos
2288 707 2641 762 reconciliavit
2669 707 2793 761 sibi.
2824 706 2960 776 Quia
2989 711 3266 780 peccando
3285 713 3564 773 fueramus

1967 796 2039 853 ab
2063 814 2129 853 eo
2151 800 2352 856 aversi.
2924 808 2936 821 '

2039 888 2147 943 Per
2176 889 2465 946 Christum.
2521 890 2628 948 Per
2657 891 2857 949 Christi
2897 892 3200 953 doctrinam
3248 899 3474 970 pariter,
3504 908 3564 958 et

1965 985 2299 1053 exemplum.

2036 1077 2105 1131 Et
2131 1079 2269 1132 dedit
2297 1080 2449 1135 nobis
2495 1082 2841 1138 ministerium
2893 1087 3353 1145 reconciliationis.
3393 1088 3465 1148 lit
3504 1099 3563 1148 et

1962 1181 2062 1222 nos
2083 1168 2224 1223 alios
2248 1172 2609 1229 reconciliare
2629 1176 2927 1243 possimus.

2034 1259 2298 1327 Quoniam
2326 1264 2540 1333 quidem
2586 1264 2731 1321 Deus
2772 1277 2887 1323 erat
2931 1270 2985 1325 in
3024 1271 3229 1329 Christo
3258 1318 3272 1343 ,
3306 1278 3560 1331 mundum

1957 1353 2302 1411 reconcilians
2348 1357 2467 1410 sibi.
2516 1356 2715 1414 Tribus
2753 1360 2930 1416 modis
2977 1363 3161 1421 inesse
3207 1365 3374 1421 Deum
3420 1367 3559 1439 legi-

1960 1461 2082 1502 mus
2116 1466 2127 1501 :
2159 1448 2469 1505 Secundum
2514 1449 2839 1510 inﬁnitatem
2885 1456 3035 1513 omni
3083 1469 3380 1529 creaturae,
3413 1463 3559 1520 sicut

1957 1538 2074 1609 ipse
2100 1540 2230 1596 dicit
2263 1558 2361 1612 per
2400 1544 2751 1616 Prophetam.
2798 1548 2988 1606 Nonne
3028 1553 3226 1609 caelum
3255 1563 3311 1609 et
3343 1563 3551 1612 terram

1956 1648 2057 1705 ego
2107 1634 2345 1705 impleo?
2376 1638 2691 1696 Secundum
2738 1643 3224 1702 sanctiﬁcationem
3252 1692 3267 1718 ,
3300 1657 3355 1705 et
3382 1664 3555 1719 pecu-

252 1722 391 1808 vos;
769 1802 798 1808 Π
1304 1803 1345 1808 υ
1784 1806 1790 1808 Α
1956 1725 2144 1783 liarem
2182 1728 2633 1787 inliabitationem
2683 1733 2735 1787 in
2788 1737 2990 1791 sanctis
3041 1756 3055 1791 :
3085 1738 3238 1808 juxta
3273 1741 3404 1797 illud
3436 1759 3450 1797 :
3485 1743 3559 1800 Et

327 1798 571 1855 Charitas
599 1803 734 1855 enim
758 1802 952 1858 Christi
974 1812 1118 1874 urget
1153 1820 1271 1859 nos.
1302 1803 1535 1861 Necesse
1563 1816 1646 1861 est
1672 1806 1850 1873 nobis,
1879 1807 1930 1869 B
1961 1818 2275 1875 inlmbiiabo
2307 1823 2359 1876 in
2389 1824 2518 1878 illis,
2566 1825 2877 1881 secundum
2912 1798 3304 1895 ριθηῖιξιάίηειη
3334 1798 3552 1892 divini;

253 1892 342 1949 vel
390 1892 730 1964 aliquatenus
756 1896 931 1950 vicem
972 1898 1091 1964 eius
1128 1895 1427 1961 rependere
1464 1896 1751 1965 charitati.
1793 1898 1847 1953 id
1952 1912 2154 1966 tatisin
2179 1913 2418 1980 Christo,
2447 1916 2664 1973 dicente
2690 1918 2817 1973 alibi
2845 1892 3107 1989 Apostolo
3138 1942 3151 1978 τ
3177 1925 3310 1993 Quia
3336 1928 3389 1981 in
3418 1929 3544 1999 ipso

250 1995 357 2053 est,
390 1995 448 2041 ut
478 2002 577 2056 pro
604 1987 722 2057 ejus
747 2003 976 2058 corpore
1006 1989 1293 2059 patiamur,
1325 1991 1416 2062 qui
1443 1990 1583 2046 mori
1613 2005 1712 2062 pro
1740 2005 1843 2046 no-
1951 2000 2160 2057 habitat
2204 2004 2395 2059 romnis
2449 2005 2724 2074 plenitudo
2777 1987 3075 2067 divinitatis
3122 1987 3482 2084 corporaliter
3534 2037 3551 2075 :

250 2079 337 2135 bis
366 2090 540 2136 morte
570 2080 826 2152 dignatus
855 2089 961 2138 est.
1949 2093 2209 2149 mundum
2240 2096 2604 2151 reconcilians
2633 2097 2761 2153 sibi.

324 2171 675 2229 /Estimantcs
724 2175 851 2242 hoc,
900 2176 1149 2246 quoniam
1189 2178 1236 2230 si
1287 2193 1420 2231 unus
1464 2192 1558 2247 pro
1609 2176 1845 2231 omnibus
2020 2185 2143 2241 Non
2181 2196 2431 2256 reputans
2469 2188 2580 2243 illis
2620 2190 2814 2245 delicta
2853 2192 3110 2264 ipsorum.
3154 2195 3270 2253 Hoc
3308 2205 3421 2267 est,
3452 2214 3550 2271 per

250 2277 489 2324 mortuus
515 2280 590 2325 est
620 2286 640 2325 :
664 2287 786 2342 ergo
819 2287 994 2327 omnes
1017 2273 1208 2326 mortui
1237 2281 1380 2327 sunt.
1407 2271 1474 2325 Et
1495 2288 1589 2344 pro
1610 2271 1843 2326 omnibus
1948 2277 2119 2335 solam
2153 2278 2312 2335 {idem
2345 2295 2703 2351 cognoscens,

251 2371 485 2415 mortuus
516 2372 589 2417 est
620 2361 877 2417 Christus.
904 2363 1068 2419 Solus
1105 2363 1358 2419 inventus
1388 2371 1493 2428 est,
1533 2362 1626 2433 qui
1653 2372 1711 2416 ut
1739 2363 1841 2416 im-
2017 2369 2088 2423 Et
2133 2372 2304 2442 posuit
2353 2374 2409 2426 in
2465 2373 2610 2429 nobis
2660 2376 2870 2430 verbum
2917 2366 3378 2438 reconciliationis.
3430 2384 3542 2442 Pro

249 2453 515 2508 maculata
546 2453 722 2509 hostia
755 2469 854 2525 pro
885 2454 1162 2522 omnibus,
1206 2455 1296 2525 qui
1325 2463 1484 2510 erant
1512 2454 1565 2508 in
1602 2452 1843 2524 peccatis

1995 2462 2148 2517 hristo
2176 2479 2300 2534 ergo
2337 2465 2591 2538 legatione
2619 2467 2903 2541 fungimur.
2947 2470 3017 2525 Ut
3058 2486 3153 2542 pro
3192 2472 3416 2530 Christo
3447 2491 3548 2533 nos

247 2546 473 2613 mortui,
504 2545 817 2602 offerretur.
1944 2554 2362 2611 reconciliemus
2411 2557 2656 2614 homines
2705 2558 2821 2616 Deo
2851 2601 2867 2629 ,
2920 2560 3079 2632 cujus
3123 2562 3325 2620 Christi
3381 2565 3541 2635 vice,

327 2638 396 2693 Ut
425 2646 473 2691 et
512 2640 596 2709 qui
627 2641 831 2707 vivunt,
852 2642 970 2711 jam
1001 2657 1103 2695 non
1137 2640 1236 2696 sibi
1262 2642 1454 2695 vivant.
1488 2640 1548 2695 Ei
1577 2640 1841 2697 debemus
1942 2643 2109 2714 legali
2137 2660 2327 2701 sumus
2357 2645 2477 2703 Dei.

247 2731 418 2787 vitam
448 2743 712 2804 nostram,
755 2735 844 2806 qui
877 2735 1025 2790 illam
1054 2735 1109 2790 in
1140 2736 1393 2791 omnibus
1412 2751 1509 2791 sua
1533 2744 1706 2791 morte
1727 2750 1842 2792 ser-
2016 2736 2302 2810 Tamquam
2333 2737 2439 2793 Deo
2468 2740 2768 2796 exhortante
2792 2758 2883 2814 per
2918 2758 3032 2799 nos.
3076 2743 3135 2800 Id
3173 2752 3258 2801 est
3277 2786 3295 2813 ,
3331 2761 3439 2804 non
3469 2764 3539 2806 ex

246 2825 415 2879 vavit.
450 2824 508 2881 Si
536 2827 655 2897 quis
692 2841 824 2897 ergo
855 2840 1006 2881 suam
1049 2827 1228 2897 potius
1257 2842 1419 2897 quam
1464 2827 1562 2882 Dei
1597 2827 1841 2882 volunta-
1941 2829 2099 2885 nobis
2127 2829 2424 2901 loquimur,
2452 2831 2548 2888 sed
2577 2847 2643 2887 ex
2678 2834 2807 2889 Deo.

246 2926 357 2974 tem
386 2918 513 2999 facit
558 2937 572 2975 :
602 2919 706 2974 sibi
735 2918 906 2989 vivit,
939 2936 1048 2976 non
1081 2920 1184 2976 illi.
1232 2919 1385 2976 Unde
1430 2921 1549 2989 ipse
1576 2920 1839 2975 Dominus
2016 2922 2351 2977 Obsecremus
2379 2940 2473 2995 pro
2504 2922 2741 2994 Christo,
2771 2926 3177 2982 reconciliamini
3210 2928 3345 2984 Deo.
3374 2931 3536 3000 Quod

243 3009 324 3065 ait
355 3027 369 3063 :
401 2994 457 3066 Si
486 3011 610 3081 quis
651 3010 764 3066 vult
794 3018 919 3081 post
971 3025 1058 3067 me
1098 3011 1317 3078 venire,
1364 3010 1601 3082 abneget
1638 3018 1837 3066 semct—
1940 3014 2094 3081 dicit,
2134 3015 2240 3071 hoc
2282 2994 2402 3072 est:
2438 3032 2577 3085 non,
2603 3018 2800 3090 inquit,
2834 3034 2933 3076 nos
2959 3036 3058 3091 pro
3083 3021 3308 3079 Christo
3335 2994 3537 3096 de'prco

246 3099 423 3170 ipsum
460 3101 589 3167 sibi,
620 3110 728 3157 etc.
1568 3158 1579 3169 ,
1939 3124 2162 3175 camur,
2208 3109 2305 3166 sed
2346 3118 2570 3181 propter
2600 3110 2652 3166 id
2681 3112 2824 3182 quod
2854 3127 2957 3180 pro
2986 3114 3144 3169 nobis
3185 3129 3375 3185 passus
3405 3126 3489 3171 est
3516 3135 3531 3174 :

321 3191 429 3247 Sed
454 3193 501 3248 ei
525 3194 613 3265 qui
633 3209 729 3265 pro
752 3193 881 3263 ipsis
909 3202 1147 3249 mortuus
1175 3203 1271 3261 est,
1308 3204 1356 3249 et
1385 3195 1684 3250 resurrexit.
1715 3196 1840 3253 Pro-
1862 3188 1913 3257 Ο
1944 3211 2002 3259 ut
2026 3202 2317 3259 credentes
2343 3202 2398 3258 in
2428 3203 2627 3275 ipsum,
2661 3204 3087 3261 reconciliemini
3125 3204 3259 3273 Deo,
3294 3205 3398 3262 hoc
3424 3216 3533 3274 est,

246 3292 368 3355 pter
395 3284 722 3340 calumniam
740 3330 756 3353 ,
790 3301 1006 3357 semper
1036 3287 1232 3341 mortis
1257 3287 1711 3344 resurrectionem
1736 3288 1834 3344 ad-
1940 3294 2056 3351 vice
2080 3292 2305 3350 Christi.

239 3375 439 3446 jungit.
468 3375 545 3431 De
572 3376 870 3432 abolitione
898 3387 1143 3433 veterum
1166 3421 1181 3445 ,
1215 3388 1264 3435 et
1296 3380 1649 3436 renovatione
1678 3396 1833 3436 crea-
2010 3386 2147 3441 Eum
2171 3388 2261 3459 qui
2283 3404 2385 3441 non
2414 3394 2625 3441 noverat
2652 3395 2936 3457 peccatum,
2965 3402 3061 3457 pro
3087 3386 3232 3441 nobis
3262 3397 3531 3458 peccatum

245 3477 477 3536 turm,et
498 3468 939 3526 reconciliatione
954 3480 1137 3526 nostra
1156 3471 1222 3527 ad
1244 3471 1413 3527 Deum
1432 3486 1528 3543 per
1542 3473 1832 3529 Dominum
1936 3480 2080 3548 fecit.
2102 3478 2409 3536 Secundum
2442 3478 2573 3531 illud
2607 3495 2621 3530 :
2653 3475 2902 3532 Christus
2937 3477 3029 3548 qui
3061 3477 3264 3547 absque
3306 3490 3535 3549 peccato

240 3568 489 3618 nostrum
521 3562 709 3642 Jesum
735 3565 1033 3621 Christum.
1936 3579 2085 3639 erat,
2131 3586 2230 3641 pro
2280 3569 2436 3624 nobis
2476 3568 2681 3622 dicitur
2722 3568 2895 3623 factus
2924 3577 3206 3638 peccatum
3234 3612 3248 3636 ,
3276 3568 3400 3641 quia
3434 3588 3533 3642 pro

316 3651 501 3724 Itaque
526 3672 620 3709 nos
652 3637 716 3709 es
741 3656 836 3710 hoc
862 3656 1114 3710 neminem
1144 3656 1380 3711 novimus
1409 3658 1693 3711 secundum
1719 3672 1834 3711 car—
1936 3663 2173 3734 peccatis
2206 3661 2411 3717 nostris
2440 3670 2688 3716 mortuus
2711 3669 2798 3717 est
2823 3679 2834 3716 :
2859 3661 3021 3718 Pater
3047 3678 3148 3733 pro
3172 3663 3329 3718 nobis
3369 3664 3529 3719 Chri-

240 3761 380 3803 nem.
413 3745 468 3802 id
490 3755 592 3815 est,
623 3750 912 3804 carnaliter
931 3749 1331 3816 circumcisum,
1365 3757 1422 3805 et
1449 3751 1695 3806 carnales
1720 3764 1833 3806 cm-
1933 3763 2101 3820 stum,
2130 3754 2221 3825 qui
2263 3762 2547 3823 peccatum
2576 3751 2879 3817 nesciebat,
2911 3754 3190 3823 petcatum
3222 3753 3350 3811 fecit
3381 3773 3395 3809 :
3424 3755 3529 3813 hoc

238 3840 514 3896 remonias
561 3851 872 3898 servantem
894 3882 908 3910 ,
956 3850 1012 3898 et
1039 3842 1242 3899 nullius
1281 3850 1526 3899 veterum
1557 3843 1832 3898 imitamur
1933 3858 2041 3913 est,
2069 3847 2213 3903 sicut
2240 3845 2416 3901 hostia
2445 3860 2544 3916 pro
2574 3853 2800 3915 peccato
2820 3845 3022 3912 oblata,
3056 3855 3339 3916 peccatum
3368 3863 3529 3905 voca-

238 3933 568 4003 exemplum.
1269 3940 1280 3951 ’
1932 3939 2091 3995 batur
2122 3938 2173 3992 in
2206 3936 2467 4008 Lege}(ut
2497 3936 2552 3990 in
2596 3935 2840 3991 Levitico
2867 3935 3130 4007 scriptum
3171 3948 3255 3992 est
3287 3956 3299 3991 :
3332 3938 3398 3993 Et
3423 3939 3527 3994 im-

312 4022 381 4080 Et
410 4026 456 4081 si
489 4027 826 4098 cegnovimus
864 4029 1147 4082 secundum
1186 4044 1392 4081 carnem
1421 4027 1706 4095 Christum,
1742 4029 1832 4082 sed
1934 4040 2102 4104 ponet
2131 4044 2350 4085 manum
2374 4044 2537 4102 sttper
2565 4037 2727 4099 caput
2759 4029 2964 4098 peccati
2993 4029 3125 4100 sui),
3164 4028 3238 4084 ita
3276 4036 3332 4083 et
3361 4028 3523 4085 Chri-

238 4136 382 4174 nunc
414 4122 530 4190 jam
559 4136 661 4174 non
690 4120 942 4174 novimus.
977 4119 1384 4190 Cognovimus,
1418 4120 1610 4190 inquit,
1640 4135 1833 4177 sccun-
1931 4134 2048 4181 stus
2102 4139 2202 4195 pro
2252 4124 2488 4195 peccatis
2524 4123 2727 4178 nostris
2775 4121 2989 4178 oblatus
3014 4161 3031 4189 ,
3077 4120 3289 4194 peccati
3321 4136 3521 4177 nomen

235 4211 371 4267 dum
410 4224 630 4266 carnem
661 4208 937 4266 Christum
965 4231 979 4265 :
1003 4211 1219 4282 quando
1250 4211 1599 4267 maledictum
1626 4213 1827 4280 factus,
1926 4216 2156 4286 accepit.

234 4303 542 4375 patibulum
579 4305 758 4359 crucis
800 4319 896 4374 pro
944 4313 1132 4360 nostra
1168 4303 1344 4359 salute
1383 4304 1642 4374 suscepit.
1676 4304 1829 4361 Nunc
2006 4307 2073 4363 Ut
2094 4323 2186 4362 nos
2214 4306 2769 4380 efﬁceremurjustitia
2794 4305 2891 4361 Dei
2919 4306 2973 4361 in
2997 4304 3131 4379 ipso.
3158 4302 3277 4361 Non
3306 4311 3539 4373 nostra,’

235 4404 418 4451 autem
452 4411 563 4451 non
595 4398 665 4451 ita
699 4397 1080 4465 cognoscimus
1109 4414 1122 4451 :
1157 4413 1264 4452 non
1289 4396 1432 4452 enim
1462 4405 1547 4452 est
1568 4397 1677 4466 jam
1708 4412 1829 4467 pas-
1930 4416 2030 4458 nec
2054 4400 2232 4457 nobis.

236 4505 401 4547 surus
424 4504 521 4561 pro
550 4490 739 4556 nobis,
773 4491 865 4560 qui
894 4490 1059 4546 semel
1091 4505 1188 4558 pro
1218 4489 1469 4545 omnibus
1502 4499 1555 4545 et
1582 4497 1827 4545 mortuus
2539 4466 2770 4527 CAPUT
2809 4468 2898 4525 V1-

236 4590 354 4650 est,
383 4590 435 4636 et
479 4582 803 4638 resurrexit.
840 4582 1013 4637 Aliter
1044 4598 1058 4635 :
1092 4580 1236 4636 Etsi
1275 4581 1634 4651 cognovimus
1671 4580 1825 4637 Chri-
1850 4566 1905 4626 Ῑ)
2003 4589 2322 4661 Adjuuanles
2362 4595 2536 4641 autem
2578 4583 2938 4639 exhortamur,
2988 4580 3172 4637 Verbo
3220 4595 3316 4637 vos
3361 4580 3518 4652 adju.

237 4681 381 4729 stum
406 4714 421 4739 ,
452 4687 573 4729 cum
612 4672 789 4727 adhuc
832 4686 1078 4727 essemus
1107 4670 1400 4727 secundum
1426 4685 1648 4727 carnem
1685 4689 1696 4725 :
1730 4672 1825 4727 sed
1932 4690 2145 4739 νηηιθε,

239 4783 385 4825 nunc
405 4768 514 4838 jam
544 4783 652 4823 non
684 4766 954 4823 novimus.
997 4767 1131 4833 Quia
1160 4768 1242 4821 eis
1281 4767 1531 4837 exempla
1579 4776 1822 4823 veterum
2006 4774 2090 4828 Ne
2119 4774 2175 4827 in
2202 4787 2417 4827 vacuum
2463 4769 2688 4841 gratiam
2732 4768 2830 4823 Dei
2859 4766 3144 4837 recipiatis.
3196 4765 3255 4820 In
3285 4779 3514 4821 vacuum

240 4863 581 4932 proponebat
616 4862 735 4917 :‘ait
766 4859 1043 4916 Christum
1081 4861 1378 4915 carnaliter
1421 4862 1822 4926 circumcisum,
1931 4864 2160 4937 gratiam
2207 4862 2302 4916 Dei
2346 4860 2576 4929 recipit,
2624 4859 2717 4929 qui
2762 4860 2815 4913 in
2854 4872 2995 4913 novo
3032 4856 3378 4913 Testamento
3409 4872 3518 4913 non

237 4969 359 5010 cum
401 4953 602 5011 Jndreis
647 4955 829 5010 omnia
878 4954 1207 5010 celebrasse.
1249 4954 1357 5011 Sed
1408 4969 1549 5009 nunc
1585 4955 1696 5025 jam
1726 4957 1824 5011 ista
1934 4970 2105 5010 novus
2131 4961 2213 5007 est
2242 4970 2255 5003 :
2287 4951 2393 5006 hoc
2420 4959 2525 5016 est,
2553 4950 2687 5005 nihil
2718 4950 2772 5005 in
2799 4950 2892 5005 illo
2909 4948 3144 5019 proﬁcit.

238 5062 346 5103 non
386 5048 637 5102 novimus
668 5064 682 5101 :
717 5048 842 5118 quia
888 5055 1010 5117 post
1040 5046 1499 5101 resurrectionem
1545 5046 1662 5116 ejus
1684 5087 1699 5113 ,
1732 5061 1828 5101 no-
2003 5045 2088 5098 Ait
2126 5043 2260 5097 enim
2293 5056 2311 5095 :
2342 5039 2594 5109 Tempore
2630 5050 2840 5110 accepto
2870 5040 3109 5095 exaudiui
3147 5049 3195 5096 te
3219 5084 3234 5110 ,
3263 5051 3312 5097 et
3341 5043 3395 5097 in
3434 5043 3519 5096 die

239 5154 366 5195 vum
396 5149 479 5195 est
522 5140 953 5196 Testamentum.
1003 5139 1179 5196 Aliter
1221 5157 1236 5193 :
1281 5137 1385 5206 Qui
1433 5139 1629 5194 inﬁrmi
1677 5150 1823 5205 sunt,
1929 5136 2115 5190 salutis
2142 5132 2729 5204 adjuvite.Acceptum
2755 5140 2965 5202 tempus
2990 5132 3058 5186 ad
3081 5133 3513 5201 exaudiendum,

242 5232 536 5289 carnaliter
569 5233 801 5289 credunt
848 5231 1075 5289 Christo
1124 5252 1136 5286 :
1180 5232 1405 5302 perfecti
1452 5246 1582 5286 vero
1629 5232 1828 5287 intelli-
1931 5234 1987 5281 et
2011 5224 2079 5280 ad
2110 5224 2340 5279 salutem
2368 5220 2758 5323 miserandum.
2785 5221 2838 5276 ίη
2865 5222 2967 5323 him
2987 5223 3097 5323 Vlla
3122 5223 3377 5323 Ρτωείξηιξ
3407 5232 3513 5323 cf“.

240 5330 394 5392 gunt,
417 5322 527 5391 jam
561 5334 678 5393 post
705 5325 1160 5387 resurrectionem
1188 5324 1319 5380 nihil
1363 5323 1745 5380 imbecillitatis
1771 5325 1825 5380 in

1995 5324 2077 5371 :ut
2104 5316 2179 5369 ait
2216 5313 2468 5369 Salvator
2499 5330 2511 5366 :
2538 5312 2862 5382 Ambulate,
2896 5313 3021 5369 dum
3058 5313 3235 5371 lucem
3279 5311 3518 5379 habetis,

238 5428 308 5471 eo
330 5427 453 5469 esse
483 5416 734 5471 carnalis.
1932 5426 2000 5466 ne
2033 5423 2131 5464 vos
2162 5407 2399 5463 tenebra:
2429 5405 2916 5477 comprehendant.

310 5506 375 5563 Si
402 5522 505 5578 qua
531 5523 652 5581 ergo
678 5509 730 5563 in
755 5507 962 5564 Christo
1000 5525 1135 5565 noua
1154 5518 1393 5565 creatura
1413 5549 1429 5577 ,
1458 5517 1625 5563 vetera
1654 5518 1825 5563 trans-
2004 5501 2139 5555 Ecce
2182 5516 2319 5555 nunc
2362 5509 2564 5570 tempus
2608 5498 2943 5571 acceptabile.
2987 5497 3139 5554 Sicut
3176 5496 3302 5553 alibi
3335 5513 3351 5553 :
3384 5497 3521 5552 Dum

233 5601 408 5656 ierunt
438 5616 457 5654 .'
479 5615 593 5655 ecce
623 5604 762 5672 facta
790 5613 908 5657 sunt
939 5604 1109 5657 omnia
1134 5620 1286 5658 nova.
1318 5604 1374 5660 Si
1405 5604 1525 5674 quis
1576 5603 1749 5659 credit
1772 5602 1826 5657 in
1933 5603 2148 5664 tempus
2179 5591 2465 5658 habemuse
2508 5590 2607 5658 ait,
2644 5604 2938 5659 operemur
2974 5590 3117 5662 (μιοά
3154 5589 3353 5645 δοηυπη
3411 5597 3519 5644 θεῖ·

233 5692 628 5758 Christo,nova
647 5702 988 5751 estcreatura
1007 5712 1020 5750 :
1039 5696 1344 5767 intelligens
1362 5705 1546 5752 vetera
1562 5710 1660 5751 suo
1678 5704 1830 5750 tem-
1936 5687 2061 5744 Dies
2089 5695 2269 5742 autem
2304 5686 2426 5742 ideo
2463 5684 2659 5741 (Ῐίεὶιυτ
2690 5687 2808 5787 lia??-
2835 5684 2947 5740 νῖῑδ
2968 5726 2984 5752 ι
3016 5684 3165 5787 τιυῑει.
3186 5683 3258 5787 δέ
3285 5696 3519 5787 apem”

237 5803 374 5858 pore
402 5786 571 5846 fuisse
589 5787 879 5859 disiuncta,
899 5797 954 5846 et
974 5790 1326 5847 amodonovo
1345 5803 1499 5848 more
1516 5788 1825 5848 vivendum.
1938 5781 2063 5838 dum
2106 5788 2191 5837 est
2236 5787 2356 5851 apta
2406 5795 2417 5832 :
2469 5784 2525 5834 et
2561 5776 2903 5835 concluditur
2943 5787 3105 5835 ηοοιθ
3146 5774 3332 5847 indic“
3363 5792 3376 5829 ε
3405 5788 3528 5845 quin
