4030 6202
459 300 563 359 787

1496 289 1556 345 S.
1599 281 1979 342 HIERONYSII
2014 274 2301 338 OPERUM
2340 276 2708 334 MANTISSA.

3657 270 3784 327 788

463 420 582 475 dies
630 417 870 474 tenebrae
899 419 1053 469 erunt
1096 404 1508 480 peccatoribus,
1554 415 1661 455 non
1710 399 1803 452 lus
1824 437 1838 460 ,
1876 397 1928 451 in
1958 407 2063 464 qua
2089 392 2141 453 Δ
2168 407 2274 447 non
2301 390 2562 447 debemus
2593 388 2717 444 aliis
2743 384 2915 457 magis
2940 382 3101 440 ﬁdem
3129 383 3571 449 accommodare,
3600 399 3781 456 quam

459 513 571 583 jam
610 526 773 566 nemo
805 506 1002 578 poterit
1036 499 1273 570 operari.
1304 494 1503 554 Estati
1530 506 1746 564 quoque
1783 486 2054 542 assimila-

466 580 555 661 tnr
586 604 689 659 hoc
716 612 929 668 tempus
959 616 973 652 :
1008 596 1062 650 in
1083 594 1237 663 cujus
1259 587 1692 659 comparatione,
1724 582 1950 639 formica
1975 580 2059 636 di-

468 697 607 752 citur
636 694 870 747 hiemem
910 701 1138 757 sperare
1176 694 1485 739 venturam.

542 786 676 840 Ecce
709 798 844 836 nunc
878 782 993 834 dies
1019 779 1223 834 salutis.
1256 776 1414 831 Modo
1443 774 1617 828 Solam
1653 782 1945 840 possumus
1976 765 2061 820 in-

469 878 657 934 venire
696 876 931 930 salutem
968 889 981 925 :
1013 870 1135 940 quia
1162 869 1320 939 juxta
1349 862 1638 934 Prolihctae
1669 857 2061 923 testimonium,

470 973 523 1027 in
552 969 768 1024 inferno
800 978 963 1020 nemo
995 958 1365 1017 conﬁtebitur.

546 1061 764 1116 Nemini
788 1058 971 1111 dantes
1002 1052 1167 1108 ullam
1206 1049 1565 1120 oﬂ'ensionem,
1593 1052 1649 1099 ut
1676 1059 1779 1099 non
1810 1040 2069 1112 vitupere-

473 1166 556 1209 tur
588 1151 931 1206 ministerium
974 1155 1230 1201 nostrum.
1276 1145 1444 1199 Nemo
1472 1155 1505 1196 a
1536 1146 1723 1194 nostro
1763 1135 2071 1195 oli'endatut‘

477 1244 729 1314 exemplo
764 1260 776 1296 :
804 1254 874 1297 ne
900 1253 1008 1295 non
1040 1247 1153 1293 tam
1178 1245 1428 1291 nostrum
1457 1232 1649 1289 vitium
1680 1236 1898 1302 putetur
1925 1240 2068 1291 esse,

480 1350 641 1409 quam
675 1335 829 1404 legis.

554 1428 663 1485 Sed
686 1429 743 1480 in
772 1422 1031 1480 omnibus.
1053 1420 1171 1478 Non
1201 1419 1255 1474 in
1285 1414 1601 1488 aliquantis.

550 1518 909 1574 Exhibeatnus
973 1513 1333 1584 nosmetipsos.
1406 1509 1610 1567 Omnes
1672 1512 1857 1561 autem
1914 1498 2076 1571 hujus

485 1629 662 1671 causae
687 1613 740 1668 in
771 1615 959 1665 nostra
984 1614 1112 1663 sunt
1140 1611 1434 1677 potestate.

555 1705 705 1762 Sicut
750 1700 849 1757 Dei
899 1699 1188 1754 ministros.
1239 1695 1334 1751 Dei
1379 1690 1613 1749 ministri
1662 1689 1830 1744 Deum
1877 1683 2080 1741 debent

2165 485 2343 541 nobis.

2237 578 2387 633 Sicut
2416 578 2502 649 qui
2532 576 2730 647 ignoti,
2770 580 2817 625 et
2856 574 3071 642 cogniti.
3117 572 3286 641 Ignoti
3329 568 3556 641 perﬁdis
3588 577 3645 625 et.
3680 569 3778 625 in-

2163 671 2355 741 gratis,
2382 680 2437 724 et
2464 669 2664 739 cogniti
2692 682 2723 722 a
2754 667 2999 723 lidelibus
3031 672 3086 721 et
3109 662 3294 731 iustis.

2241 764 2405 831 Quasi
2432 763 2728 826 morientes,
2754 772 2799 815 et
2823 776 2935 815 ecce
2956 758 3192 812 vivimus.
3220 754 3335 808 lloc
3355 764 3464 817 est,
3491 768 3669 823 usque
3690 752 3774 808 ad

2169 864 2400 912 mortem
2431 853 2810 923 pervenientes
2841 869 2853 904 :
2894 850 3039 905 sicut
3080 845 3299 917 quando
3346 843 3621 913 lapidatus
3649 853 3769 909 est,

2170 961 2223 1004 et
2254 961 2502 1003 mortuus
2530 947 2830 1001 aestimatus
2857 958 3088 1013 surgens
3117 940 3346 995 ducebat
3369 938 3422 990 in
3448 936 3678 1006 Lystris.

2247 1039 2315 1095 Ut
2336 1038 2595 1112 castigati,
2623 1046 2672 1092 et
2693 1052 2797 1090 non
2822 1031 3148 1103 mortiﬁcati.
3172 1028 3456 1097 Castigans
3484 1025 3777 1096 castigavit

2174 1149 2261 1190 me
2286 1134 2568 1198 Dominus,
2600 1140 2655 1185 et
2686 1130 2845 1186 morti
2878 1144 2982 1183 non
3016 1124 3238 1180 tradidit
3270 1137 3377 1176 me.

2250 1225 2413 1293 Quasi
2440 1226 2610 1278 tristes
2630 1263 2645 1289 ,
2674 1236 2873 1291 semper
2904 1228 3081 1273 autem
3111 1217 3415 1289 gaudentes.
3442 1216 3652 1272 Tristes
3680 1229 3777 1269 se-

2176 1317 2407 1374 veritate
2452 1315 2685 1371 vultus:
2729 1312 2896 1370 corde
2946 1325 3075 1367 vero
3120 1309 3283 1365 etiam
3317 1308 3371 1363 in
3419 1307 3781 1364 tribulatione

2177 1411 2501 1483 gaudentes.

2254 1506 2400 1561 Sicut
2427 1512 2628 1579 egentes
2651 1547 2666 1570 ,
2708 1503 2896 1556 multos
2940 1509 3114 1554 autem
3154 1498 3544 1565 locupletantes.
3579 1494 3638 1550 In
3671 1495 3787 1568 hoc_

2183 1600 2301 1669 ipso
2326 1614 2433 1670 quo
2465 1597 2624 1653 nobis
2654 1610 2902 1665 egemus,
2936 1591 3059 1648 aliis
3086 1591 3420 1646 abundamus
3449 1604 3463 1642 :
3502 1587 3630 1641 dum
3668 1601 3772 1654 per

2188 1706 2286 1745 nos
2313 1690 2681 1760 eleemosynm
2713 1686 2847 1740 ﬁunt
2878 1702 2890 1741 :
2928 1683 3045 1739 sive
3081 1681 3310 1738 terrenis
3345 1688 3564 1750 egentes
3585 1718 3601 1743 ,
3641 1677 3785 1730 alios

485 1800 671 1873 (prout
700 1792 962 1865 possibile
999 1792 1103 1860 est)
1132 1784 1364 1851 imitari,
1397 1795 1458 1840 ut
1487 1799 1555 1839 ex
1582 1789 1704 1836 actu
1743 1790 2080 1848 cognoscan-
2115 1774 2164 1843 Β
2191 1780 2349 1836 bonis
2374 1779 2687 1836 ctelestibus
2711 1776 2936 1831 facimus
2960 1772 3277 1844 locupletes.
3303 1769 3474 1827 Simul
3495 1766 3787 1822 attenden-

485 1868 569 1945 tur
589 1889 687 1943 Dei
714 1899 836 1941 esse
864 1883 1126 1938 cultores.
1159 1878 1313 1935 Unde
1343 1876 1472 1932 alibi
1502 1874 1578 1929 ait
1611 1890 1625 1927 :
1658 1872 1881 1927 Portare
1906 1868 2082 1922 Deum

486 1984 541 2037 in
572 1991 800 2047 corpore
826 1982 1034 2031 vestro.
1082 1971 1238 2028 Sicut
1268 1970 1359 2024 ille
1399 1982 1457 2022 se
1498 1966 1567 2022 ab
1598 1962 1850 2018 omnibus
1882 1957 2084 2031 patitur

487 2069 891 2143 hlasphemari,
945 2075 1003 2121 et
1049 2073 1228 2119 tamen
1280 2061 1335 2117 in
1388 2058 1642 2130 prmsenti
1695 2056 1805 2112 vita
1856 2050 2084 2124 ingratis

486 2168 655 2225 etiam
687 2182 783 2223 sua
805 2162 1073 2221 beneﬁcia
1098 2172 1208 2213 non
1236 2155 1492 2223 denegat.

564 2257 631 2311 In
654 2259 818 2311 multa
846 2252 1119 2326 patientia,
1143 2249 1197 2302 in
1226 2239 1670 2298 tribulationibus.
1695 2232 1884 2291 Omnis
1908 2231 2085 2299 laesio,

492 2348 774 2405 tribulatio
796 2354 902 2401 est.
1067 2400 1071 2404 .

566 2437 633 2493 In
659 2433 1067 2492 necessitatibus.
1091 2429 1265 2485 Omne
1287 2423 1430 2498 quod
1455 2433 1682 2478 necesse
1696 2425 1799 2485 est,
1822 2412 2085 2481 feramus,

493 2540 553 2585 ιιι
580 2542 804 2584 necesse
835 2534 939 2582 εει.

565 2620 633 2675 In
654 2617 934 2690 angustiis.
967 2611 1226 2683 Angustia
1257 2617 1343 2666 est
1364 2607 1542 2664 omnis
1568 2602 1803 2674 egentia.

570 2712 637 2768 In
666 2687 855 2783 plagis,
884 2709 940 2763 in
970 2704 1282 2767 carceribus,
1327 2702 1382 2756 in
1411 2694 1778 2761 seditionibus,
1811 2692 1865 2745 in
1895 2687 2090 2745 labori-

499 2806 614 2860 bus.
642 2803 919 2865 Manuum,
951 2798 1037 2852 vel
1070 2796 1446 2851 discursurum.

570 2898 639 2953 In
662 2894 876 2966 vigiliis.
906 2891 1023 2948 Non
1054 2891 1238 2946 minus
1269 2884 1491 2952 mentis,
1515 2895 1679 2954 quam
1709 2876 1982 2949 corporis.

571 2988 639 3045 In
661 2987 907 3061 jejuniis.
944 2982 1249 3040 Notandum
1277 2977 1482 3050 jejunia
1522 2989 1646 3033 cum
1675 2969 1966 3027 virtutibus
1994 2981 2092 3021 nu-

499 3083 726 3142 merari.

2186 1873 2337 1940 dum,
2368 1871 2641 1942 quomodo
2663 1870 2842 1925 omnia
2870 1869 3022 1938 quasi
3048 1866 3157 1938 pati
3189 1880 3251 1920 se
3278 1864 3428 1930 dicit,
3465 1877 3574 1917 non
3600 1871 3781 1913 tamen

2186 1965 2295 2034 pati
2332 1982 2344 2018 :
2375 1972 2437 2019 ut
2475 1961 2727 2018 ostendat
2763 1962 2863 2016 ista
2902 1974 3026 2015 esse
3063 1956 3221 2026 quasi
3269 1954 3536 2025 imagines
3578 1951 3787 2023 paSsio-

2188 2073 2340 2123 num,
2372 2056 2438 2109 ad
2470 2053 2936 2125 comparationem
2968 2050 3182 2122 praemii
3208 2044 3550 2117 sempiterni.

2260 2146 2548 2216 Tamquam
2580 2145 2713 2200 nihil
2739 2142 3001 2207 habentes,
3022 2150 3069 2196 et
3097 2140 3273 2195 omnia
3294 2136 3640 2210 possidentes.
3670 2133 3789 2189 Sic-

2187 2250 2248 2296 ut
2268 2241 2346 2295 ait
2366 2238 2622 2295 Salomon
2646 2254 2659 2292 :
2697 2236 2833 2307 Ejus
2861 2236 2952 2305 qui
2982 2233 3155 2289 ﬁdelis
3182 2240 3295 2299 est,
3330 2238 3416 2285 est
3449 2237 3597 2283 totus
3626 2242 3784 2282 mun-

2185 2331 2289 2387 dus
2319 2331 2654 2385 divitiarum.
2687 2328 2821 2383 Nam
2862 2335 3134 2397 excepto,
3186 2323 3331 2394 quod
3373 2323 3554 2375 omnia
3598 2328 3783 2373 nostra

2192 2422 2289 2479 Dei
2317 2432 2475 2490 sunt,
2512 2437 2671 2476 nemo
2700 2421 2821 2489 plus
2852 2420 3014 2473 habet
3037 2457 3052 2480 ,
3085 2431 3247 2487 quam
3280 2414 3373 2484 qui
3406 2412 3612 2468 nullius
3646 2411 3789 2465 indi-

2178 2517 2302 2587 get.
2336 2515 2430 2569 Ille
2451 2529 2585 2568 vero
2617 2512 2745 2566 nihil
2781 2521 2934 2581 eget,
2965 2510 3056 2578 qui
3090 2515 3290 2577 prseter
3320 2504 3632 2559 necessaria
3657 2502 3791 2556 nihil

2194 2607 2441 2677 requirit.
2487 2607 2559 2662 De
2590 2606 2941 2676 separatione
2982 2602 3224 2658 ﬁdelium
3255 2600 3323 2653 ab
3346 2597 3659 2654 inﬁdelibus
3692 2613 3706 2651 :
3734 2603 3795 2651 et

2194 2700 2337 2771 quod
2368 2712 2560 2753 omnes
2582 2698 2759 2765 sancti
2793 2695 3055 2765 templum
3081 2693 3193 2748 sint
3222 2693 3339 2747 Dei.

2270 2790 2340 2847 0s
2368 2801 2603 2845 nostrum
2632 2798 2771 2863 patet
2802 2788 2869 2844 ad
2894 2804 3009 2853 vos,
3057 2803 3085 2841 ο
3123 2783 3406 2849 Corinthii,
3439 2800 3527 2837 cor
3557 2791 3792 2836 nostrum

2196 2885 2477 2941 dilatatam
2510 2892 2606 2937 est.
2634 2881 2710 2936 Ita
2750 2895 2938 2935 sumus
2970 2889 3158 2935 vestro
3208 2876 3458 2948 profectu
3492 2875 3789 2945 provocati,

2196 2985 2256 3031 ut
2286 2985 2465 3030 tacere
2486 2975 2700 3047 penitus
2731 2986 2838 3027 non
2872 2969 3160 3040 possimus.
3192 2969 3478 3024 Profectus
3518 2968 3660 3023 enim
3702 2965 3787 3021 di-

2199 3067 2408 3136 scipuli,
2436 3066 2613 3136 aperit
2647 3080 2708 3119 os
2738 3062 3000 3133 magiStri.
3031 3063 3093 3115 Et
3125 3076 3224 3115 cor
3253 3060 3443 3115 dilatat
3477 3070 3640 3128 atque
3663 3073 3783 3112 am-

570 3174 639 3229 In
670 3173 925 3237 castitate.
960 3167 1058 3223 llla
1084 3172 1170 3222 est
1193 3176 1321 3219 vera
1354 3159 1594 3224 castitas,
1625 3168 1748 3225 qua:
1777 3166 1878 3209 nec
1910 3157 2083 3206 mente

2217 3161 2427 3227 )liﬁcat,
2457 3159 2509 3214 id
2536 3167 2638 3224 est,
2665 3156 2792 3211 facit
2813 3154 3062 3210 sensibus
3088 3153 3396 3209 abundare.
3424 3151 3577 3207 Sicut
3597 3148 3663 3203 de
3686 3147 3785 3204 Sa-

501 3268 785 3341 polluitur.

576 3357 642 3414 ln
668 3355 909 3412 scientia.
939 3345 1248 3407 Notandum
1279 3340 1424 3414 quod
1447 3337 1678 3401 scientia
1711 3335 1852 3399 inter
1880 3330 2097 3404 species

506 3451 792 3511 virtutum.

576 3539 643 3595 In
674 3533 1090 3609 longanimitate.
1116 3531 1171 3586 ιδ
1200 3536 1305 3595 est,
1334 3522 1656 3582 sustinentia
1682 3521 1861 3592 longa.

583 3633 650 3687 In
675 3629 944 3685 suavitate.
978 3624 1049 3681 Ut
1073 3621 1208 3679 nulli
1235 3621 1421 3677 verbis
1448 3616 1647 3674 nostris
1675 3609 2095 3677 amaritudinem

506 3736 832 3798 generemus
863 3735 879 3778 :
905 3729 959 3774 et
992 3717 1205 3773 dicatur
1233 3714 1300 3768 de
1331 3710 1489 3767 nobis
1523 3725 1539 3767 :
1582 3707 1790 3764 Fauces
1827 3705 1945 3776 ejus
1974 3702 2097 3759 dul-

505 3814 748 3878 cedines,
780 3819 835 3867 et
861 3816 1033 3865 tonnn
1061 3804 1415 3862 desiderium.

575 3906 643 3963 In
666 3903 855 3975 spiritu
883 3910 1084 3955 sancto.
1115 3897 1253 3952 Dutn
1276 3894 1497 3967 dignum
1524 3894 1572 3949 ei
1604 3906 1702 3953 nos
1730 3888 2094 3945 habitaculum

508 4013 897 4071 praeparamus.

578 4090 646 4145 In
677 4090 926 4144 charitate
956 4104 1059 4142 non
1098 4087 1241 4158 ﬁcta.
1270 4082 1461 4143 Omnia
1504 4095 1624 4151 qua:
1657 4076 1816 4137 nobis
1845 4073 2097 4139 volumus

2203 3253 2420 3310 Iomone
2455 3250 2719 3317 scriptum
2750 3256 2834 3303 est
2866 3264 2878 3301 :
2911 3244 3048 3314 Quia
3080 3243 3235 3300 dedit
3270 3244 3347 3299 illi
3378 3243 3521 3297 Deus
3554 3238 3793 3296 Ιίιιὶιυιιίς

2203 3360 2323 3399 nem
2353 3342 2556 3404 cordis,
2588 3342 2730 3396 sicut
2758 3354 2979 3396 arenam
3007 3338 3195 3393 maris.

2277 3434 2399 3490 Non
2427 3432 2805 3505 angustiamini
2831 3433 2885 3486 in
2916 3430 3062 3485 nobis
3093 3447 3112 3484 :
3134 3427 3506 3502 angustiamini
3533 3434 3704 3483 autem
3738 3426 3793 3481 in

2199 3528 2478 3583 visceribus
2508 3526 2704 3581 vestris.
2732 3524 2849 3580 Non
2877 3540 2948 3579 ex
2983 3524 3164 3589 nobis,
3190 3522 3458 3578 sermonis
3486 3518 3732 3590 angustia
3768 3534 3785 3574 :

2199 3621 2298 3677 sed
2326 3620 2451 3692 quia
2485 3618 2806 3674 validiorem
2836 3633 2933 3672 vos
2972 3633 3080 3672 non
3110 3616 3332 3685 potestis
3359 3612 3550 3668 audire
3580 3610 3788 3666 doctri-

2200 3730 2347 3780 nam,
2378 3713 2501 3768 ideo
2531 3728 2595 3767 ex
2626 3712 2778 3766 vobis
2804 3726 2966 3765 causa
3000 3707 3240 3780 procedit
3266 3703 3555 3773 angustiae.

2272 3804 2524 3859 Eamdem
2551 3811 2724 3858 autem
2757 3803 2997 3859 habentes
3025 3797 3513 3854 remunerationem.
3545 3794 3603 3851 Si
3639 3809 3790 3855 eum-

2196 3898 2321 3951 dem
2367 3895 2739 3949 sustinueritis
2781 3894 3036 3948 laborem.
3083 3892 3189 3945 Ant
3241 3900 3390 3943 certe
3442 3889 3489 3941 si
3540 3896 3790 3957 tantum,

2199 3996 2463 4058 quantum
2495 3987 2679 4041 dicere
2708 3999 3019 4055 possumus,
3051 3981 3296 4051 capiatis.

2271 4080 2562 4149 Tamquam
2596 4080 2723 4150 [illis
2755 4078 2905 4149 dico,
2939 4075 3240 4132 dilatann’ni
3277 4082 3323 4129 et
3360 4089 3469 4128 vos.
3502 4072 3669 4143 Quasi
3698 4073 3793 4137 ﬁlii

508 4186 710 4247 facere.
741 4185 866 4240 aliis
893 4182 1153 4238 faciamus
1181 4199 1197 4235 :
1229 4189 1288 4235 ut
1316 4195 1422 4233 non
1445 4176 1738 4245 diligamus
1774 4170 1969 4235 verbo,
2000 4166 2096 4233 sed
2201 4187 2326 4227 meo
2357 4171 2609 4242 exemplo
2639 4170 2947 4231 dilatnmini
2975 4210 2988 4234 ,
3020 4179 3077 4227 ut
3107 4167 3312 4239 majora
3344 4166 3640 4235 recipiatis.
3669 4164 3793 4229 Sive

505 4294 673 4352 opere
695 4287 750 4333 et
777 4277 1029 4333 veritate.

580 4370 649 4424 In
672 4370 823 4424 verbo
846 4367 1093 4423 veritatis.
1122 4364 1177 4421 Id
1208 4371 1314 4428 est,
1340 4363 1396 4418 in
1427 4359 1594 4415 verbo
1618 4355 1823 4413 Christi
1855 4373 1868 4410 :
1899 4355 1942 4411 si
1976 4363 2100 4425 apte

507 4461 819 4532 proferatur
846 4467 902 4514 et
942 4472 1105 4522 vere,
1139 4471 1209 4511 ne
1246 4454 1339 4511 ﬁat
1365 4452 1434 4509 de
1464 4450 1695 4504 veritate
1728 4446 2093 4501 mendacium.

2201 4267 2513 4325 sacerdotes
2542 4266 2594 4320 in
2641 4264 2887 4321 doctrina
2937 4248 3193 4332 exemplo
3240 4276 3340 4316 suo
3387 4256 3793 4331 praacipitdil.-:

2205 4358 2332 4415 tari.

2278 4449 2454 4506 Nolite
2483 4451 2677 4523 jugum
2713 4447 2903 4502 ducere
2947 4461 3062 4503 cum
3103 4444 3427 4515 inﬁdelibus.
3468 4440 3643 4496 Nolite
3687 4440 3798 4500 illis

578 4551 644 4607 In
679 4554 865 4606 virtute
894 4548 1015 4605 Dei.
1053 4547 1158 4603 Per
1186 4564 1333 4607 arma
1361 4545 1605 4619 justitiw.
1645 4542 1699 4597 In
1746 4541 1947 4597 virtute
1976 4540 2091 4607 Dei,
2126 4521 2179 4588 Ῑ)
2204 4521 2494 4613 conjungi,
2529 4542 2614 4597 vel
2661 4538 2868 4611 a‘quari
2916 4556 2928 4593 :
2960 4538 3085 4617 quia
3122 4538 3312 4608 jugum
3353 4533 3511 4591 simul
3552 4548 3660 4589 non
3691 4545 3799 4588 ιω.

508 4644 624 4699 sive
649 4642 802 4713 legis,
827 4652 1019 4697 contra
1039 4640 1314 4699 diabolum
1345 4638 1690 4693 dimicemus.

572 4740 619 4798 Δ
654 4737 850 4795 dextris
884 4746 933 4793 et
963 4752 996 4794 a
1033 4732 1282 4791 sinistris.
1313 4729 1426 4786 Nec
1462 4725 1743 4801 prosrieris
1788 4724 2089 4789 elevemur,

506 4861 607 4902 nec
636 4847 945 4915 lrangamur
976 4839 1244 4899 adversis.

580 4945 683 4999 Per
721 4944 947 5015 gloriam
980 4950 1028 4997 et
1069 4939 1467 5013 ignobilitatem.
1516 4934 1759 4999 Gloriam
1802 4932 2090 4999 virtutum,

507 5054 561 5101 et
589 5042 982 5113 ignobilitatem
1010 5040 1271 5098 careeris.

576 5146 681 5201 Per
707 5144 977 5214 infamiam
1005 5152 1053 5197 et
1083 5143 1270 5198 bonam
1301 5140 1503 5210 [amans
1532 5151 1551 5189 :
1579 5147 1637 5190 ut
1671 5135 1971 5193 seductores
1998 5171 2011 5198 ,
2042 5140 2094 5188 et

505 5265 729 5304 veraces.
759 5246 843 5302 Ab
874 5243 1016 5309 aliis,
1051 5255 1110 5299 ut
1136 5257 1360 5298 veraces
1387 5238 1671 5294 laudamur
1699 5255 1711 5291 :
1745 5246 1803 5291 ut
1840 5235 2093 5292 seducto-

505 5366 591 5405 rcs
615 5349 682 5403 ab
710 5348 830 5403 aliis
860 5344 1185 5401 infamantur
1211 5361 1221 5396 :
1252 5343 1392 5397 sicut
1415 5350 1468 5395 ct
1491 5341 1607 5410 ipse
1629 5339 1880 5395 Salvator
1902 5337 2091 5408 appel-

506 5452 644 5507 latus
674 5460 759 5509 est
802 5466 829 5506 a
871 5446 1074 5504 Judzeis
1107 5445 1381 5502 seductor.
1428 5442 1558 5510 Qum
1598 5441 1779 5496 omnia
1813 5440 2091 5512 aequaliter

505 5553 756 5617 ferimus,
801 5565 870 5606 ne
896 5549 1159 5604 extollant
1200 5560 1296 5601 nos
1328 5542 1605 5599 laudantes
1632 5582 1646 5607 ,
1698 5556 1796 5597 nec
1836 5541 2091 5611 dejiciant

504 5649 851 5704 detrahentes
882 5647 1042 5719 :quia
1065 5660 1289 5702 necesse
1318 5652 1403 5707 est
1435 5651 1715 5712 utramque
1742 5648 1950 5712 partem
1982 5640 2085 5711 ali-

504 5744 721 5820 quando
759 5744 994 5803 mentiri.
1041 5743 1198 5809 Unde
1222 5744 1289 5811 ad
1331 5741 1722 5823 conscientiam
1763 5740 2087 5813 redeuntes.

2206 4634 2337 4691 hunt
2359 4677 2374 4703 ,
2400 4634 2503 4690 nisi
2544 4647 2699 4703 pares
2728 4647 2745 4691 :
2777 4630 2829 4686 id
2855 4639 2970 4699 est,
2998 4629 3173 4687 nolite
3205 4625 3677 4697 pseudoapostolis
3709 4639 3798 4680 50-,

2204 4727 2358 4793 ciari,
2382 4727 2463 4783 vel
2497 4726 2581 4781 his
2603 4726 2691 4799 qui
2723 4726 2774 4778 in
2802 4722 2971 4779 idolio
2996 4720 3403 4777 recumbebant.

2277 4822 2407 4889 Quae
2431 4820 2568 4877 enim
2598 4817 2931 4890 participatio
2953 4815 3203 4887 justitiae,
3238 4830 3353 4867 cunt
3383 4810 3674 4880 iniquitate,
3702 4817 3794 4863 aut

2200 4930 2318 4989 qua
2350 4914 2568 4971 societas
2607 4912 2711 4968 luci
2740 4910 2809 4963 ad
2852 4908 3131 4965 tenebras?
3157 4906 3310 4962 Nulla
3329 4946 3343 4969 ,
3373 4903 3511 4958 sicut
3542 4914 3641 4957 rrec
3666 4915 3792 4957 cum

2203 5007 2442 5069 tenebris
2486 5006 2614 5067 luci.
2662 5001 2836 5061 Simul
2877 4998 3113 5056 ostendit
3158 4996 3425 5051 neminem
3465 5004 3624 5063 posse
3666 5004 3798 5056 esse

2200 5098 2404 5167 justum
2435 5104 2492 5154 et
2528 5095 2788 5167 injustum
2824 5112 2838 5149 :
2869 5091 3027 5159 valde
3067 5087 3333 5145 contraria
3376 5084 3627 5153 exempla
3669 5098 3805 5153 pro:

2203 5204 2434 5260 ponens.

2275 5281 2403 5346 Quae
2433 5285 2602 5339 autem
2648 5276 2911 5332 conventio
2949 5272 3139 5329 Christi
3180 5270 3247 5325 ad
3298 5266 3504 5321 Belial?
3534 5268 3638 5321 Aut
3680 5282 3794 5335 qua:

2204 5391 2324 5443 pars
2362 5372 2512 5445 ﬁdeli
2537 5389 2654 5426 cum
2688 5370 2910 5440 inﬁdeli.
2948 5364 3169 5422 Penitus
3203 5363 3280 5416 illi
3320 5376 3425 5416 non
3457 5367 3639 5431 potest
3668 5373 3799 5412 con-

2200 5468 2408 5524 venire.
2440 5464 2499 5521 In
2524 5464 2690 5521 Belial
2718 5473 2904 5523 autem
2928 5458 3233 5529 diabolum,
3262 5456 3381 5511 sive
3405 5451 3796 5508 Antichristnm

2200 5559 2254 5615 in
2283 5556 2548 5613 vocabulo
2580 5554 2709 5608 idoli
2743 5552 3081 5607 nominavit.

2275 5649 2376 5717 Qui
2408 5654 2580 5702 autem
2610 5660 2893 5701 consensus
2922 5644 3113 5713 templo
3150 5638 3274 5709 Dei,
3307 5654 3425 5694 cum
3453 5635 3655 5690 idolis?
3691 5633 3796 5689 Vos

2197 5744 2333 5811 enim
2362 5740 2484 5803 estis
2506 5736 2754 5821 templum
2784 5734 2887 5797 Dei
2916 5734 3040 5791 vivi.
3074 5732 3223 5803 idola
3256 5731 3406 5809 ipsos
3436 5726 3686 5801 homines
3718 5722 3798 5797 tli-
