4008 6188
276 176 377 233 1S9

1000 170 1547 230 COMMENTARIUS
1584 172 1653 229 IN
1694 173 2079 231 EPISTOLAM
2118 173 2160 229 ll
2202 174 2295 231 AD
2330 174 2488 232 COR.
2528 175 2684 233 CAP.
2729 180 2837 237 VII.
3244 180 3276 231 i'

3458 166 3569 243 τοι)

272 296 366 365 cit,
395 294 485 365 qui
525 294 676 352 idola
703 293 925 351 colunt:
957 293 1082 365 quia
1126 291 1329 362 templa
1359 299 1486 345 sunt
1523 290 1859 359 dmmonum,
1894 294 1945 353 Α
2045 289 2183 344 Ναηι
2200 300 2247 344 et
2268 307 2383 345 cum
2404 293 2718 348 venissemus
2740 294 2793 348 in
2828 293 3219 366 Macedonians,
3249 298 3452 354 nullam
3482 280 3567 355 re-

270 387 416 443 sicut
439 388 573 457 justi
598 387 855 458 templum
889 386 984 440 Dei
1014 394 1159 440 sunt.

345 479 493 534 Sicut
519 478 645 532 dicit
666 477 810 533 Deus
833 494 853 532 :
878 477 1133 547 Quoniam
1160 475 1463 530 inhabitabo
1483 475 1539 529 in
1565 473 1696 529 illis.
1726 471 1863 529 Cum

270 570 473 640 ubique
502 569 570 625 sit
604 571 743 625 Deus
768 613 783 639 ,
823 579 1005 625 tamen
1038 568 1090 622 in
1125 568 1233 621 illis
1264 567 1484 637 proprie
1520 566 1773 621 habitare
1803 579 1863 619 se

270 660 403 723 dicit
435 680 447 714 :
475 662 566 730 qui
594 660 713 730 ejus
746 660 917 730 gratia
952 658 1341 729 perfruuntur,
1381 656 1474 727 qui
1521 656 1783 711 mundum
1813 656 1862 709 ei

271 752 699 822 praeparantsui
726 750 911 807 cordis
940 749 1260 821 hospitium.

344 843 413 901 Et
439 843 770 903 inambulabo
799 845 933 901 inter
959 859 1065 899 eos.
1096 846 1301 899 Omnes
1320 855 1512 896 eorum
1536 855 1734 896 sensus
1763 838 1866 894 ob—
1908 850 1914 857 ‘

271 935 487 999 tinebo,
517 935 603 989 vel
629 950 964 1007 percurram.

344 1027 410 1085 Et
438 1044 530 1083 ero
551 1027 767 1085 illorum
798 1029 960 1085 Deus.
1013 1027 1159 1083 Deus
1187 1026 1335 1081 enim
1381 1034 1576 1080 natura
1617 1021 1862 1077 omnium

270 1126 379 1186 est,
411 1120 690 1179 voluntate
720 1133 1017 1189 paucorum
1049 1135 1062 1173 :
1093 1132 1206 1173 non
1232 1117 1375 1171 enim
1413 1122 1497 1171 est
1546 1115 1688 1169 Deus
1718 1128 1863 1173 mor-

271 1220 513 1278 tuorum,
544 1212 639 1267 sed
664 1209 933 1266 vivorum.

342 1302 411 1357 Et
454 1303 557 1373 ipsi
586 1313 735 1357 erunt
775 1301 900 1357 milii
943 1300 1189 1371 populus.
1234 1297 1339 1366 Qui
1388 1298 1670 1354 voluntate
1718 1298 1862 1354 servi

266 1404 416 1458 sunt,
450 1411 561 1451 non
592 1402 782 1451 natura
818 1403 1051 1450 tantum.

341 1485 567 1555 Propter
595 1485 736 1556 quod
758 1486 893 1542 exite
920 1485 987 1541 de
1016 1485 1187 1541 medio
1213 1500 1413 1555 eorum,
1438 1493 1488 1539 et
1508 1485 1861 1554 sepsramini,

269 1578 398 1633 dicit
425 1577 705 1633 Dominus.
738 1578 901 1647 Actu,
932 1577 1020 1635 vel
1048 1577 1483 1643 conversatione,
1514 1576 1603 1632 vel
1630 1574 1861 1632 familia-

270 1670 433 1725 ritate
465 1687 477 1722 :
513 1685 620 1723 non
653 1668 798 1724 loco.

345 1759 415 1817 Et
460 1760 785 1819 immundum
818 1774 923 1815 non
966 1758 1259 1833 tetigeritis.
1289 1758 1478 1816 Omnis
1520 1759 1614 1830 qui
1656 1766 1866 1829 peccat,

272 1850 587 1907 immundus
615 1850 763 1906 enim
793 1849 936 1920 apud
967 1849 1135 1906 Deum
1165 1851 1346 1906 omnis
1375 1849 1615 1920 iniquus.

345 1940 419 1996 Et
444 1957 538 2015 ego
565 1942 811 2011 recipiam
842 1955 952 1996 vos.
986 1938 1042 1997 Si
1065 1954 1162 1995 vos
1192 1940 1275 1998 illi
1303 1939 1590 2009 eiecerint.

346 2032 416 2087 Et
442 2049 529 2088 ero
557 2034 696 2089 vobis
726 2033 779 2087 in
810 2040 1004 2102 patrem
1024 2073 1041 2101 ,
1086 2041 1136 2088 et
1165 2049 1251 2087 vos
1287 2032 1431 2088 eritis
1471 2030 1599 2089 mihi
1626 2032 1682 2088 in
1706 2031 1866 2103 ﬁlios,

274 2132 323 2178 et
352 2125 515 2194 ﬁlias.
549 2123 606 2179 Si
651 2138 746 2177 vos
791 2133 1045 2193 parentes
1085 2123 1460 2178 abdicaverint
1485 2121 1751 2191 inﬁdeles,
1785 2137 1870 2184 tne

273 2226 489 2293 patrem
517 2217 791 2272 habebitis
813 2216 1229 2288 sempiternum.

346 2305 486 2363 Dicit
526 2306 782 2363 Dominus
828 2307 1169 2379 omnipotens.
1201 2306 1460 2375 Addidit,
1498 2308 1864 2376 omnipotens,

276 2413 345 2456 ne
373 2399 458 2455 cui
488 2398 830 2467 impossibile
860 2397 1161 2453 videretur.

874 2495 1106 2553 CAPUT
1147 2495 1259 2551 γιι.

350 2584 464 2638 Has
486 2600 606 2655 ergo
632 2584 876 2639 habentes
904 2586 1291 2657 promissiones,
1330 2585 1639 2641 charissimi.
1669 2586 1873 2646 Tantas

275 2684 331 2730 et
351 2676 486 2731 tales
507 2677 900 2745 promissiones
922 2678 1270 2744 habentibus,
1297 2688 1501 2749 quanto
1513 2678 1697 2735 studio
1717 2694 1874 2737 mun-

276 2766 457 2820 danda
482 2777 566 2823 est
592 2767 788 2823 domus
833 2769 997 2825 talem
1024 2767 1299 2840 hospitem
1328 2771 1662 2839 receptura?
1690 2780 1746 2829 ct
1777 2771 1873 2841 Dei

279 2858 399 2923 lilii,
438 2859 710 2927 quomodo
741 2860 944 2918 debent
987 2871 1197 2934 patrem
1230 2862 1282 2917 in
1328 2863 1589 2917 clunibus
1641 2861 1872 2932 iustitia:

278 2950 537 3020 cperibus
576 2950 799 3007 imitari.

355 3042 670 3100 Mundemus
702 3061 794 3098 nos
820 3044 883 3099 ab
909 3044 1049 3098 omni
1077 3044 1465 3112 inquinamento
1487 3043 1661 3105 carnis
1691 3053 1738 3101 et
1764 3044 1875 3115 ερε-
1905 3028 1950 3092 C

281 3135 432 3189 ritus.
466 3134 939 3206 Inquinamentum
972 3136 1153 3190 carnis
1180 3144 1286 3199 est,
1314 3136 1459 3206 quod
1515 3152 1612 3205 per
1654 3150 1877 3201 carnem

279 3226 607 3282 admittitur.
636 3227 871 3297 Spiritus
902 3240 1053 3290 vero,
1090 3226 1233 3297 quod
1255 3225 1372 3287 sola
1401 3226 1731 3296 cogitatione
1762 3241 1881 3297 pee—

279 3328 451 3376 catur.

360 3410 693 3483 Pcrﬁcientes
736 3411 1228 3483 sanctiﬁcationent.
1284 3410 1436 3466 Tunc
1477 3411 1583 3467 erit
1635 3408 1879 3483 perlecta

279 3504 661 3567 sanctificatio,
688 3505 732 3560 si
764 3514 993 3575 utraque
1035 3502 1234 3558 munda
1283 3513 1588 3558 serventur.

354 3596 423 3653 In
449 3598 630 3651 timore
654 3596 771 3651 Dei.
796 3596 913 3653 Non
946 3598 998 3651 in
1022 3595 1183 3651 laude
1210 3594 1512 3661 hominum,
1544 3591 1628 3648 vel
1658 3592 1875 3651 timore.

354 3688 540 3760 Capite
582 3706 692 3745 nos.
721 3687 997 3743 Neminem
1023 3688 1273 3742 tissimus.
1303 3685 1546 3758 Accipite
1570 3683 1714 3755 quod
1746 3682 1881 3743 dici-

276 3782 567 3857 ‘mus;sive
600 3779 745 3851 quod
786 3779 1045 3846 vivimus,
1076 3785 1139 3833 ιιι
1167 3776 1482 3847 exemplum
1519 3782 1769 3830 nostrum
1803 3782 1879 3841 te-

284 3874 479 3928 ueatis.

359 3963 635 4021 Neminem
668 3960 1015 4033 cor-rupimus.
1039 3958 1175 4013 Mala
1217 3956 1487 4021 doctrina.

362 4057 637 4111 Neminem
665 4054 1111 4119 circumvenimus.
1135 4048 1207 4117 Ut
1252 4050 1370 4121 ejus
1418 4047 1624 4123 aliquid
1666 4047 1883 4104 tollere-

288 4164 432 4205 mus.

362 4240 487 4296 Non
512 4238 581 4292 ad
608 4237 1089 4293 condemnationem
1108 4244 1332 4290 vestram
1356 4235 1495 4288 dico.
1529 4230 1880 4291 Praediximus

286 4333 448 4398 enim,
480 4330 614 4409 quod
644 4330 698 4384 in
724 4327 966 4385 cordibus
1007 4327 1195 4389 nostris
1255 4326 1375 4382 estis
1424 4324 1495 4387 ad
1538 4321 1877 4389 commorien-

288 4424 437 4490 dum,
466 4407 510 4476 et
539 4422 607 4475 ad
639 4419 1034 4479 connivendum.
1065 4418 1185 4477 Non
1214 4433 1300 4473 me
1317 4414 1654 4479 excusando,
1684 4425 1780 4467 vos
1805 4420 1886 4468 ta-
1911 4407 1965 4468 D

289 4517 370 4573 les
417 4530 635 4589 expono
662 4533 676 4569 :
699 4528 806 4579 non
837 4514 982 4585 enim
1015 4528 1235 4583 possunt
1280 4512 1350 4568 de
1394 4510 1549 4569 vobis
1590 4507 1696 4564 hoc
1725 4507 1888 4563 senti-

291 4624 353 4677 re
410 4620 547 4679 quos
592 4606 779 4679 diligo,
811 4615 872 4661 ut
921 4603 1177 4675 superius
1221 4602 1669 4659 commemoravi.

368 4699 538 4767 Multa
567 4698 692 4753 mihi
724 4698 917 4767 ﬁducia
947 4706 1019 4761 est
1046 4696 1188 4766 apud
1220 4713 1327 4751 vos.
1348 4696 1568 4751 Multam
1592 4694 1723 4751 mihi
1753 4692 1889 4757 ﬁdu-

292 4793 434 4849 ciam
461 4790 691 4848 dedistis
722 4790 983 4863 loquendi
1008 4805 1023 4859 ;
1047 4790 1170 4859 quia
1203 4789 1254 4843 in
1300 4787 1554 4845 omnibus
1598 4786 1883 4852 obedistis,

292 4883 410 4942 sive
449 4882 576 4954 quia
606 4882 834 4949 multum
881 4896 970 4945 me
1000 4896 1030 4937 a
1062 4880 1217 4936 vobis
1247 4879 1399 4949 diligi
1452 4893 1560 4937 non
1598 4878 1811 4950 ignoro.

372 4975 543 5039 Multa
594 4976 717 5029 mihi
752 4972 998 5047 gloriatio
1028 4988 1124 5043 pro
1153 4972 1315 5027 vobis.
1348 4970 1505 5041 Apud
1536 4969 1673 5026 alias
1694 4970 1888 5041 Eccle-

300 5065 433 5131 sias,
479 5065 549 5121 de
596 5076 778 5123 vestra
806 5064 1191 5125 emendatione
1221 5061 1353 5119 mihi
1382 5060 1674 5133 applaudo.

378 5155 622 5229 Replctus
642 5173 757 5215 sum
782 5157 1160 5215 consolatione.
1185 5156 1314 5219 Post,
1341 5153 1567 5210 multam
1592 5151 1893 5219 tristitiam.

312 5246 437 5305 Sive
466 5262 643 5309 sermo
678 5248 809 5302 mihi
853 5246 1171 5319 suppeditat
1220 5246 1675 5310 consolationem,
1717 5252 1900 5303 vestro

306 5348 627 5409 provocmus
672 5341 922 5411 exemplo
953 5350 1009 5397 et
1059 5339 1329 5417 profectu.

380 5430 756 5504 Superabundo
788 5433 1002 5507 gaudio,
1026 5433 1079 5487 in
1132 5433 1274 5489 omni
1330 5431 1663 5487 tribulatione
1712 5435 1901 5485 vestra.

310 5526 370 5581 In
409 5526 558 5583 omni
584 5528 934 5585 tribulatimie
956 5537 1133 5584 vestra
1158 5535 1367 5595 tantum
1398 5525 1635 5600 gaudeo,
1681 5532 1741 5582 ut
1770 5519 1907 5589 obli-

316 5619 495 5676 viscar
549 5622 792 5681 omnium
853 5636 1245 5693 pressurarum.

1968 381 2143 449 quiem
2170 380 2351 434 lrabuit
2386 398 2507 436 caro
2541 392 2739 445 nostra.
2774 386 3075 441 Ostendere
3110 387 3219 443 illis
3251 391 3361 443 vult
3388 394 3563 461 quau—

1969 481 2078 531 tam
2121 488 2429 541 pressuram
2478 475 2792 544 magnitudo
2823 477 3005 547 gaudii
3047 482 3348 547 superarit.

2044 564 2152 619 Sed
2181 581 2379 620 omnem
2407 567 2799 622 tribulationem
2832 570 2975 639 passi
3005 585 3205 624 sumus.
3236 572 3448 627 Nullum
3470 589 3570 645 ge-

1969 672 2073 712 nus
2112 658 2478 714 tribulationis
2522 660 2733 730 experti
2780 677 2890 715 non
2922 677 3133 717 sumus.

2040 746 2198 803 Foris
2234 766 2443 821 pugnas,
2468 752 2605 805 intus
2647 752 2874 806 timores.
2900 752 3103 823 Pugna:
3153 764 3341 809 contra
3374 756 3568 813 inlide-

1967 844 2069 907 les,
2102 852 2156 896 et
2179 841 2340 897 timor
2362 844 2430 898 de
2452 842 2714 899 fratribus
2752 844 2903 899 falsis
2935 864 2948 899 :
2982 845 3467 913 sive,litnebamus
3504 865 3573 906 ne

1967 933 2476 989 scaiidalizarentur
2505 936 2722 991 infirmi.

2039 1025 2147 1078 Sed
2168 1027 2255 1093 qui
2282 1026 2583 1080 consolatur
2609 1026 2849 1093 humiles,
2876 1028 3173 1083 consolatus
3196 1038 3268 1083 est
3293 1045 3387 1083 nos
3404 1028 3562 1083 Deus.

1970 1115 2084 1171 Hoc
2108 1131 2191 1172 est
2221 1116 2537 1173 humiliatos
2570 1121 2911 1188 passionibus
2948 1130 3002 1175 et
3030 1120 3282 1175 afflictos.

2039 1208 2104 1263 In
2118 1210 2337 1264 adventu
2349 1210 2470 1264 Titi.
2493 1210 2613 1265 Non
2632 1213 2799 1266 solum
2811 1215 3049 1268 autemin
3072 1215 3291 1269 adventu
3314 1216 3449 1285 ejus,
3478 1216 3567 1270 sed

1967 1300 2127 1355 etiam
2164 1301 2221 1355 in
2264 1303 2639 1357 consolatione.
2673 1303 2791 1358 Non
2835 1307 3014 1359 solum
3052 1308 3177 1375 quia
3221 1307 3564 1362 desideratus

1968 1379 2210 1459 advenit,
2242 1392 2338 1448 sed
2366 1392 2534 1449 etiam
2578 1396 2702 1462 quia
2731 1394 2821 1449 illa
2854 1395 3139 1461 nuntiavit,
3174 1404 3398 1467 propter
3445 1412 3568 1467 qua!

1968 1482 2088 1554 ejus
2127 1484 2364 1539 maxime
2384 1485 2836 1554 exspectabamus
2888 1488 3203 1543 adventum.

2040 1574 2110 1633 In
2131 1590 2237 1647 qua
2284 1575 2581 1632 consolatus
2624 1576 2777 1632 estin
2816 1576 2977 1632 vobis.
3010 1578 3133 1634 Post
3161 1579 3366 1634 luctum
3404 1593 3564 1650 quem

1895 1668 1945 1730 B
1973 1679 2075 1735 pro
2106 1667 2264 1723 vobis
2303 1666 2585 1725 nobiscum
2620 1667 2876 1724 habebat.

2046 1758 2295 1830 Referam
2324 1760 2471 1816 nobis
2489 1760 2804 1816 desiderium
2822 1772 3069 1828 vestrum,
3108 1772 3337 1820 vestrum
3358 1765 3562 1835 ﬂetum.

1970 1847 2080 1905 Pro
2126 1861 2315 1907 nostra
2341 1850 2780 1921 contristatione,
2809 1862 2866 1909 et
2900 1855 3262 1922 quorumdam
3298 1858 3563 1926 peccatis.

2055 1939 2295 2001 Vestram
2343 1939 2727 1998 Mtulutionrm
2782 1959 2876 2014 pro
2933 1960 3032 2000 me.
3084 1945 3219 2013 Quia
3276 1947 3396 2001 vice
3440 1959 3562 2000 mea

1975 2032 2214 2091 aemulati
2254 2034 2390 2093 estis
2432 2036 2525 2090 Dei
2564 2034 2915 2091 simulatione
2956 2046 3263 2105 peccantes.
3295 2036 3425 2091 Sive
3466 2038 3570 2091 tri-

1977 2126 2101 2195 plex
2137 2135 2221 2181 est
2242 2127 2519 2181 aemulatio
2550 2147 2563 2180 :
2595 2137 2694 2183 aut
2714 2126 3057 2197 imitationis,
3082 2136 3179 2183 aut
3207 2129 3447 2196 invidiae,
3476 2140 3572 2184 aut

1975 2217 2048 2277 de
2075 2231 2179 2285 qua
2212 2218 2391 2287 agitur
2420 2218 2473 2274 iu
2505 2220 2780 2287 praesenti.

2045 2309 2133 2363 Ita
2174 2317 2228 2364 ut
2269 2310 2434 2381 magis
2472 2311 2772 2383 gauderem.
2805 2311 2941 2378 Quia
2967 2328 3078 2369 non
3121 2312 3287 2369 modo
3327 2315 3571 2379 correxi-

1975 2400 2075 2457 stis
2106 2415 2226 2467 vos,
2258 2402 2358 2458 sed
2388 2402 2553 2458 etiam
2582 2404 2817 2472 amplius
2847 2404 3179 2474 profecistis.

2051 2495 2314 2560 Quoniam
2338 2504 2388 2549 et
2418 2497 2463 2549 si
2489 2498 2788 2551 contristavi
2813 2513 2900 2551 vos
2938 2498 2991 2550 in
3026 2496 3271 2568 Epistola
3293 2538 3307 2560 ,
3355 2513 3458 2551 non
3496 2512 3573 2551 me

1978 2587 2209 2656 pteuitet.
2241 2584 2309 2645 Et
2330 2589 2375 2641 si
2394 2590 2658 2658 paeniteret
2686 2589 2887 2652 videns,
2911 2589 3048 2656 quod
3072 2588 3313 2659 Epistola
3342 2589 3452 2653 illa,
3478 2588 3574 2643 etsi

1977 2675 2046 2727 ad
2068 2678 2250 2728 horam
2270 2693 2357 2730 vos
2381 2679 2721 2740 contristabit,
2754 2694 2889 2731 nunc
2911 2679 3118 2748 gaudeo
3143 2694 3161 2733 :
3181 2694 3283 2733 non
3301 2679 3429 2749 quia
3449 2694 3574 2735 cutt-

1978 2767 2170 2822 tristati
2191 2770 2313 2823 estis
2332 2809 2346 2832 ,
2371 2770 2461 2825 sed
2486 2770 2608 2838 quia
2628 2770 2917 2825 contristati
2946 2772 3066 2825 estis
3099 2769 3166 2827 ad
3198 2770 3571 2837 pwnitentiam.

1978 2859 2094 2915 Etsi
2112 2874 2197 2914 me
2218 2860 2577 2931 paenituisset,
2599 2875 2665 2923 eo
2685 2862 2830 2930 quod
2855 2874 2951 2915 vos
2973 2859 3161 2915 durius
3183 2859 3571 2929 corripuerim:

1982 2961 2159 3008 tamen
2185 2963 2369 3008 vester
2414 2954 2538 3009 facit
2568 2954 2883 3023 profectus,
2918 2962 2974 3015 ut
3004 2967 3111 3010 non
3145 2966 3233 3009 me
3261 2953 3526 3021 pmuiteat
3554 2968 3571 3005 :

1980 3046 2137 3115 quasi
2164 3045 2210 3099 si
2239 3046 2388 3107 dicat
2412 3043 2660 3107 medicus
2682 3084 2697 3112 ,
2731 3045 2897 3100 etiam
2935 3046 2980 3099 si
3011 3043 3272 3105 doluisset
3305 3043 3439 3099 mihi
3466 3052 3574 3107 tam

1983 3136 2193 3199 ardenti
2224 3152 2311 3190 me
2348 3151 2509 3193 usum
2538 3150 2660 3192 esse
2704 3136 2989 3197 cauterio:
3019 3134 3116 3192 sed
3159 3149 3302 3201 nunc
3339 3134 3572 3203 gaudeo,

1982 3244 2090 3285 non
2123 3229 2245 3299 quia
2283 3227 2566 3295 doluistis,
2610 3227 2707 3284 sed
2728 3228 2854 3297 quia
2885 3226 3041 3283 dolor
3070 3224 3162 3281 ille
3190 3224 3345 3279 vobis
3372 3222 3578 3294 profuit

1979 3317 2047 3373 ad
2077 3317 2328 3372 salutem.

2054 3408 2358 3464 Contristati
2387 3408 2525 3467 enim
2552 3409 2675 3464 estis
2701 3408 2987 3465 secundum
3021 3406 3206 3462 Deum.
3231 3406 3351 3469 Non
3378 3421 3571 3465 secun-

1980 3499 2110 3555 dum
2134 3500 2417 3561 saeculum.

2056 3592 2125 3651 Ut
2167 3592 2219 3645 in
2264 3589 2412 3647 nullo
2455 3591 2819 3651 detrimentum
2854 3591 3132 3662 patiamini
3173 3609 3238 3646 ex
3265 3592 3431 3647 nobis.
3467 3591 3578 3649 Aut

1983 3693 2166 3738 nostra
2202 3683 2525 3752 negligentia
2563 3700 2578 3738 :
2611 3690 2732 3749 aut,
2778 3694 2836 3738 ut
2875 3683 3159 3739 venientes
3198 3685 3435 3753 aliquem
3476 3698 3572 3743 ve-

1981 3784 2152 3831 strum
2184 3778 2587 3837 damnaremus.

2056 3867 2188 3933 Quae
2225 3869 2361 3922 enim
2389 3868 2676 3925 secundum
2705 3866 2874 3923 Deum
2906 3868 3123 3931 tristitia
3163 3876 3279 3933 est,
3324 3867 3575 3936 paenitea-

1983 3959 2109 4013 tiant
2140 3962 2192 4013 in
2222 3961 2445 4015 salutem
2485 3961 2715 4015 stabilem
2763 3970 3028 4032 operatur.
3076 3962 3171 4016 Est
3215 3960 3359 4023 enim
3400 3960 3578 4029 ιιωηί-

1985 4050 2152 4115 tentia
2195 4050 2467 4107 diabolica
2493 4095 2507 4121 ,
2554 4052 2783 4105 adversa
2832 4050 2996 4115 saluti
3026 4067 3040 4103 :
3075 4050 3119 4104 si
3160 4052 3283 4117 quis
3319 4047 3388 4104 de
3434 4049 3579 4104 bono

1989 4154 2158 4208 Opere
2188 4140 2470 4210 paeniteat.
2515 4139 2780 4203 Stabilem
2817 4149 3106 4213 operatur,
3139 4138 3390 4193 stabilem
3429 4138 3579 4192 salu-

1988 4241 2119 4295 tem,
2149 4235 2263 4285 sive
2296 4242 2705 4300 permanentem
2740 4232 3137 4300 pmnitcntiam.
3173 4230 3250 4283 De
3282 4228 3579 4298 propitiata

1985 4323 2131 4385 enim
2166 4333 2537 4391 peccatorum,
2566 4339 2675 4380 non
2707 4323 2970 4383 debemus
2999 4337 3121 4378 esse
3150 4322 3270 4376 sine
3298 4331 3466 4375 metu.

2063 4416 2256 4469 διεσαίὶ
2283 4424 2455 4471 autent
2487 4416 2697 4475 tristitia
2730 4424 2946 4470 mortem
2973 4424 3235 4485 operatur.
3262 4414 3457 4468 Surculi
3490 4412 3582 4475 tri-

1989 4508 2135 4564 stitia
2164 4518 2274 4583 est,
2311 4517 2404 4563 aut
2434 4509 2501 4564 de
2522 4509 2737 4567 amissis
2763 4510 2925 4563 rebus
2956 4506 3215 4578 proiiriis,
3234 4506 3413 4563 auide
3439 4505 3577 4567 alie-

1991 4601 2077 4656 nis
2104 4616 2212 4655 non
2238 4600 2442 4657 invasis
2469 4601 2679 4668 dolere,
2708 4601 2793 4656 vel
2823 4600 2892 4655 de
2920 4598 3148 4655 alterius
3176 4598 3438 4654 felicitate
3468 4607 3583 4654 lor-

1991 4703 2167 4772 queri.
2208 4702 2519 4757 Secundum
2544 4702 2716 4759 Deum
2742 4716 2874 4756 vero
2914 4701 3136 4757 tristitia
3164 4709 3282 4768 est,
3313 4700 3430 4757 sive
3458 4714 3580 4768 sua,

1991 4804 2115 4857 sive
2133 4801 2311 4856 aliena
2337 4802 2525 4870 lugere
2553 4801 2868 4857 commissa.

2070 4899 2203 4953 Ecce
2244 4900 2382 4953 enini
2410 4900 2509 4954 hoc
2546 4902 2719 4971 ipsum
2757 4900 3044 4955 secundum
3087 4898 3254 4954 Deum
3288 4901 3586 4955 contristari

1998 5016 2110 5068 vos,
2142 5008 2391 5067 quantam
2434 5002 2489 5054 in
2531 5000 2672 5057 vobis
2714 5009 2963 5070 operatur
2999 5000 3447 5056 sollicitudinem?
3477 5001 3593 5057 Hoc

1999 5100 2176 5169 ipsum
2207 5097 2353 5168 quod
2397 5097 2561 5154 modo
2599 5097 2797 5153 factum
2837 5106 2952 5165 est,
3000 5108 3185 5169 potest
3229 5116 3326 5155 vos
3369 5098 3589 5166 docere,

2004 5200 2131 5272 quid
2162 5199 2234 5255 sit
2262 5200 2404 5255 inter
2430 5213 2723 5272 utramque
2753 5200 3050 5256 tristitiam.

2079 5299 2188 5357 Sed
2216 5299 2589 5369 defensionem.
2635 5300 2864 5369 Quidam
2890 5300 3122 5369 habent,
3154 5301 3248 5356 sed
3293 5300 3604 5355 excusatio—

2004 5421 2127 5463 nem
2155 5423 2169 5460 :
2199 5406 2254 5461 in
2275 5405 2465 5461 Graeco
2492 5412 2671 5460 autem
2702 5405 2979 5481 ἀπολογίαν
3006 5423 3021 5461 :
3053 5404 3105 5461 id
3133 5412 3238 5470 est,
3276 5402 3604 5460 satisfactio-

2010 5522 2132 5563 nem
2162 5505 2419 5578 prarcepti
2438 5505 2645 5561 scilicet
2665 5505 2817 5560 dicit.
2845 5504 3076 5575 Quidam
3098 5504 3309 5569 dicunt,
3331 5503 3435 5561 boc
3457 5502 3602 5573 loco,

2020 5607 2110 5664 sed
2138 5608 2583 5691 praepositionem
2615 5604 2893 5675 in‘Latino
2921 5623 3044 5668 esse
3068 5608 3419 5681 superﬂuam.
3452 5604 3615 5677 Apud
