4008 6188
461 177 564 238 79!

1494 167 1554 226 S.
1594 163 1980 224 HIERONYMI
2016 162 2302 225 OPERUM
2338 165 2701 226 MANTISSA.

3673 170 3797 230 792

460 289 685 350 Grarcos
728 297 862 344 vero
918 280 1366 356 consequentiam
1424 286 1715 336 structura:
1763 292 1888 336 esse
1938 277 2226 341 ser-Aad
2256 280 2628 352 paenitentiam
2659 288 2712 337 et
2740 279 3139 355 eleemosynam
3177 289 3489 353 provocat,
3538 291 3603 338 ut
3665 301 3789 343 non

462 398 665 441 ωοηιε.

533 478 640 533 Sed
667 474 1099 546 indignationem.
1138 471 1339 528 Contra
1367 476 1689 541 peccantes,
1730 482 1839 525 non
1890 467 2061 540 negli-

499 567 723 626 entiam.

499 584 723 626 entiam.

462 584 497 641 8
534 659 644 715 Sed
680 658 933 711 timorem.
966 652 1241 710 Timorem
1268 652 1504 718 Domini,
1547 667 1656 707 non
1687 651 2055 707 securitatem.

536 751 645 808 Sed
689 749 1020 805 desiderium.
1056 746 1176 805 Non
1209 746 1484 805 fastidium
1518 787 1535 814 ,
1587 744 1684 802 sed
1726 743 2062 801 desiderium

466 852 733 901 nostrum.

537 937 649 993 Sed
670 934 1074 992 aemulationem.
1106 933 1309 989 Contra
1335 940 1643 1004 peccantes,
1670 946 1739 989 nc
1766 932 1907 989 ultra
1939 945 2065 1003 pee-

464 1039 655 1088 carent
688 1047 701 1085 :
726 1044 833 1085 non
857 1027 1258 1084 remissionem.
1875 1030 1895 1087 ε

538 1122 645 1180 Sed
670 1122 975 1176 vindictam.
1005 1118 1127 1175 Non
1147 1118 1358 1175 veniam
1404 1118 1653 1174 nocivam
1683 1161 1698 1186 ,
1754 1118 1850 1174 sed
1886 1117 2065 1174 vindi-

462 1224 605 1272 ctam
633 1214 948 1270 salutarem.

534 1308 606 1363 In
644 1308 880 1363 omnibus
914 1303 1222 1361 exhibuistis
1245 1320 1331 1357 vos
1374 1302 1807 1359 incontaminatos
1835 1318 1945 1359 esse
1976 1318 2068 1356 ne-

466 1402 628 1475 gotio.
655 1400 936 1458 Probastis
956 1397 1345 1453 vosimmunes
1378 1410 1410 1449 a
1430 1395 1593 1466 culpa
1624 1413 1638 1450 :
1671 1395 2067 1451 contaminatus

469 1497 614 1551 enim
644 1493 1024 1550 auctoritatem
1055 1506 1161 1546 non
1194 1489 1355 1544 habet
1382 1489 1718 1547 vindicandi.

536 1587 711 1659 Igitur
732 1587 828 1642 etsi
858 1585 1044 1654 scripsi
1074 1584 1243 1650 vobis,
1292 1600 1396 1638 non
1436 1594 1645 1654 prapter
1680 1601 1800 1638 eum
1827 1585 1914 1655 qui
1950 1582 2071 1655 fecit

2161 380 2413 443 putarent
2440 374 2541 429 sibi
2566 388 2765 446 grave,
2814 373 2959 445 quod
3001 374 3354 447 pauperiores
3400 373 3635 433 videant
3661 377 3784 449 jam

2162 463 2376 521 iecisse.

2235 554 2305 608 Et
2338 556 2476 625 quod
2527 556 2580 610 in
2618 556 2781 611 multo
2811 557 3159 628 eaperimento
3208 560 3565 619 tribulationis
3604 565 3789 619 abun-

2165 646 2343 701 dantia
2371 646 2555 718 gaudii
2601 648 2833 719 ipsorum
2864 651 2987 720 fuit.
3018 650 3171 706 Tunc
3207 654 3450 710 maxime
3477 656 3735 726 gaudent
3764 701 3781 727 ,

2164 739 2380 811 quando
2403 739 2601 796 fuerint
2631 742 2900 809 tribulati,
2952 745 3192 801 scientes
3222 750 3520 818 Apostolos
3578 765 3784 810 contu-

2165 832 2385 888 meliam
2408 833 2460 888 itt
2484 834 2713 891 consilio
2737 851 2925 906 passos
2948 853 3043 909 pro
3062 842 3283 899 nomine
3298 842 3526 916 Christi,
3551 847 3785 919 publica

2162 926 2353 983 laetitia
2396 927 2561 984 fuisse
2586 928 2820 1000 gavisos.

2238 1017 2307 1072 Et
2326 1018 2585 1075 altissima
2609 1032 2889 1091 paupertas
2916 1039 3093 1077 eorum
3121 1025 3405 1082 abundavit
3454 1029 3510 1083 in
3564 1032 3782 1089 divitias

2166 1110 2517 1182 simplicitatis
2537 1128 2741 1168 eorum.
2770 1114 2998 1169 Multum
3030 1115 3247 1185 quidem
3276 1119 3329 1173 in
3359 1127 3579 1177 terrena
3606 1123 3789 1180 facul-

2167 1208 2279 1257 tate
2306 1211 2433 1257 sunt
2460 1219 2724 1273 pauperes
2753 1223 2765 1256 :
2795 1205 2892 1261 sed
2922 1206 2975 1261 in
3008 1222 3199 1277 magna
3243 1210 3599 1281 simplicitate
3648 1226 3785 1272 sunt

2169 1294 2367 1352 divites
2394 1312 2409 1353 :
2438 1297 2562 1367 plus
2590 1298 2872 1369 cupientes
2901 1300 3032 1356 dare
3056 1317 3217 1373 quam
3252 1306 3473 1362 habent.
3508 1309 3591 1367 Ac
3649 1328 3787 1383 pro-

2172 1396 2358 1458 pterea
2406 1389 2548 1446 Deus
2594 1392 2837 1447 animum
2882 1393 3054 1464 magis
3105 1398 3301 1464 probat
3332 1439 3347 1463 ,
3404 1415 3560 1470 quam
3620 1405 3782 1474 quod

2172 1477 2398 1536 dextera
2427 1482 2686 1552 porrigit;
2716 1483 2809 1553 qui
2830 1484 2974 1540 enim
3006 1495 3265 1556 quantum
3297 1497 3464 1558 potest
3491 1491 3653 1562 facit,
3686 1506 3786 1550 to-

2174 1582 2287 1630 tum
2328 1574 2477 1630 fecit.
2512 1576 2776 1631 Similiter
2804 1577 2959 1635 dives
2991 1588 3046 1635 et
3084 1595 3313 1652 pauper,
3340 1585 3581 1654 quamvis
3610 1586 3787 1644 dives

466 1679 719 1751 injuriam
741 1719 757 1744 ,
815 1692 908 1731 nec
938 1682 1146 1749 propter
1176 1692 1292 1730 eum
1323 1677 1414 1745 qui
1450 1693 1633 1745 passus
1664 1686 1756 1731 est.
1786 1675 1906 1732 Non
1952 1689 2075 1746 pro-
2101 1666 2152 1729 B
2178 1668 2411 1738 amplius
2438 1667 2569 1723 dare
2599 1668 2865 1726 Videntur.

462 1781 589 1844 pter
635 1786 805 1838 eum,
852 1772 942 1841 qui
993 1770 1131 1840 patri
1180 1768 1310 1825 fecit
1350 1769 1605 1839 iniuriam
1660 1778 1868 1826 tantum
1897 1812 1914 1839 ,
1972 1789 2073 1830 nec

462 1872 690 1936 propter
717 1864 892 1934 ipsum
918 1861 1296 1928 solummodo,
1323 1870 1531 1931 patrem
1558 1861 1776 1933 scripsi.
1802 1863 1990 1921 Potest
2018 1876 2076 1924 et

465 1958 541 2013 ita
566 1956 674 2012 diei
700 1972 715 2010 :
748 1954 866 2010 Non
900 1964 1125 2025 propter
1151 1954 1303 2020 eum’,
1336 1954 1429 2025 qui
1455 1954 1661 2024 ejectus
1687 1964 1803 2023 est,
1834 1957 2069 2028 scripsi:

467 2061 647 2119 neque
670 2046 815 2103 enim
841 2060 938 2117 per
960 2061 1048 2101 me
1071 2044 1189 2101 haec
1215 2045 1329 2101 sola
1353 2046 1636 2102 emendata
1656 2088 1672 2116 ,
1703 2047 1790 2104 vel
1821 2058 2073 2120 correpta

470 2148 558 2198 est
579 2155 763 2196 causa.

542 2233 650 2290 Sed
702 2232 773 2287 ad
842 2230 1742 2305 manifestandam'sollicitudinem
1798 2243 2064 2304 nostram,

463 2343 621 2399 quam
645 2327 891 2382 habemus
924 2345 1019 2399 pro
1047 2327 1191 2383 vobis
1212 2343 1387 2383 coram
1436 2328 1570 2383 Deo.
1616 2328 1693 2385 Ne
1732 2331 1931 2399 putetis
1968 2346 2069 2387 nos

461 2419 667 2489 aliquid
700 2433 862 2489 posse
890 2419 1091 2487 latere,
1134 2419 1262 2476 dum
1317 2434 1417 2493 pro
1441 2420 1600 2478 vobis
1657 2436 1842 2479 sumus
1901 2422 2067 2481 nimia

467 2525 599 2568 cura
620 2509 864 2568 solliciti.

542 2603 673 2660 Ideo
693 2621 892 2676 quoque
910 2605 1167 2661 consolati
1194 2622 1392 2665 sumus.
1437 2606 1576 2676 Quia
1606 2621 1703 2664 vos
1728 2607 1913 2666 castos
1943 2624 2070 2681 pro-

470 2696 614 2753 batis
640 2711 764 2752 esse
784 2697 839 2752 in
865 2698 1106 2767 negotio.

538 2788 609 2843 In
648 2788 1003 2843 consolatione
1038 2799 1213 2845 autent
1265 2800 1441 2847 nostra
1496 2793 1847 2851 abundantius
1900 2797 2067 2869 magis

464 2878 631 2951 gavisi
654 2893 832 2932 sumus
854 2895 1008 2949 super
1035 2880 1230 2949 gaudio
1269 2881 1376 2936 Titi
1406 2898 1426 2938 :
1453 2884 1574 2947 quia
1616 2886 1835 2955 refectus
1860 2898 1933 2943 est
1954 2888 2065 2960 spi-

462 2971 597 3025 ritus
641 2973 757 3041 ejus
800 2970 864 3025 ab
912 2970 1148 3026 omnibus
1199 2974 1359 3028 vobis.
1402 2974 1461 3031 In
1491 2976 1595 3032 hoc
1629 2990 1808 3034 autem
1834 2982 2067 3052 amplius

468 3039 728 3133 gratulati
774 3075 963 3117 sumus
991 3076 1006 3118 :
1039 3062 1184 3132 quod
1227 3064 1299 3119 ita
1330 3080 1361 3120 a
1390 3067 1545 3122 vobis
1575 3068 1681 3123 Titi
1718 3039 1943 3139 spiritus
1986 3084 2071 3131 est
2096 3039 2145 3107 θ

468 3157 733 3224 refectus,
756 3166 816 3213 ut
836 3172 1128 3229 numquam
1158 3157 1229 3216 de
1257 3158 1376 3230 ejus
1402 3169 1585 3217 mente
1630 3165 1851 3234 possitis
1910 3181 2069 3224 rece-

471 3249 624 3306 dere.
655 3249 938 3306 Prol'ectus
961 3250 1163 3322 quippe
1186 3251 1576 3323 discipulorum
1605 3255 1906 3325 spiritualia
1937 3274 2069 3330 gau-

472 3340 563 3397 dia
590 3349 716 3397 sunt
744 3342 1143 3413 magistrorum.

544 3434 616 3488 Et
644 3435 689 3490 si
716 3435 842 3505 quid
865 3435 1006 3506 apud
1034 3435 1184 3490 illum
1204 3436 1268 3491 de
1289 3436 1428 3491 vobis
1456 3437 1713 3508 gloriatus
1738 3456 1873 3496 sunt.
1903 3441 2068 3510 Quasi

470 3527 679 3598 peritus
702 3527 941 3584 medicus
960 3527 1072 3600 agit
1099 3530 1191 3599 qui
1229 3529 1425 3585 vulnus
1444 3530 1553 3600 jam
1584 3546 1757 3603 prope
1784 3544 2031 3591 sanatum
2049 3580 2065 3605 ,

472 3620 686 3675 blandis
717 3622 1059 3678 unctionibus
1089 3621 1250 3689 fovet,
1292 3632 1351 3680 ut
1376 3623 1589 3682 facilius
1613 3630 1841 3686 cauterii
1882 3640 2069 3688 ustura

467 3721 710 3766 sanetur;

434 3824 441 3827 έ
542 3801 669 3856 Non
693 3802 939 3872 confusus
962 3821 1107 3869 sum,
1138 3808 1229 3861 sed
1253 3810 1383 3863 sicut
1441 3813 1614 3867 omnia
1654 3815 1793 3870 vobis
1839 3819 1892 3873 in
1938 3820 2071 3875 veri-

471 3901 577 3949 tate
605 3893 763 3949 locuti
780 3911 979 3951 sumus.
1013 3895 1397 3957 Coniusionem
1444 3918 1549 3960 non
1578 3904 1742 3963 habet
1781 3910 1952 3981 gloria
2000 3913 2070 3970 de

473 3987 738 4056 proiectu.

543 4078 636 4133 Ita
662 4088 710 4134 et
738 4079 985 4153 gloriatio
1014 4090 1217 4151 nostra,
1239 4101 1355 4157 qua:
1394 4088 1495 4158 fuit
1521 4089 1591 4143 ad
1632 4091 1808 4147 Titum
1830 4134 1845 4160 ,
1880 4097 2070 4151 veritas

470 4175 612 4242 facta
635 4180 730 4227 est.
752 4170 830 4228 De
843 4171 1003 4229 rebus
1028 4173 1211 4244 justis,
1244 4190 1351 4233 non
1382 4179 1660 4249 vanitatis,
1680 4183 1774 4238 sed
1815 4185 2069 4242 veritatis

471 4269 557 4319 est
577 4261 855 4332 gloriatio.

539 4354 609 4408 Et
658 4356 857 4411 viscera
898 4359 1012 4430 ejus
1056 4357 1407 4415 abundantius
1432 4363 1485 4415 in
1525 4362 1665 4418 vobis
1702 4375 1821 4421 sunt
1864 4369 2067 4426 :remi-

467 4445 710 4502 niscentis
758 4448 989 4502 omnium
1040 4457 1266 4505 vestrum
1307 4452 1670 4511 obedientiam.
1732 4458 1925 4518 Omnia
1969 4480 2065 4520 vos

465 4540 754 4597 all’ectuum
794 4542 914 4611 ejus
958 4543 1203 4599 membra
1256 4544 1608 4607 desiderant:
1639 4560 1698 4606 ut
1736 4554 1879 4609 oculi
1923 4570 2063 4627 prte-

464 4634 717 4702 sentiam,
745 4649 904 4691 aures
932 4650 1269 4703 sermonem,
1310 4652 1374 4694 os
1401 4639 1725 4712 colloquium
1765 4657 2059 4715 exspectet.

537 4722 812 4787 Quomodo
838 4742 954 4780 cum
982 4728 1167 4782 timore
1215 4737 1263 4782 et
1312 4737 1528 4785 tremore
1579 4734 1847 4805 excepistis
1884 4737 2057 4793 illum.

461 4812 833 4871 Obcdientiam
860 4816 1071 4873 ﬁdelem
1112 4817 1400 4890 descripsit
1426 4839 1439 4875 :
1464 4822 1555 4893 qui
1584 4827 1728 4881 enim
1767 4842 1833 4882 ex
1882 4827 2061 4887 citari-

460 4912 571 4960 tate
596 4907 800 4974 obcdit,
832 4910 987 4965 timet
1015 4914 1365 4969 constristare
1391 4930 1551 4985 quem
1582 4916 1774 4990 diligit.

530 4996 773 5067 Gaudeo,
800 5004 939 5072 quod
976 5004 1029 5058 in
1054 5006 1292 5061 onmibus
1320 5008 1526 5077 conﬁdo
1552 5011 1607 5064 in
1638 5012 1798 5067 vobis.
1828 5014 2055 5072 Fecistis

456 5106 548 5148 me
572 5090 814 5162 gaudere
846 5111 859 5147 :
892 5095 1020 5166 quia
1067 5096 1137 5154 de
1189 5098 1499 5156 obedientia
1530 5111 1706 5158 vestra
1760 5121 2052 5179 numquam

454 5185 603 5256 potui
630 5183 908 5257 haesitare,
940 5190 1089 5247 etde
1121 5190 1425 5250 ministerio
1456 5194 1510 5251 in
1535 5204 1776 5255 sanctos.

1050 5323 1278 5381 CAPUT
1319 5326 1452 5384 VIII.

521 5456 717 5513 Notam
744 5469 917 5516 autem
941 5461 1195 5532 faciamus
1225 5466 1395 5532 vobis,
1426 5468 1632 5538 fratres,
1666 5468 1883 5540 gratiam
1916 5470 2044 5540 Dei,

2251 1761 2387 1828 Quia
2415 1761 2701 1817 secundum
2743 1765 2981 1819 virtutem
3036 1766 3389 1822 testimonium
3430 1769 3537 1824 illis
3578 1771 3777 1840 reddo,

2172 1862 2221 1909 et
2247 1871 2411 1925 supra
2432 1856 2672 1910 virtutem
2699 1858 2979 1911 voluntarii
3003 1863 3235 1929 fuerunt.
3261 1860 3457 1917 Verbis
3480 1874 3783 1933 praeposte—

2172 1949 2247 2004 ris
2273 1948 2375 2004 hoc
2407 1949 2537 2005 dicit
2565 1950 2957 2007 Testimonium
2990 1952 3103 2008 illis
3128 1954 3298 2010 reddo
3320 1996 3336 2021 ,
3382 1957 3526 2027 quod
3578 1974 3782 2016 secun-

2172 2040 2301 2096 dum
2328 2041 2473 2097 vires
2513 2043 2774 2101 iacientes
2802 2086 2816 2112 ,
2850 2060 3013 2117 supra
3043 2047 3297 2105 virtutem
3321 2050 3617 2108 voluntarii
3660 2054 3779 2112 fue-

2171 2140 2321 2188 ιἰιηῑ.

2242 2224 2373 2279 Cum
2396 2226 2560 2280 multa
2588 2226 2945 2283 exhortatione
2976 2228 3299 2287 obsecrantes
3348 2252 3442 2289 nos
3477 2237 3703 2307 gratiam
3728 2248 3775 2291 et

2169 2320 2690 2375 communicationem
2737 2321 3056 2390 ministerii,
3111 2326 3252 2395 quod
3300 2328 3359 2395 ﬁt
3435 2330 3491 2383 in
3543 2336 3770 2387 sanctos.

2168 2410 2397 2467 Multum
2437 2412 2726 2468 suadentes
2748 2429 2846 2468 nos
2880 2460 2893 2483 ,
2944 2427 3316 2486 rogaverunt,
3364 2428 3423 2474 ut
3466 2431 3773 2492 gratanter,

2168 2517 2292 2573 qua:
2318 2502 2637 2575 olferebant,
2669 2506 3073 2576 susciperemus
3123 2510 3177 2565 in
3233 2510 3597 2569 ministerium
3647 2530 3774 2571 sau-

2166 2604 2378 2652 ctorum
2387 2636 2401 2651 .

2240 2687 2311 2743 Et
2357 2705 2461 2745 non
2490 2690 2622 2745 sicut
2656 2692 2974 2760 speravimus
3005 2710 3023 2748 :
3054 2696 3144 2751 sed
3180 2698 3477 2768 semetipsos
3517 2700 3769 2754 dederunt

2168 2782 2390 2855 primunt
2418 2782 2678 2851 Domino,
2710 2784 2900 2840 deinde
2933 2788 3096 2842 nobis.
3128 2790 3375 2859 Amplius
3401 2807 3560 2863 quam
3586 2808 3773 2863 spera-

2168 2874 2361 2932 bamus
2398 2874 2648 2931 fecerunt
2667 2919 2683 2945 ,
2716 2894 2822 2932 non
2852 2881 3094 2936 contenti
3124 2896 3221 2937 sua
3243 2883 3408 2951 dare,
3436 2885 3530 2940 sed
3554 2886 3767 2955 seipsos

2171 2969 2349 3039 primo
2379 2969 2611 3026 Domino
2646 2970 3022 3040 tradiderunt,
3050 2972 3249 3029 deinde
3279 2974 3468 3041 nobis;
3502 2977 3606 3031 ltoc
3635 2985 3719 3032 cst
3750 3019 3764 3042 ,

2176 3062 2317 3119 Deus
2341 3061 2490 3119 videt
2518 3062 2849 3119 voluntatem
2881 3080 3068 3121 eorum
3094 3106 3111 3133 ,
3141 3082 3239 3123 nos
3267 3068 3540 3123 effectum.

2252 3155 2351 3211 Per
2370 3156 2692 3212 voluntatem
2720 3158 2837 3213 Dei.
2879 3158 2999 3215 Non
3030 3170 3087 3217 ut
3116 3161 3273 3217 nobis
3324 3161 3601 3232 placerent
3649 3162 3767 3220 sine

2173 3249 2387 3306 Domini
2424 3250 2721 3305 voluntate.
3741 3262 3744 3269 '

2242 3339 2331 3394 Ita
2350 3349 2406 3395 ut
2426 3357 2723 3413 rogaremus
2763 3341 2943 3397 Titum
2975 3358 2994 3398 :
3028 3354 3083 3398 ut
3111 3346 3545 3415 quemadmodum
3580 3350 3760 3419 τωρὶι,

2170 3441 2218 3488 et
2244 3433 2479 3505 perﬁciat
2506 3434 2558 3487 in
2585 3435 2723 3489 vobis
2754 3436 2909 3490 etiam
2934 3438 3154 3509 gratiam
3182 3440 3357 3492 istam.
3405 3438 3625 3494 Illorum
3668 3440 3760 3494 dc-

2171 3524 2391 3580 votione
2410 3524 2625 3579 accensi
2646 3539 2832 3580 sumus
2866 3528 3083 3583 mittere
3121 3543 3244 3583 eum
3291 3529 3357 3583 ad
3407 3544 3507 3584 vos
3542 3537 3636 3583 :ut
3663 3528 3759 3583 do-

2170 3616 2346 3671 ctrina
2375 3625 2429 3670 et
2448 3614 2807 3684 disrositione
2833 3633 2928 3673 sua
2948 3660 2963 3685 ,
2994 3619 3160 3674 etiam
3188 3619 3291 3675 hoc
3318 3620 3374 3675 in
3403 3620 3556 3674 vobis
3600 3620 3757 3691 peril-

2170 3709 2299 3778 ciat,
2315 3725 2384 3765 ne
2399 3709 2524 3780 quid
2549 3710 2727 3765 minus
2746 3711 2960 3766 czeteris
2978 3712 3241 3769 habeatis.
3264 3712 3343 3769 De
3364 3712 3761 3769 collaudatione

2170 3802 2572 3860 Corintltiortm
2602 3814 2654 3860 et
2681 3804 2991 3875 aequalitate
3014 3848 3029 3871 ,
3077 3814 3237 3876 prout
3271 3808 3499 3878 quisque
3528 3807 3711 3862 habuit
3737 3848 3754 3876 ,

2170 3904 2228 3953 et
2256 3898 2326 3953 de
2349 3900 2529 3954 min'st
2548 3899 2651 3955 :rio
2676 3898 2822 3967 quod
2855 3899 2915 3953 tit
2942 3900 2995 3954 in
3026 3908 3260 3965 sanctos,
3284 3901 3416 3970 agit.

2243 3991 2351 4047 Sed
2374 3992 2441 4046 sit
2459 3993 2583 4047 tuin
2606 3990 2842 4046 omnibus
2872 3991 3150 4046 abundatis
3182 3991 3317 4061 ﬁde,
3340 4000 3389 4044 et
3415 4008 3679 4060 sermone,
3709 4001 3753 4047 et

2170 4083 2388 4137 scientia
2429 4100 2436 4109 '
2464 4093 2513 4137 et
2533 4085 2584 4138 in
2612 4084 2752 4137 omni
2789 4083 3171 4150 sollicitudine,
3198 4086 3411 4154 insuper
3434 4093 3483 4139 et
3511 4085 3754 4137 charitate

2170 4184 2336 4230 vestro
2364 4174 2552 4231 'nnos.
2582 4174 2717 4231 Nota
2760 4190 2883 4230 cum
2929 4174 3035 4233 [ide
3065 4176 3349 4232 scientiam
3403 4190 3526 4233 esse
3564 4174 3747 4230 lauda-

2171 4267 2357 4325 bilem.
3364 4268 3369 4273 ’

2248 4358 2317 4414 Ut
2343 4367 2394 4413 et
2418 4359 2472 4413 in
2498 4358 2595 4413 hac
2616 4360 2789 4432 gratia
2814 4357 3102 4414 abundetis.
3135 4357 3214 4414 Ne
3249 4373 3373 4414 cum
3395 4362 3450 4415 in
3494 4358 3610 4415 aliis
3632 4358 3748 4413 vin-

2170 4449 2327 4515 catis,
2360 4449 2413 4505 in
2444 4449 2548 4505 hoc
2571 4452 2639 4505 ab
2659 4450 2780 4505 aliis
2802 4450 3155 4521 superemini.

2170 4560 2171 4563 ‘
2241 4542 2365 4596 Non
2387 4543 2534 4612 quasi
2560 4542 2818 4614 imperans
2848 4544 3006 4599 dico:
3037 4543 3129 4599 sed
3179 4560 3269 4613 per
3314 4543 3750 4598 aliorumsollici—

2167 4637 2428 4702 tudinem,
2481 4637 2636 4690 etiam
2682 4646 2862 4691 vestra:
2927 4637 3198 4691 charitatis
3251 4637 3513 4708 ingenium
3562 4636 3748 4689 bonum

2164 4729 2522 4798 comprobans.
2548 4728 2664 4784 Non
2693 4729 2900 4799 impero
2929 4772 2943 4797 ,
2975 4745 3077 4786 nec
3116 4730 3297 4800 exigo,
3341 4728 3435 4784 sed
3464 4727 3741 4782 consilium

2164 4820 2234 4875 do
2262 4837 2277 4873 :
2312 4829 2367 4874 ut
2394 4819 2534 4875 sicut
2559 4820 2612 4875 in
2643 4820 2827 4875 multis
2852 4820 3082 4876 formam
3110 4821 3232 4875 aliis
3274 4816 3517 4889 praebetis
3548 4834 3563 4872 :
3592 4816 3665 4870 ita
3687 4825 3741 4871 et

2161 4911 2216 4968 in
2246 4912 2351 4967 isto
2378 4926 2544 4982 opere
2580 4911 2813 4967 faciatis.
2872 4913 2966 4966 Est
3005 4913 3149 4967 enim
3199 4911 3354 4967 vobis
3389 4908 3468 4966 sic
3509 4906 3740 4979 ingenita

2159 5006 2353 5077 pietas,
2386 5013 2445 5060 ut
2466 5006 2533 5061 ab
2559 5005 2679 5060 aliis
2702 5020 2822 5061 eam
2844 5004 3057 5061 discere
3080 5005 3301 5061 minime
3331 5004 3554 5074 egentis.

2229 5100 2387 5155 Scitis
2444 5100 2581 5153 enim
2626 5102 2852 5171 gratiam
2898 5100 3111 5153 Domini
3137 5101 3299 5154 nostri
3349 5097 3478 5154 Iesu
3508 5096 3743 5153 Christi:

2153 5193 2401 5264 quoniam
2451 5201 2662 5263 propter
2718 5207 2807 5246 vos
2859 5207 3048 5263 egenus
3098 5195 3268 5262 factus
3306 5201 3422 5261 est,
3476 5207 3594 5245 cum
3623 5202 3747 5246 esset

2155 5287 2295 5363 dives
2325 5302 2346 5341 .'
2374 5296 2429 5340 ut
2468 5286 2615 5341 illius
2643 5285 2820 5356 inepia
2846 5300 2932 5339 vos
2955 5284 3134 5339 divites
3164 5286 3338 5339 essetis
3359 5327 3374 5351 ,
3398 5293 3447 5339 et
3474 5283 3745 5338 consilium

2152 5379 2207 5433 in
2244 5378 2341 5433 hoc
2362 5381 2451 5432 do.
2508 5378 2619 5432 Hoc
2650 5379 2785 5433 enim
2831 5378 2971 5433 vobis
3014 5377 3139 5431 utile
3189 5385 3284 5432 est.
3316 5376 3437 5432 Non
3489 5376 3745 5446 ignoratis

2153 5469 2248 5525 Dei
2278 5470 2472 5523 Filium
2498 5478 2722 5538 propter
2762 5484 2858 5524 vos
2889 5483 3180 5540 pauperem
3225 5467 3429 5524 factum
3458 5509 3473 5533 ,
3507 5468 3599 5537 qui
3632 5468 3744 5521 uni-

445 5565 565 5617 qua:
591 5551 719 5605 data
747 5554 900 5608 estin
922 5552 1171 5612 Ecclesiis
1194 5557 1536 5613 Macedonia.
1570 5560 1799 5615 Causam
1827 5561 2046 5618 inchoat
2148 5574 2425 5616 versorum
2456 5567 2574 5614 erat
2600 5560 2850 5616 conditor
2875 5568 2930 5614 et
2958 5560 3249 5627 Dominus,
3286 5567 3344 5612 ttt
3397 5558 3515 5628 ejus
3555 5573 3741 5613 exem-

443 5637 517 5693 de
545 5638 788 5696 collectis
810 5683 824 5708 ,
856 5652 911 5701 et
950 5647 1202 5716 exemplo
1233 5648 1603 5707 Ecclesiat-um
1637 5650 1850 5707 illarum
1876 5693 1893 5722 ,
1945 5668 2040 5711 cos

2144 5652 2233 5724 plo
2258 5650 2414 5708 bonis
2438 5650 2752 5709 coelestibus
2790 5649 3119 5709 ditaremini.
3148 5650 3202 5706 Si
3243 5664 3373 5719 ergo
3394 5649 3486 5705 ille
3517 5658 3735 5719 propter
