4008 6188
160 299 266 356 795

893 283 1443 346 COMMENTARIUS
1480 283 1548 341 IN
1587 282 1979 342 EPISTOLAM
2019 286 2063 342 Il
2100 288 2193 343 AI)
2231 286 2388 350 COR.
2431 288 2583 346 CAP.
2625 290 2723 348 IX.

3347 292 3453 352 794

152 421 252 463 vos
278 403 595 477 temporalia
623 401 874 459 universa
915 400 1264 471 contempsit,
1320 406 1523 471 quanto
1575 399 1749 471 magis
1776 401 1831 462 Α
1854 418 2024 457 comes
2062 406 2493 476 peregrinationis
2525 418 2743 477 nostris,
2774 408 2829 463 in
2881 408 3015 464 hanc
3044 411 3268 482 gratiam
3293 452 3307 477 ,
3337 427 3455 483 qua:

154 514 253 556 vos
283 499 414 555 dare
441 497 650 554 debetis
680 510 878 567 parva,
924 510 1029 549 non
1066 503 1249 550 vestra
1274 533 1290 559 ,
1339 492 1505 547 immo
1556 506 1652 547 sua
1695 491 1748 548 ei

153 593 404 649 reddere.
436 590 542 661 Ipsi
564 592 709 645 enim
734 588 910 651 datur,
935 584 1195 657 quidquid
1238 584 1354 655 ejus
1412 597 1576 639 causa
1624 597 1750 653 por-

152 686 362 756 rigitur.
389 683 561 741 Simul
588 691 642 738 et
665 688 853 736 contra
880 678 1170 734 Photiuum
1213 676 1357 743 facit,
1399 675 1544 747 quod
1573 674 1750 746 prius-

152 792 311 848 quam
362 789 568 846 pauper
623 774 778 828 lieret
825 769 1075 828 Christus
1107 811 1123 839 ,
1194 768 1346 825 dives
1414 775 1532 825 erat
1571 783 1585 824 :
1624 767 1748 839 quia

152 868 432 925 habitabat
469 868 525 923 in
564 867 742 922 Patre.

226 960 327 1029 Qui
348 975 452 1013 non
474 958 641 1013 solum
666 956 837 1025 facere
861 997 875 1023 ,
910 955 1000 1010 sed
1028 962 1075 1010 et
1101 954 1229 1010 velle
1253 953 1476 1027 coepistis
1504 952 1569 1006 ab
1599 968 1738 1008 anno

148 1052 344 1123 priore.
376 1047 629 1106 Ostendit
652 1046 916 1118 quosdam
940 1061 1101 1117 posse
1128 1045 1303 1102 facere
1334 1060 1442 1100 non
1464 1044 1741 1100 volentes:

147 1158 270 1200 cum
296 1150 390 1219 aut
411 1140 791 1213 importunitas
820 1138 1057 1210 petentis
1091 1179 1106 1204 ,
1150 1146 1243 1193 aut
1273 1136 1571 1193 auctoritas
1602 1151 1746 1206 prte-

146 1234 400 1305 cipicntis
428 1234 695 1303 exigeret.

218 1325 380 1380 Nunc
423 1342 538 1380 vero
584 1332 633 1380 et
682 1327 820 1395 facto
873 1322 1141 1395 per/Scite,
1203 1329 1259 1375 ut
1308 1320 1742 1391 quemadmodum

143 1427 412 1491 promptus
442 1427 517 1471 est
547 1417 753 1470 animus
780 1414 1062 1469 voluntatis
1092 1428 1110 1466 :
1139 1414 1213 1466 ita
1239 1413 1304 1467 sit
1332 1421 1377 1467 et
1403 1412 1738 1483 perﬁciendi,

144 1529 206 1567 ex
231 1530 289 1566 eo
313 1516 454 1583 quod
486 1510 701 1565 habetis.
737 1509 891 1578 Quod
914 1508 1219 1564 voluntarie
1268 1506 1547 1575 incepistis
1572 1549 1587 1572 ,
1634 1506 1739 1562 im-

140 1603 306 1673 plete.
342 1602 530 1657 Omnis
552 1600 696 1656 enim
725 1600 854 1655 boni
888 1599 1070 1669 operis
1102 1599 1223 1653 linis
1252 1606 1337 1653 est
1378 1596 1737 1668 expetendus.

140 1694 271 1759 Quia
304 1692 447 1749 sicut
474 1694 670 1747 factum
704 1691 887 1755 inviti,
919 1698 1201 1759 acceptum
1246 1705 1352 1744 non
1385 1698 1468 1745 est
1495 1708 1507 1742 :
1539 1689 1609 1744 ita
1639 1704 1737 1746 vo-

140 1787 318 1842 luntas
348 1784 682 1841 infructuosa
712 1792 813 1849 est,
842 1781 1162 1837 habentibus
1192 1795 1311 1835 eam
1342 1781 1457 1835 sine
1484 1778 1649 1835 laeto.

208 1876 273 1932 Si
302 1878 437 1930 enim
466 1876 705 1929 voluntas
744 1881 984 1943 prompta
1026 1881 1138 1926 est:
1171 1871 1455 1925 secundum
1495 1870 1550 1923 id
1596 1870 1735 1941 quod

136 1968 310 2033 habet,
346 1976 560 2037 accepta
599 1974 694 2030 est,
722 1982 823 2019 non
851 1965 1131 2019 secundum
1161 1964 1216 2017 id
1245 1963 1384 2034 quod
1418 1980 1521 2018 non
1558 1961 1733 2019 habet.

136 2058 212 2113 Ne
235 2058 439 2130 putetis
461 2073 550 2112 me
579 2057 815 2128 aliquem
846 2070 1006 2126 supra
1034 2056 1182 2111 vires
1206 2070 1403 2126 cogere
1430 2097 1445 2121 ,
1499 2064 1591 2111 aut
1619 2063 1737 2110 tan-

140 2159 249 2204 tum
283 2149 340 2205 in
372 2147 472 2205 hac
496 2163 659 2204 causa
688 2165 718 2203 a
750 2163 986 2218 paupere
1012 2155 1272 2217 quantum
1294 2163 1326 2202 a
1356 2147 1524 2204 divite
1568 2163 1737 2217 expe-

143 2252 277 2299 tere.
303 2242 508 2299 Omnes
535 2242 818 2313 aequaliter
839 2241 1048 2297 dabunt
1075 2282 1088 2307 ,
1130 2241 1173 2295 si
1205 2240 1572 2311 unusquisque
1621 2249 1739 2294 tan-

144 2346 253 2393 tum
283 2336 520 2403 dederit,
552 2345 816 2406 quantum
847 2342 1057 2405 potest.
1117 2348 1223 2388 non
1256 2332 1555 2389 secundum
1592 2331 1738 2403 quod

142 2446 250 2486 non
270 2430 453 2486 habet.
478 2430 592 2486 Hoc
621 2437 675 2485 et
705 2429 906 2484 Tobias
930 2427 1148 2484 dicebat
1198 2427 1266 2483 ad
1315 2426 1483 2482 lilium
1516 2442 1532 2486 :
1570 2425 1740 2481 Prout

142 2522 421 2589 habueris,
465 2522 561 2585 liii,
592 2521 679 2576 l'ae
704 2521 1132 2592 eleemosynam.

216 2612 344 2669 Non
371 2614 504 2667 enim
530 2623 585 2667 ut
624 2613 742 2667 aliis
761 2614 829 2667 sit
849 2613 1080 2666 remissio
1105 2652 1118 2677 ,
1152 2611 1294 2666 vobis
1319 2618 1492 2665 autem
1519 2608 1739 2664 tribula-

144 2707 217 2759 tio
242 2721 261 2760 :
283 2706 372 2759 sed
393 2720 457 2760 ex
478 2705 770 2775 tequalitate
795 2705 847 2759 in
874 2705 1113 2774 prwsenti
1157 2714 1403 2775 tempore.
1446 2702 1565 2758 Non
1613 2702 1739 2757 dico

146 2804 206 2851 ut
229 2797 386 2853 vobis
406 2797 543 2853 nihil
584 2797 813 2854 servetis
843 2838 858 2865 ,
906 2797 1003 2853 sed
1065 2796 1209 2869 quod
1253 2795 1471 2868 quidem
1524 2795 1738 2867 utrique

145 2888 400 2945 sufﬁciat.

223 2980 409 3036 Vestra
444 2981 764 3036 abundantia
812 2982 1025 3037 illorum
1068 2983 1301 3054 inapiam
1348 2983 1625 3055 suppleat,
1682 2990 1739 3036 ut

147 3075 355 3129 illorum
382 3074 703 3130 abundantia
728 3085 908 3130 vestra:
948 3076 1139 3145 inapia:
1168 3077 1235 3129 sit
1272 3076 1689 3147 supplementum
1716 3091 1737 3129 :

1852 497 2174 552 ministratur
2220 516 2253 553 a
2299 501 2467 555 nobis.
2514 500 2854 557 Testimonio
2912 502 3282 561 Ecclesiarum
3333 504 3451 562 ido-

1853 603 2012 642 neum
2043 602 2165 644 eum
2199 597 2253 645 et
2279 590 2565 661 probatum
2597 591 2765 647 fuisse
2793 592 3155 650 demonstrat.

1924 682 2005 735 Ad
2061 681 2271 737 Domini
2310 683 2552 755 gloriam,
2597 694 2645 739 et
2676 686 2982 741 destinatam
3009 686 3321 745 voluntatem
3352 705 3451 743 no-

1851 781 2033 828 stram.
2066 774 2404 846 Propositam
2424 817 2439 843 ,
2469 778 2585 833 sive
2614 787 2880 848 paratam.

1921 867 2219 924 Devitantes
2248 870 2366 936 hoc,
2394 888 2457 927 ne
2485 872 2599 942 quis
2626 889 2719 926 nos
2748 873 2995 943 vituperet
3019 871 3073 925 in
3100 872 3198 925 hac
3229 871 3453 940 plenitu-

1850 960 1997 1029 dine,
2030 976 2147 1030 qua:
2174 961 2493 1018 ministratur
2523 980 2555 1018 ιι
2587 964 2731 1018 nobis
2763 964 2817 1017 in
2865 963 3073 1017 Domini
3101 962 3344 1035 gloriam.
3374 962 3452 1019 Ne

1848 1055 1968 1125 quis
1994 1054 2160 1123 dicat,
2192 1057 2466 1126 quomodo
2503 1057 2751 1114 Christus
2799 1057 2971 1128 legem
2996 1057 3237 1127 implevit
3277 1074 3290 1110 :
3324 1071 3445 1111 cum

1846 1144 2125 1201 videamus
2171 1146 2561 1214 Christianos,
2614 1164 2724 1205 non
2780 1158 2983 1205 tantam
3037 1149 3444 1219 eleemosynam

1845 1235 2046 1304 facere,
2080 1244 2334 1306 quantam
2369 1238 2487 1293 ﬁeri
2521 1239 2573 1293 in
2605 1239 2722 1309 lege
2749 1248 3082 1310 praeceptum
3121 1239 3246 1294 est?

1917 1328 2260 1385 Providemus
2288 1332 2420 1385 enim
2453 1332 2614 1393 bona,
2646 1349 2748 1386 non
2776 1334 2942 1386 soluat
2979 1349 3151 1387 coram
3181 1332 3323 1400 Deo,
3353 1333 3446 1387 sed

1845 1422 2001 1476 etiam
2030 1439 2203 1477 coram
2254 1424 2565 1478 hominibus.
2598 1422 2741 1479 Nihil
2781 1423 2923 1479 enim
2953 1424 3197 1494 'propter
3250 1424 3444 1479 buma-

1845 1530 1968 1569 nam
1993 1515 2217 1585 gloriam
2247 1514 2471 1571 facimus
2496 1557 2512 1583 ,
2567 1516 2662 1571 sed
2692 1525 2871 1571 tamen
2919 1517 3175 1571 nolumus
3202 1559 3216 1582 ,
3262 1526 3312 1569 ut
3346 1531 3445 1585 per

1843 1621 1943 1661 nos
1972 1606 2166 1677 aliquis
2194 1608 2515 1664 scandalum
2540 1609 2732 1663 merito
2750 1608 3017 1680 patiatur:
3046 1607 3140 1663 sed
3164 1614 3222 1661 ut
3256 1620 3445 1661 omnes

1843 1698 2093 1754 videntes
2148 1714 2317 1771 opera
2367 1711 2552 1757 nostra
2606 1702 2789 1769 bona,
2830 1700 3179 1773 magniﬁcent
3226 1699 3441 1756 Patrem

1763 1785 1813 1845 B
1839 1799 2106 1844 nostrum.

1912 1878 2150 1935 Misimus
2172 1890 2342 1935 autem
2363 1898 2480 1935 cum
2503 1882 2607 1937 illis
2627 1892 2675 1937 et
2695 1883 2908 1952 fratrem
2930 1893 3182 1939 nostrum.
3208 1884 3437 1953 Quidam

1839 1971 1942 2026 hoc
1969 1971 2038 2027 de
2068 1973 2260 2044 Apollo
2290 1982 2542 2029 asserunt
2570 1973 2794 2028 dictum.

1914 2062 2078 2130 Quem
2124 2063 2452 2132 probavimus
2498 2065 2551 2117 in
2593 2064 2764 2118 multis
2798 2080 2933 2137 sazpe
2987 2063 3268 2121 sollicitum
3309 2085 3440 2126 esse.

1840 2154 2233 2211 Testimonium
2266 2156 2340 2211 illi
2362 2156 2474 2224 dat,
2501 2166 2559 2212 ut
2587 2157 2802 2213 facilius
2826 2157 3103 2215 audiatur.

1914 2246 2070 2302 Nunc
2098 2258 2271 2303 autem
2293 2248 2455 2303 multo
2484 2249 2833 2304 sollicitiorem
2863 2252 3172 2321 conﬁdentia
3202 2253 3441 2324 multalin

1838 2354 1947 2393 vos.
1986 2339 2150 2394 Multo
2185 2355 2327 2396 nunc
2355 2339 2733 2396 sollicitiorem
2790 2342 3215 2412 comprobamus
3268 2358 3390 2399 eum
3418 2388 3434 2412 ,

1840 2440 2063 2500 propter
2100 2445 2200 2486 vos
2246 2449 2260 2486 :
2312 2432 2437 2500 quia
2487 2439 2668 2487 vestra
2723 2432 3034 2489 obedientia
3087 2444 3436 2505 provocatur,

1838 2521 1954 2577 sive
1984 2522 2108 2592 quia
2138 2520 2305 2593 adjuti
2329 2538 2358 2578 a
2390 2523 2533 2592 Tito,
2565 2524 2679 2579 sive
2708 2524 2833 2594 quia
2880 2539 2977 2596 per
3012 2525 3249 2597 seipsum
3289 2541 3438 2583 com-

1841 2614 2109 2687 probavit.

1912 2707 2033 2762 Sive
2054 2723 2147 2777 pro
2172 2707 2307 2772 Tito,
2334 2706 2424 2778 qui
2452 2715 2526 2760 est
2555 2706 2724 2761 socius
2758 2723 2897 2761 meus
2917 2747 2932 2771 ,
2973 2715 3019 2762 et
3045 2709 3097 2762 in
3119 2709 3256 2764 vobis
3283 2712 3441 2782 adju-

1840 2807 1940 2864 tor,
1993 2799 2096 2853 sive
2131 2800 2318 2868 fratres
2363 2798 2523 2851 nostri
2556 2843 2571 2867 ,
2619 2798 2847 2869 Apostoli
2878 2797 3231 2854 Ecclesiarum
3268 2802 3437 2872 gloria

1841 2891 2056 2947 Christi.
2097 2891 2251 2960 Quod
2281 2890 2446 2958 dicit,
2481 2890 2582 2946 hoc
2621 2902 2702 2945 est
2733 2908 2748 2948 :
2778 2890 2911 2946 Tam
2960 2891 3073 2951 Titi
3113 2907 3312 2960 ωυμδ,
3346 2894 3439 2965 qui

1840 3002 2027 3043 eorum
2053 2986 2414 3043 obedientiam
2444 2985 2848 3041 collaudaverat
2872 3030 2887 3055 ,
2917 3000 3078 3057 quam
3124 3001 3314 3042 eorum
3345 2987 3437 3058 qui

1841 3080 1908 3135 ad
1930 3080 2107 3151 ipsum
2132 3080 2341 3135 fuerant
2363 3079 2568 3150 pariter
2582 3079 2836 3135 destinati
2863 3096 2877 3132 :
2900 3078 2973 3133 ita
3001 3094 3063 3135 se
3086 3081 3462 3148 exhiberent,‘

145 3173 200 3218 ut
224 3167 315 3235 ﬁat
344 3168 617 3239 inqualitas
647 3185 662 3221 :
693 3168 828 3221 sicut
856 3168 1107 3237 scriptum
1131 3176 1226 3222 est.
1256 3168 1392 3222 Date
1412 3167 1517 3221 illis
1538 3182 1733 3223 carna-
1760 3161 1807 3225 C
1841 3180 1896 3227 ut
1918 3182 1972 3228 et
1991 3171 2275 3227 charitstis
2305 3171 2673 3228 sinceritatem
2702 3181 2758 3227 et
2794 3171 3107 3242 apostolicae
3155 3186 3252 3242 pro
3299 3172 3434 3242 ipsis

143 3256 234 3323 lia,
263 3268 405 3315 utet
434 3260 509 3314 illi
537 3269 818 3323 vacantes,
852 3258 1062 3327 possint
1089 3258 1242 3313 vobis
1282 3258 1515 3314 reddere
1570 3258 1731 3330 spiri-

143 3350 325 3405 tUulia.
350 3351 444 3408 Isti
477 3351 618 3406 enim
645 3350 751 3404 duo
770 3350 970 3421 gradus
989 3390 1005 3417 ,
1036 3352 1153 3405 sine
1182 3350 1447 3406 alterutro
1473 3364 1597 3406 esse
1624 3366 1732 3406 non

142 3452 365 3510 possunt
395 3459 411 3498 :
434 3442 547 3513 jam
576 3443 721 3497 enim
752 3442 842 3497 ille
862 3441 1137 3512 perlectus
1160 3457 1265 3497 non
1304 3442 1408 3497 erit
1434 3441 1502 3497 de
1542 3456 1735 3498 carna-

141 3523 279 3580 libus
293 3527 604 3598 cogitando,
633 3527 880 3597 quamvis
904 3525 1239 3594 misericors,
1260 3542 1384 3583 eum
1413 3541 1519 3582 non
1544 3526 1728 3599 habet,

141 3616 224 3669 cui
251 3617 408 3686 dare,
444 3620 526 3673 vel
549 3619 822 3689 quomodo
852 3618 984 3674 dare
1012 3619 1292 3675 doceatur.

216 3707 315 3775 Qui
345 3712 569 3765 multum
599 3711 811 3779 habuit,
846 3727 951 3766 non
995 3711 1310 3766 abundavit:
1340 3720 1388 3765 et
1429 3712 1518 3783 qui
1562 3711 1732 3767 modi-

140 3813 271 3865 cum,
301 3816 405 3855 non
426 3801 717 3857 minoravit.
747 3802 825 3857 De
852 3816 1049 3857 manna
1078 3801 1183 3856 hoc
1207 3801 1426 3870 dicitur,
1473 3803 1618 3873 quod
1644 3817 1733 3858 ac-

139 3893 281 3961 cepit
325 3895 564 3965 populus
615 3896 669 3950 in
713 3895 963 3962 deserto,
995 3896 1149 3964 cujus
1170 3895 1419 3965 exemplo
1447 3895 1730 3959 docemur,

138 3984 278 4052 quod
307 3989 491 4042 omnis
517 3987 1009 4057 superabundantia
1040 3996 1263 4056 generet
1279 4001 1513 4042 vermes.
1560 3988 1732 4043 Simul

138 4083 190 4127 et
215 4079 545 4145 ostenditur,
568 4094 688 4149 quas
713 4079 855 4134 Deus
885 4078 1009 4145 dat,
1050 4078 1303 4134 omnibus
1344 4078 1570 4148 aequalia
1611 4092 1732 4135 esse

137 4165 359 4225 debere.
401 4170 473 4225 Et
512 4178 733 4240 prepter
773 4170 932 4239 hujus
976 4169 1273 4223 testimonii
1315 4169 1728 4236 auctoritatem,

137 4259 251 4314 vult
275 4260 436 4317 nobis
463 4260 759 4331 Apostolus
788 4261 1076 4331 prmseutia
1113 4260 1295 4316 omnia
1327 4275 1449 4316 esse
1488 4276 1731 4317 commu-

141 4354 249 4419 nia,
280 4366 419 4414 utet
468 4359 692 4431 perfecti
726 4359 1029 4414 doctrinam
1082 4372 1189 4412 non
1243 4356 1623 4425 abscondant,
1676 4367 1733 4414 et

140 4444 399 4508 habentes
452 4453 812 4509 substantiam
869 4450 1096 4519 mundi,
1164 4465 1270 4504 non
1326 4449 1599 4521 denegent
1648 4450 1730 4507 eis

139 4540 357 4600 victum.
392 4546 597 4617 Dignus
622 4555 705 4602 est
733 4546 879 4601 enim
911 4544 1193 4616 operarius
1223 4544 1346 4600 cibo
1376 4560 1495 4598 suo.

208 4632 418 4693 Gratias
446 4650 619 4694 autent
646 4656 747 4711 ago
772 4638 909 4709 Deo,
940 4639 1028 4709 qui
1056 4636 1201 4691 dedit
1248 4637 1478 4691 eamdem
1528 4638 1730 4692 sollici-

140 4725 365 4783 tudinem
393 4748 487 4797 pro
516 4732 658 4786 vobis
688 4732 741 4786 in
777 4730 931 4785 corde
949 4729 1055 4784 Titi
1082 4748 1094 4783 :
1126 4731 1374 4801 quoniam
1411 4730 1728 4784 exhortatio-

140 4830 253 4870 nem
277 4822 487 4885 quidem
518 4824 779 4897 suscepit,
810 4824 899 4879 sed
934 4840 1053 4877 cum
1104 4822 1377 4876 sollicitior
1426 4832 1555 4877 esset
1578 4865 1593 4891 ,
1634 4840 1729 4878 sua

141 4906 402 4968 voluntate
423 4920 683 4987 profectus
701 4926 772 4971 est
799 4917 869 4969 ad
893 4933 998 4971 vos.
1040 4915 1227 4972 Gratia
1277 4914 1493 4985 quidem
1531 4916 1730 4972 exhor-

142 4998 380 5071 tationis,
404 5016 458 5061 et
483 5010 764 5064 voluntate
794 5009 1009 5086 prepria
1057 5006 1373 5074 festinavit,
1417 5014 1477 5061 ut
1523 5023 1729 5064 merce-

141 5088 259 5140 dem
288 5093 528 5168 haberet,
581 5118 686 5158 non
719 5101 943 5169 invitus,
984 5099 1137 5172 quasi
1181 5099 1233 5156 ei
1269 5099 1348 5155 sic
1386 5098 1588 5155 credita
1615 5100 1729 5158 dis-

147 5185 412 5249 pensatio.
1318 5204 1321 5207 '

220 5271 452 5335 Misimus
490 5287 657 5343 autem
683 5306 800 5344 cum
850 5288 945 5344 illo
995 5290 1211 5361 fratrem
1256 5294 1491 5343 nostrum
1518 5327 1533 5354 ,
1578 5292 1727 5360 cujus

146 5360 259 5455 laus
281 5376 354 5420 est
382 5372 436 5422 in
480 5374 757 5453 Evangelia
802 5399 892 5455 per
945 5360 1115 5437 omnes
1159 5381 1434 5436 Ecclesias.
1486 5379 1599 5437 Hoc
1658 5381 1727 5437 de

147 5448 292 5552 Luca
341 5448 653 5552 intelligitur
685 5448 845 5543 :quia
894 5474 1109 5530 laudem
1162 5476 1215 5530 in
1252 5473 1548 5545 Evangelio
1596 5489 1728 5528 con-

146 5542 438 5637 scribendo
478 5556 685 5616 videtur
736 5542 935 5620 habere
982 5582 1090 5634 pra:
1138 5542 1523 5637 θηρίου-ἰδίαιιί
1563 5567 1726 5622 etiam

149 5626 318 5730 Actus
344 5636 722 5708 Apostolorum
746 5665 942 5724 prmter
974 5626 1256 5730 livangelia
1291 5626 1525 5730 scripsit.

220 5722 344 5782 Non
376 5736 540 5792 solum
566 5755 764 5817 autem,
795 5752 883 5805 sed
910 5761 955 5805 ct
982 5753 1251 5808 ordinatus
1285 5761 1357 5808 cst
1387 5754 1449 5809 ab
1479 5753 1727 5811 Ecclesiis

1835 3263 2024 3335 glorize
2051 3264 2331 3321 veritatem
2358 3304 2373 3327 .
2409 3264 2466 3320 in
2502 3274 2803 3335 conspectu
2830 3261 3073 3320 omnium
3103 3262 3432 3333 comproba-

1834 3364 1978 3412 rent.

1910 3448 2264 3504 Ostensionem
2286 3464 2427 3517 ergo,
2457 3463 2557 3515 qua
2578 3453 2654 3499 est
2678 3444 2947 3498 charitatis
2971 3452 3150 3499 vestra:
3170 3453 3217 3498 et
3244 3452 3437 3499 nostra:

1832 3542 2033 3613 gloriw,
2062 3558 2155 3613 pro
2180 3539 2318 3593 vobis
2354 3541 2407 3591 in
2435 3537 2555 3591 illos
2584 3538 2836 3591 ostendite
2865 3538 2916 3591 in
2952 3538 3141 3607 faciem
3169 3536 3434 3592 Ecclesia-

1833 3649 1951 3685 rum
1977 3649 1995 3686 :
2024 3632 2093 3688 Ut
2122 3630 2339 3684 videant
2369 3643 2560 3683 verum
2590 3642 2735 3694 esse,
2766 3628 2911 3699 quod
2942 3626 3143 3700 dicitur
3173 3629 3229 3685 in
3254 3630 3433 3685 omni-

1832 3724 1935 3781 bus
1966 3721 2224 3777 Ecclesiis
2254 3720 2321 3775 de
2344 3728 2525 3776 vestro
2562 3720 2829 3790 profectu.
2882 3721 3013 3776 Sive
3041 3721 3220 3789 aliter,
3249 3732 3434 3778 osten-

1833 3816 1943 3871 dite
1965 3814 2286 3870 charitatem
2313 3824 2549 3869 vestram
2577 3812 2648 3870 de
2686 3828 2789 3884 qua
2817 3828 3003 3869 coram
3030 3814 3284 3871 omnibus
3326 3813 3433 3874 Ec-

1813 3907 2014 3965 'clesiis
2041 3906 2360 3978 gloriamur.

2440 3994 2667 4053 CAPUT
2706 3997 2796 4054 IX.

1907 4092 2047 4146 Nam
2082 4091 2145 4145 de
2181 4091 2491 4160 ministerio,
2533 4091 2671 4160 quod
2716 4091 2775 4160 ﬁt
2810 4092 2863 4146 in
2902 4100 3131 4160 sanctos,
3166 4108 3231 4147 ea:
3269 4091 3431 4147 abun-

1834 4186 1984 4240 danti
2026 4192 2100 4239 est
2137 4183 2265 4238 mihi
2311 4184 2531 4238 scribere
2587 4184 2745 4237 vobis.
2788 4184 2914 4239 Scio
2954 4186 3090 4239 enim
3139 4193 3432 4256 promptum

1834 4282 2067 4335 animum
2100 4287 2345 4345 vestrum,
2394 4293 2488 4346 pro
2517 4293 2617 4347 quo
2647 4276 2711 4330 de
2746 4277 2887 4331 vobis
2917 4278 3114 4347 glorior
3143 4277 3287 4347 apud
3314 4276 3434 4330 Ma-

1833 4372 2068 4448 qedones.
2112 4368 2321 4425 Mutare
2360 4368 2603 4435 videtur,
2645 4380 2887 4435 sanctos,
2941 4369 3029 4423 hic
3073 4383 3292 4423 sensum
3336 4378 3435 4424 :et

1837 4462 1961 4519 ideo
1991 4461 2209 4533 quidam
2238 4460 2427 4516 dicunt
2455 4476 2578 4516 eum
2610 4460 2867 4530 superius
2897 4459 2966 4515 de
2991 4460 3143 4514 laicis
3175 4459 3379 4514 dixisse
3413 4477 3427 4514 :
3472 4458 3475 4461 ’

1756 4544 1812 4605 D
1837 4556 1926 4611 hic
1947 4570 2076 4610 vero
2098 4554 2167 4610 de
2185 4554 2564 4610 sacerdotibus
2590 4553 2817 4607 sanetis.
2851 4551 2957 4607 Alii
2980 4566 3109 4604 vero
3133 4550 3285 4604 aiunt
3307 4565 3429 4605 eum

1833 4649 1902 4705 de
1928 4648 2293 4720 eleemosynis
2324 4647 2606 4716 hucusque
2636 4656 2920 4712 tractasse,
2950 4643 3111 4699 modo
3147 4651 3329 4699 autem
3359 4644 3429 4699 de

1835 4739 2137 4795 ministerio
2165 4738 2318 4793 verbi
2356 4751 2702 4792 commonere
2730 4751 2745 4788 :
2776 4735 2921 4806 quod
2953 4735 3303 4789 sanetilicatis
3333 4751 3430 4805 per

1833 4830 2162 4901 baptismum
2194 4828 2501 4882 exhibetur.
2535 4826 2632 4881 llic
2652 4840 2787 4881 vero
2809 4826 2916 4880 duo
2942 4839 3135 4880 sensus
3168 4841 3336 4895 usque
3357 4826 3427 4883 ad

1832 4922 1997 4979 linem
2035 4934 2214 4975 causae
2243 4917 2532 4987 diligenter
2565 4916 2779 4986 utrique
2803 4924 2931 4970 sunt
2970 4915 3277 4987 colligendi.

1906 5012 2164 5082 Quoniam
2208 5020 2255 5065 et
2296 5009 2496 5064 Achaia
2534 5017 2719 5079 parata
2760 5017 2835 5063 est
2860 5009 2925 5063 ab
2968 5025 3105 5063 anno
3145 5011 3422 5082 prwterito.

1833 5108 1969 5165 Tota
2019 5104 2318 5178 provincia,
2351 5104 2506 5174 cujus
2543 5113 2704 5174 caput
2744 5104 2910 5169 estis,
2946 5118 3044 5176 per
3075 5119 3175 5161 nos
3215 5105 3283 5161 ad
3320 5104 3428 5161 hoc

1834 5197 2197 5255 ministerium
2226 5204 2523 5267 provocata
2549 5204 2654 5251 est.

1904 5291 1974 5346 Et
1994 5297 2157 5345 vestra
2179 5286 2444 5343 (emutatio
2472 5287 2763 5357 provocavit
2786 5286 3059 5359 plurimos.
3086 5289 3184 5343 I'Iic
3207 5287 3424 5344 (amula-

1834 5384 1908 5441 tio
1928 5398 2027 5455 pro
2058 5381 2359 5439 imitatione
2388 5381 2634 5453 ponitur.

1904 5476 2145 5531 Misimus
2170 5484 2339 5529 autent
2364 5477 2573 5546 fratres,
2602 5485 2657 5529 ut
2688 5492 2751 5531 ne
2768 5476 2907 5546 quod
2932 5475 3222 5547 gloriamur
3246 5474 3312 5529 de
3339 5488 3427 5528 vo-

1832 5570 1928 5637 bis,
1952 5578 2222 5625 evacuetur
2242 5569 2297 5623 in
2326 5570 2422 5623 hac
2445 5578 2612 5638 parte.
2642 5568 2907 5639 Superius
2932 5575 3269 5624 memoratur
3289 5583 3302 5620 :
3322 5565 3427 5635 Qui

1832 5679 1928 5719 vos
1971 5670 2358 5718 commoneant
2400 5678 2468 5718 ne
2509 5661 2672 5717 aliter
2702 5661 3020 5717 inveniant:
3049 5663 3100 5718 in
3138 5668 3291 5735 parte
3319 5659 3424 5716 do-

1833 5754 2045 5823 ctrinae,
2073 5754 2188 5811 sive
2219 5753 2528 5823 ministerii,
2565 5768 2724 5825 quam
2753 5755 3027 5827 putabam.
