4004 6304
577 251 684 309 795

1601 249 1658 303 S.
1701 245 2082 307 HIERONYMI
2121 245 2186 302 ΟΞ

2310 243 2406 301 υΜ
2448 245 2817 303 ΜΔΧἸῚΞΞᾹ.
3797 243 3885 297 7⁵6

655 362 725 419 Ut
756 364 1189 435 quemadmodum
1217 362 1327 417 dimi
1346 378 1362 415 :
1396 360 1579 415 Parati
1612 362 1724 416 sitis
1752 379 1771 418 :
1794 381 1857 418 ne
1882 379 1999 417 cum
2033 377 2177 416 vene-
2203 362 2251 422 Α
2281 358 2495 415 referas
2528 378 2541 416 :
2579 360 2683 428 Qui
2725 361 2877 417 dedit
2920 361 3155 419 officium
3187 360 3448 425 docendi,
3504 356 3810 429 prmstabit
3853 371 3892 414 et

580 459 683 514 rint
726 458 1035 513 Macedones
1078 473 1300 519 mecum,
1333 466 1379 508 et
1421 456 1708 510 invenerint
1750 474 1839 511 vos
1871 456 2174 529 imparatos,

568 546 946 606 erubescamus
972 565 1087 611 nos,
1118 556 1172 601 ut
1204 564 1306 601 non
1333 548 1569 602 dicamus
1599 564 1707 605 vos.
1738 549 1790 602 in
1818 548 1917 601 hac
1942 549 2177 603 substan-

584 646 679 698 tia.
723 643 779 697 Si
825 657 925 696 nos
980 640 1399 711 erubuerimus,
1447 640 1598 707 quasi
1650 641 1789 695 falso
1838 641 2176 713 gloriantes:

581 745 782 804 quanto
822 735 993 804 magis
1040 747 1135 788 vos
1168 740 1223 787 et
1264 748 1359 803 pro
1383 742 1563 787 vestra
1605 732 1960 805 negligentia,
1990 741 2045 787 et
2076 748 2175 801 pro

583 839 774 882 nostro
806 825 1045 882 rubore?
1068 825 1234 881 Multa
1262 826 1406 880 enim
1446 825 1693 881 c0ufusio
1719 836 1827 899 est,
1855 827 1901 879 si
1927 826 2045 899 quis
2084 841 2180 895 pro

586 934 676 986 eo,
711 919 801 988 qui
828 933 951 973 eum
979 918 1175 986 diligit,
1201 918 1511 972 erubescat.

659 1007 1021 1063 Necessarium
1043 1025 1163 1080 ergo
1202 1008 1494 1062 existimavi
1521 1024 1704 1081 rogare
1732 1008 1938 1079 fratres,
1970 1017 2027 1067 ut
2055 1026 2182 1081 pra:—

583 1103 789 1157 veniaut
819 1104 886 1157 ad
918 1120 1027 1171 vos,
1062 1113 1108 1157 et
1142 1114 1436 1177 prteparent
1472 1105 1835 1174 repromissum
1864 1102 2182 1158 benedictio-

585 1210 700 1247 nem
723 1194 858 1250 hanc
877 1204 1113 1269 paratam
1139 1212 1268 1251 esse.
1293 1196 1419 1251 Sive
1443 1211 1469 1248 a
1500 1196 1895 1265 benedicendo,
1924 1197 2037 1250 sive
2058 1198 2183 1268 quia

590 1303 687 1358 per
716 1290 1106 1345 humanitatem
1136 1304 1324 1344 eorum
1355 1288 1663 1344 benedictio
1690 1289 1934 1344 nascitur
1960 1290 2074 1344 Dei.

661 1382 753 1439 Sic
776 1384 927 1454 quasi
964 1383 1390 1447 benedictionem,
1425 1398 1524 1436 non
1553 1383 1704 1454 quasi
1738 1383 2032 1437 avaritiam.
2068 1381 2183 1437 Hoc

587 1473 897 1529 autent‘dico
927 1491 945 1530 :
973 1474 1074 1542 Qui
1098 1490 1255 1544 parce
1282 1474 1518 1537 seminat,
1545 1488 1699 1544 parce
1727 1482 1777 1527 et
1806 1482 1975 1529 metet.
2007 1473 2071 1527 Et
2096 1475 2186 1547 qui

588 1567 811 1620 seminat
841 1567 891 1621 in
914 1566 1378 1635 benedictionibus,
1404 1567 1466 1623 de
1488 1566 1921 1623 benedictionibus
1941 1578 1986 1623 et
2013 1577 2181 1621 metet.

596 1658 962 1728 Unusquisque
991 1667 1147 1733 prout
1177 1660 1447 1715 destinavit
1478 1662 1529 1715 in
1554 1662 1707 1717 corde
1740 1679 1856 1729 suo,
1887 1678 1989 1716 non
2016 1678 2077 1717 ex
2098 1662 2188 1717 tri.

2278 466 2456 506 escam
2492 451 2587 506 tibi
2621 470 2634 505 :
2666 453 2829 507 modo
2861 452 2926 507 ad
2957 452 3058 507 hoc
3089 453 3264 507 solum
3300 466 3506 509 vacare
3538 449 3713 503 velis.

2352 543 2417 597 Et
2452 545 2818 616 multiplicabit
2860 563 3029 602 semen
3070 555 3314 603 vestrum.
3369 543 3775 609 llumilitatis,
3820 545 3885 599 vel

2280 639 2572 701 sermonis.

2356 729 2419 784 Et
2442 731 2647 801 augebit
2677 731 2991 787 incrementa
3027 735 3235 805 frugum
3254 732 3483 804 justitia!
3512 738 3735 787 vestrm.
3771 729 3885 785 Fru-

2279 835 2374 890 ges
2400 820 2626 891 justitia:
2671 832 2797 877 sunt
2836 823 3142 889 facultates,
3171 840 3295 878 cum
3326 824 3395 879 de
3437 824 3524 879 eis
3566 823 3634 877 tit
3660 822 3881 894 justitia.

2283 912 2415 978 Cum
2442 928 2573 971 vero
2596 921 2688 967 aut
2711 916 2894 985 inique
2915 923 3333 987 congregantur,
3358 926 3451 968 aut
3477 914 3547 969 ad
3573 914 3881 977 avaritiam,

2285 1006 2364 1059 vel
2396 1006 2703 1075 Superbiam
2740 1007 3107 1077 possidentur,
3160 1005 3342 1077 fruges
3370 1006 3698 1077 iniquitatis
3745 1005 3884 1060 ﬁunt.

2286 1096 2465 1151 Pretio
2491 1086 2630 1151 enim
2657 1113 2893 1171 gravatis
2914 1099 3173 1165 triticum,
3203 1098 3257 1152 in
3290 1098 3494 1169 populo
3518 1097 3883 1154 maledicitut:

2283 1189 2398 1241 sive
2447 1188 2627 1256 fruges
2665 1189 2891 1258 justitize
2946 1203 3230 1245 sermones
3275 1201 3402 1251 sunt
3434 1188 3561 1244 Dei.
3602 1188 3687 1246 De
3722 1187 3885 1243 fructu

2283 1278 2428 1337 ettim
2464 1277 2730 1339 labiorum
2761 1295 2984 1336 suorum
3016 1280 3305 1337 satiabitur
3332 1281 3577 1355 sapiens.

2362 1368 2429 1423 Ut
2458 1370 2513 1425 in
2542 1370 2779 1425 omnibus
2804 1372 3106 1443 locupletati
3130 1372 3401 1427 abundetis
3436 1372 3489 1425 in
3518 1388 3737 1427 omnem
3776 1372 3888 1426 sim-

2287 1459 2592 1530 plici'atem,
2626 1479 2741 1531 qua:
2767 1473 3015 1532 aperatur
3056 1480 3146 1535 per
3172 1479 3268 1516 nos
3306 1464 3592 1535 gratiarum
3625 1464 3891 1517 actionem

2291 1550 2418 1605 Deo.
2451 1552 2519 1606 Ut
2549 1551 2669 1607 sine
2697 1552 3032 1609 discretione
3064 1553 3323 1609 omnibus
3364 1554 3690 1624 simpliciter
3734 1552 3892 1608 indi-

2288 1643 2542 1713 gentibus
2585 1643 2856 1699 tribuatis.
2894 1644 3011 1699 Non
3055 1654 3382 1716 quaerentes,
3423 1646 3529 1712 cui,
3561 1643 3665 1701 sed
3703 1658 3893 1715 quare

588 1751 762 1817 stitia,
791 1759 882 1805 aut
914 1752 1235 1806 necessitate.
1276 1752 1594 1809 Benedictio
1620 1752 1725 1809 erit
1748 1753 1790 1808 si
1822 1763 1974 1824 grato
2003 1753 2184 1809 animo
2220 1732 2259 1799 Β
2288 1733 2453 1790 deus-

594 1840 878 1896 tribuntttr.

667 1931 906 1988 Hilarem
931 1933 1066 1988 enim
1108 1932 1343 1988 datorem
1373 1931 1544 2009 diligit
1578 1931 1739 1990 Deus.
1770 1936 1978 1995 Avarus
2006 1943 2185 1989 autem

596 2025 840 2081 hilariter
865 2025 998 2082 dare
1039 2042 1145 2080 non
1180 2028 1351 2083 novit.
1401 2025 1458 2080 in
1504 2026 1727 2082 scientia
1773 2037 1951 2085 autem
1994 2040 2189 2081 avarus

596 2127 702 2183 eSt,
729 2117 817 2186 qui
840 2132 1060 2172 sensum
1086 2134 1191 2173 non
1220 2118 1335 2173 vult
1359 2118 1611 2187 implere.
1638 2134 1797 2188 quem
1821 2119 2005 2191 erupit.
2034 2117 2190 2177 Unde

595 2206 854 2263 Dominus
883 2209 1154 2263 neminem
1178 2208 1231 2263 iu
1255 2210 1337 2265 via
1367 2208 1600 2263 salutare
1626 2211 1880 2280 przeeepit
1910 2225 1923 2263 :
1955 2209 2058 2264 hoc
2083 2216 2188 2276 est,

594 2299 730 2353 nulli
756 2299 1068 2355 transitoria
1098 2299 1324 2354 verbum
1366 2301 1688 2357 annuutiare
1719 2301 1931 2355 salutis.
1968 2302 2081 2355 lloc
2108 2309 2191 2356 est

595 2401 799 2460 autem,
844 2394 933 2461 qui
979 2408 1142 2464 parce
1172 2392 1423 2465 seminat,
1475 2407 1635 2461 parce
1671 2403 1725 2446 et
1771 2402 1955 2447 metet.
1988 2392 2189 2461 Contra

594 2482 938 2538 Jovinianum
983 2484 1146 2539 etiam
1191 2482 1279 2537 hic
1328 2483 1478 2536 locus
1507 2481 1676 2548 facit,
1728 2482 1821 2543 ubi
1870 2484 2190 2538 meritorum

602 2574 800 2645 gradus
840 2590 962 2630 esse
993 2584 1385 2630 monstrantur.
1423 2576 1484 2628 Et
1523 2574 1613 2643 qui
1668 2575 1903 2629 seminat
1935 2576 1986 2632 in
2024 2575 2190 2631 bene-

600 2668 950 2734 dictionibus,
1001 2668 1069 2723 de
1106 2668 1579 2723 benedictionibus
1621 2680 1674 2723 et
1707 2680 1893 2724 metet.
1930 2670 2189 2724 Econtra—

599 2760 682 2814 rio
724 2774 853 2829 ergo
883 2759 936 2812 in
969 2760 1352 2815 maledictione
1382 2761 1685 2829 seminans,
1722 2761 1846 2831 inde
1884 2771 1938 2817 et
1984 2772 2188 2816 metet:

597 2850 734 2902 sicut
765 2850 1025 2916 scriptum
1056 2858 1179 2903 est:
1212 2849 1326 2904 Non
1364 2852 1602 2906 semines
1650 2852 1788 2908 mala
1821 2853 1873 2906 in
1916 2853 2079 2907 sulcis
2108 2856 2190 2908 in-

592 2940 784 3011 jurias,
835 2947 889 2993 et
939 2956 1046 2995 non
1099 2950 1269 2997 metes
1315 2957 1375 2999 ea
1428 2945 1758 3017 septuplum.
1815 2944 2191 3015 Unusquisque

603 3039 761 3099 prout
801 3030 1090 3087 destinavit
1138 3033 1189 3087 in
1221 3033 1385 3089 corde
1416 3050 1533 3100 suo,
1586 3036 1637 3090 id
1668 3048 1772 3105 est,
1822 3038 2186 3104 voluntarios,

2365 1826 2621 1893 Quoniam
2662 1826 3001 1883 ministerium
3030 1825 3186 1902 hujus
3217 1828 3379 1903 ofﬁcii
3412 1843 3513 1882 non
3545 1826 3723 1882 solum
3761 1844 3886 1891 sup-

2292 1918 2397 1989 plet
2426 1936 2507 1985 ea,
2540 1936 2655 1993 qua:
2692 1922 2873 1977 desunt
2918 1921 3136 1987 sanctis,
3171 1922 3263 1977 sed
3294 1923 3393 1975 etia
3416 1937 3448 1973 τι
3495 1919 3761 1986 abundat,
3807 1937 3887 1989 per

2293 2012 2483 2065 multas
2503 2012 2788 2087 gratiarum
2800 2012 3027 2067 actiones
3041 2013 3092 2066 in
3109 2010 3353 2065 Domino.
3374 2011 3657 2081 Duplicem
3680 2024 3843 2079 νοτες·
3857 2014 3889 2066 ἐς

2296 2102 2497 2159 habere
2545 2104 2852 2160 meret-dem
2887 2121 2899 2157 :
2932 2114 2985 2158 et
3035 2102 3423 2172 perfectionem
3456 2112 3805 2166 sanCIorum,
3846 2112 3889 2153 et

2291 2194 2585 2266 gratiarum
2629 2196 2679 2249 in
2732 2195 2959 2249 Domino
2987 2194 3250 2249 actiones.
3285 2195 3461 2250 Aliter
3501 2194 3665 2248 :Non
3713 2197 3879 2247 solum

2292 2288 2450 2342 docet
2473 2299 2712 2355 sanctos,
2741 2289 2835 2344 sed
2865 2289 3094 2343 Domino
3120 2289 3320 2359 gratias
3348 2289 3482 2363 agit,
3507 2288 3601 2360 qui
3634 2302 3735 2344 nos
3757 2296 3888 2341 tanta

2294 2384 2559 2453 sapientia
2593 2382 2846 2439 erudivit.

2369 2472 2470 2527 Per
2530 2473 2884 2545 probationem
2950 2472 3222 2527 ministerii
3285 2471 3478 2546 hujus,
3540 2472 3888 2544 gloriﬁcantes

2294 2564 2458 2619 Deum
2488 2567 2538 2618 in
2570 2564 2855 2620 obedientia
2901 2566 3237 2632 confessionis
3274 2571 3478 2629 vestras,
3520 2564 3575 2616 in
3606 2561 3888 2634 Evangelia

2295 2656 2510 2711 Christi.
2551 2657 2653 2719 Per
2686 2659 2786 2711 hoc
2816 2655 3175 2710 ministerium
3221 2669 3344 2710 esse
3378 2655 3696 2724 probamini
3738 2653 3885 2709 Chri-

2293 2749 2479 2815 5tiani,
2526 2748 2935 2823 ntzignilieantes
2967 2748 3158 2815 Deum,
3204 2762 3300 2817 per
3330 2761 3561 2815 operum
3595 2744 3889 2800 confessio-

2295 2858 2441 2906 nem,
2463 2843 2601 2896 sicut
2623 2842 2935 2896 econtrario
2955 2842 3047 2895 alii
3072 2839 3229 2894 factis
3252 2854 3451 2910 negare
3478 2838 3763 2894 dicuntur.
3788 2840 3887 2893 Ali-

2296 2944 2399 3001 ter,
2430 2935 2668 3015 perfecte
2708 2934 2940 2999 docetis,
2975 2943 3030 2989 et
3058 2932 3345 3015 ostenditis
3389 2932 3637 2988 divinum
3668 2947 3817 2997 esse,
3845 2933 3887 2985 in

2293 3045 2400 3097 quo
2432 3029 2600 3082 Deum
2630 3044 2724 3098 per
2747 3027 3110 3082 obedientiam
3143 3024 3527 3095 magnificans.

601 3139 707 3177 non
736 3133 956 3179 coactus
989 3143 999 3178 ε
1031 3142 1135 3181 non
1181 3142 1243 3181 ex
1280 3128 1522 3191 ιι-ῑδιίιίςι,
1563 3138 1657 3182 aut
1698 3144 1767 3182 οχ
1817 3129 2139 3183 necessitate
2173 3147 2184 3182 ε
2216 3106 2263 3168 C
2365 3118 2434 3173 Et
2458 3121 2791 3194 simplicitate
2816 3119 3294 3183 communicationis
3330 3127 3512 3172 vestra:
3560 3118 3616 3170 in
3658 3118 3806 3184 illos,
3849 3132 3887 3169 et

597 3212 824 3271 hilarem
865 3216 1010 3271 enim
1056 3216 1300 3272 datorem
1349 3218 1523 3288 diligit
1576 3218 1739 3288 Deus,
1779 3222 2075 3277 secundum
2106 3236 2190 3276 sa-

600 3308 857 3378 pientiam
896 3308 1207 3364 Salomonis
1242 3327 1253 3360 :
1291 3308 1360 3363 Et
1387 3310 1438 3363 in
1482 3311 1629 3364 omni
1662 3311 1813 3379 dato,
1850 3312 2076 3367 hilarem
2111 3314 2191 3368 fac

594 3399 801 3454 vultum
834 3410 1006 3455 tuum.
1039 3400 1098 3457 Si
1130 3411 1309 3456 autem
1338 3400 1406 3456 de
1426 3402 1652 3456 scientia
1678 3403 2021 3473 intelligitur,
2054 3405 2193 3460 hila-

596 3506 714 3546 rem
751 3492 801 3546 in
845 3494 1033 3549 labore
1060 3509 1161 3549 suo
1189 3495 1305 3550 vult
1336 3510 1459 3550 esse
1491 3495 1773 3551 doctorem
1808 3513 1821 3550 :
1850 3497 1992 3550 sicut
2033 3498 2103 3557 de
2132 3513 2193 3557 se

597 3585 731 3639 alibi
757 3585 911 3641 dicit.
944 3588 997 3642 Si
1030 3588 1177 3643 enim
1214 3590 1406 3645 volens
1454 3588 1555 3644 hoc
1583 3605 1706 3661 ago,
1751 3589 2062 3655 mercedem
2097 3591 2193 3647 ha-

601 3672 727 3739 beo,
755 3684 809 3725 et
839 3676 1067 3746 reliqua.

672 3764 867 3818 Potens
899 3780 970 3822 est
1002 3782 1174 3825 autem
1205 3772 1365 3829 Deus.
1408 3774 1536 3831 Sive
1568 3791 1635 3829 ne
1665 3774 1902 3847 inopiam
1935 3774 2190 3841 formida-

599 3862 742 3915 rent,
770 3856 884 3909 sive
908 3860 1199 3925 gratnitum
1225 3863 1427 3919 donum
1460 3868 1759 3935 Sapientite.

676 3945 891 4000 Omnem
917 3951 1141 4020 gratiam
1174 3952 1443 4013 abundare
1474 3957 1643 4027 facere
1671 3961 1723 4011 in
1752 3960 1914 4014 vobis.
1947 3958 2189 4015 Gratiam

602 4040 921 4108 nascentia,
950 4030 1072 4121 quia
1098 4043 1292 4099 exinde
1321 4062 1413 4114 per
1460 4064 1621 4115 opera
1656 4060 1832 4105 vestra
1862 4050 1974 4105 Deo
2003 4050 2192 4121 gratia:

602 4129 934 4186 referuntur.
966 4133 1013 4188 A
1043 4132 1219 4188 fructu
1249 4137 1391 4191 enim
1423 4138 1700 4207 frumenti,
1733 4140 1841 4193 vini
1875 4152 1928 4194 et
1954 4141 2057 4196 olei
2082 4143 2187 4211 sui,

602 4224 943 4294 multiplicati
980 4236 1126 4281 sunt.
1160 4238 1165 4242 ‘

676 4315 744 4370 Ut
772 4317 825 4371 in
853 4319 1092 4373 omnibus
1123 4335 1324 4392 semper
1358 4337 1556 4374 omnem
1592 4323 1959 4393 sufficientiam
2001 4324 2190 4379 haben-

595 4417 691 4474 tes,
723 4408 992 4465 abundetis
1021 4411 1076 4464 in
1095 4426 1244 4465 omne
1269 4428 1399 4481 opus
1423 4413 1632 4478 bonum,
1658 4415 1792 4467 sicut
1821 4416 2071 4488 scriptum
2091 4425 2186 4471 est.

596 4498 673 4554 ita
703 4510 760 4555 ut
788 4512 896 4557 tam
921 4504 1219 4557 carnalium
1251 4502 1704 4571 misericordiam,
1729 4521 1891 4576 quam
1924 4509 2187 4574 Spiritua-
2223 4479 2272 4538 D

596 4590 750 4657 lium,
781 4593 832 4648 id
863 4602 970 4661 est,
1011 4594 1382 4651 doctrinarum
1414 4612 1550 4667 opus
1582 4598 1781 4663 bonum
1814 4600 2034 4669 possitis
2082 4600 2187 4654 im-

598 4690 770 4761 plere,
798 4693 934 4749 sicut
963 4696 1226 4766 scriptum
1250 4704 1333 4751 est
1359 4716 1370 4750 :

672 4791 951 4865 Dispersit,
971 4796 1110 4851 dedit
1131 4798 1461 4870 pauperibus.
1481 4797 1610 4855 Sive
1628 4813 1818 4855 sensus
1843 4800 2187 4870 pauperibus,

601 4893 716 4949 sive
744 4895 1044 4959 substantia
1084 4915 1099 4954 :
1133 4902 1274 4956 sicut
1320 4902 1572 4972 superius
1610 4902 1707 4977 ait,
1750 4900 1970 4969 Illorum
2018 4901 2192 4971 abun?

600 4992 784 5051 dantia
808 5009 1006 5056 vestra:
1042 5001 1240 5072 inepite
1269 5004 1340 5069 sit
1369 5006 1828 5076 supplementum.

670 5094 889 5152 Justitia
929 5104 1045 5174 ejus
1071 5112 1243 5163 manet
1272 5104 1329 5158 in
1359 5114 1627 5163 wternuns.
1660 5105 1846 5163 Rebus
1879 5105 2192 5177 temporali-

600 5194 703 5252 bus
729 5206 929 5253 aiterna
955 5200 1169 5269 justitia
1216 5214 1583 5275 comparatur.

675 5297 780 5365 Qui
819 5307 989 5355 autem
1018 5303 1348 5360 administrat
1377 5324 1549 5363 setnen
1582 5308 1883 5373 seminanti,
1927 5318 1973 5364 et
2005 5326 2190 5379 panem

599 5397 671 5451 ad
701 5399 1120 5456 manducandum
1149 5406 1429 5472 prwstabit.
1462 5408 1574 5463 Hoc
1600 5408 1712 5463 ait:
1743 5409 1896 5478 Quod
1929 5409 2074 5466 Deus
2100 5412 2191 5481 qui

601 5499 745 5555 velle
774 5500 854 5556 eis
885 5504 1157 5572 praestitit,
1208 5507 1370 5561 etiam
1422 5509 1602 5565 facere
1652 5511 1900 5581 perficiat
1929 5513 1982 5566 in
2017 5513 2190 5568 vobis.

603 5596 719 5653 Hoc
760 5609 868 5665 est,
902 5602 1047 5659 Deus
1090 5606 1179 5670 qui
1212 5606 1308 5662 tibi
1353 5607 1506 5664 dedit
1534 5610 1676 5665 unde
1706 5612 2016 5682 dispenses,
2068 5630 2190 5669 esu-

599 5697 825 5759 rientem
859 5704 1081 5764 minime
1111 5707 1367 5779 patietur.
1413 5711 1470 5767 Si
1504 5721 1683 5768 autem
1716 5713 1783 5769 ad
1809 5729 1995 5773 semen
2027 5715 2178 5771 verbi

2292 3211 2347 3266 in
2372 3229 2566 3279 omnes,
2599 3224 2645 3269 et
2670 3213 2722 3265 in
2752 3213 2979 3285 ipsorum
3005 3211 3351 3265 obsecratione
3375 3227 3470 3280 pro
3493 3212 3659 3265 vobis.
3694 3211 3752 3265 lu
3782 3226 3888 3264 om-

2294 3319 2389 3357 nes
2416 3303 2737 3374 simpliciter
2758 3302 3084 3369 tribuentes,
3118 3305 3233 3357 sive
3267 3302 3527 3357 docentcs
3561 3303 3709 3357 bona
3729 3344 3745 3368 ,
3776 3318 3887 3370 qua:

2292 3396 2705 3449 communicatis
2747 3394 2926 3463 potius
2965 3409 3125 3465 quam
3177 3394 3423 3460 donatis,
3471 3394 3611 3448 certi
3641 3409 3742 3448 vos
3770 3409 3883 3448 cum

2293 3488 2582 3559 multiplici
2610 3504 2670 3543 ea
2699 3488 2887 3544 fenore
2915 3498 3251 3560 recepturos.
3282 3488 3407 3557 flare
3428 3489 3613 3542 otnnia
3642 3496 3889 3560 operatur

2293 3580 2694 3635 administratio
2720 3582 2878 3650 hujus
2896 3579 3083 3644 officii,
3109 3596 3225 3650 qua:
3243 3581 3405 3634 etiam
3434 3579 3487 3633 in
3510 3578 3619 3633 hoc
3636 3580 3886 3633 abundat.

2366 3670 2783 3726 Desiderantium
2808 3690 2915 3739 vos,
2948 3683 3157 3743 prapter
3186 3673 3497 3726 eminentem
3535 3673 3769 3744 gratiam
3804 3672 3888 3725 Dei

2293 3766 2344 3819 in
2390 3764 2547 3819 vobis.
2597 3765 2727 3832 Quis
2758 3775 2939 3819 autem
2990 3781 3096 3819 non
3128 3764 3407 3825 desideret
3453 3764 3617 3819 talem
3667 3774 3888 3835 propter
3958 3764 3959 3841 ξ

2292 3858 2542 3928 gratiam,
2593 3858 2709 3913 sive
2749 3859 3013 3922 scientiae,
3050 3857 3166 3913 sive
3214 3854 3620 3923 misericordiae,
3678 3855 3888 3911 caeteris
3958 3890 3959 3897 η

2293 3950 2647 4005 eminentem.

2365 4042 2574 4097 Gratias
2603 4059 2699 4116 ago
2731 4041 2841 4097 Deo
2870 4058 3021 4114 super
3066 4041 3399 4096 inenarrabili
3444 4041 3575 4094 dono
3602 4040 3743 4108 ejus.
3780 4040 3874 4107 Qui

2297 4144 2497 4189 tantam
2545 4136 2700 4190 nobis
2726 4134 2953 4205 gratiam
2983 4135 3184 4206 pietate
3232 4149 3327 4190 sua
3359 4132 3613 4186 conferre
3641 4131 3883 4200 dignatus

2294 4237 2399 4281 est.
2438 4228 2509 4281 De
2542 4228 2710 4281 :tl‘ltllS
2738 4225 3052 4282 carnalibus
3088 4234 3142 4280 et
3170 4224 3577 4295 spiritualibus,
3634 4232 3689 4276 et
3724 4221 3794 4275 de
3821 4225 3882 4275 Α·

2297 4319 2494 4399 postoli
2522 4326 2808 4389 potestate,
2843 4325 2899 4373 et
2929 4318 2997 4374 de
3030 4318 3112 4372 his
3150 4318 3241 4389 qui
3268 4317 3483 4387 seipsos
3508 4314 3884 4371 commendare

2296 4422 2580 4469 conantur.

2917 4501 3144 4558 CAPUT
3183 4499 3251 4557 X.

2370 4610 2395 4664 Ι
2406 4628 2494 4681 pse
2517 4621 2689 4669 autem
2723 4629 2815 4687 ego
2847 4612 3073 4685 Paulus,
3113 4614 3317 4675 obsecro
3352 4627 3441 4667 vos
3478 4626 3573 4683 per
3602 4616 3887 4664 mansuetu-

2296 4704 2468 4769 dinem
2508 4713 2557 4759 et
2596 4706 2899 4772 modestiam
2954 4708 3169 4767 Christi.
3218 4708 3291 4763 Ea
3335 4719 3433 4777 vos
3477 4701 3887 4759 mansuetudine

2298 4810 2435 4866 rogo
2475 4811 2579 4868 qua
2609 4797 2883 4865 Christus,
2914 4813 3035 4854 cum
3077 4814 3136 4854 se
3167 4808 3344 4870 posset
3395 4796 3463 4851 de
3504 4793 3797 4865 injuriosis
3824 4792 3892 4846 ul-

2297 4887 2452 4957 cisci,
2482 4887 2671 4955 noluit,
2707 4896 2765 4943 ut
2790 4890 2873 4944 vel
2904 4904 3029 4946 sero
3060 4906 3119 4946 se
3147 4890 3507 4961 corrigerent.

2369 4981 2469 5048 Qui
2500 4982 2552 5036 in
2584 4982 2720 5051 {acie
2754 4982 2964 5054 quidem
2998 4984 3210 5047 humilis
3243 4970 3359 5043 sum
3385 4983 3521 5037 inter
3556 4996 3653 5034 vos
3680 4995 3700 5032 :
3724 4978 3894 5033 absens

2291 5080 2466 5137 autem
2500 5073 2709 5143 conﬁdo
2742 5072 2798 5127 in
2826 5074 2987 5129 vobis.
3032 5075 3264 5145 Semper
3299 5081 3608 5128 sanctorum
3646 5084 3893 5138 praesen-

2292 5164 2388 5233 tia,
2433 5180 2529 5236 per
2550 5167 2772 5221 nimiam
2816 5167 3200 5234 humilitatem,
3246 5168 3425 5222 minus
3457 5162 3890 5234 intelligentibus

2294 5267 2471 5329 potest
2500 5272 2625 5325 esse
2662 5259 3014 5328 contemptui.
3062 5260 3330 5314 Absentes
3380 5270 3513 5312 vero
3566 5255 3613 5309 si
3666 5266 3893 5309 necesse

2293 5349 2479 5423 fuerit,
2528 5350 2865 5406 confidenter
2910 5368 3063 5407 suam
3113 5352 3354 5413 indicant
3388 5357 3756 5427 potestatem.
3802 5346 3893 5415 Qui

2298 5454 2591 5513 praesentes
2616 5445 2693 5498 sic
2724 5456 2873 5512 sunt,
2904 5446 3053 5517 quasi
3084 5445 3217 5500 nihil
3243 5445 3453 5515 possint
3476 5442 3696 5498 habere
3726 5443 3896 5498 virtu-

2295 5544 2406 5588 tum
2436 5550 2450 5586 :
2484 5535 2529 5587 si
2560 5542 2735 5589 tamen
2781 5536 2911 5592 nihil
2955 5536 3136 5592 delicti
3178 5535 3491 5607 repererint
3514 5534 3572 5588 in
3603 5536 3895 5602 subjectis.

2366 5623 2511 5694 Rogo
2539 5635 2708 5680 autent
2734 5645 2839 5695 vos,
2888 5646 2953 5684 ne
2976 5646 3201 5701 pragsens
3240 5627 3487 5693 audeam.
3514 5626 3599 5683 Ita
3630 5630 3821 5703 agite,
3843 5638 3899 5703 ne

2294 5713 2426 5773 mihi
2461 5730 2682 5775 necesse
2709 5720 2781 5776 sit
2806 5721 3149 5776 manifestare
3175 5721 3456 5776 virtutem.
