4008 6188
162 185 293 241 797

922 169 1465 230 COMMENTARIUS
1498 170 1566 228 IN
1609 167 1995 227 EPISTOLAM
2029 169 2069 225 11
2113 171 2205 225 AD
2243 170 2403 226 (10R.
2447 170 2599 227 CAP.
2641 171 2735 227 XI.

3396 176 3500 232 1’8

260 294 371 350 Per
399 291 923 361 eamconﬁdentiam,
949 305 1049 361 qua
1073 287 1340 343 existimor
1361 286 1555 341 audere
1570 286 1624 340 in
1648 302 1774 354 quos
1829 285 1881 345 Α
1910 292 1984 339 tet
2012 283 2100 341 illa
2132 285 2479 351 comminari,
2509 301 2629 355 qua:
2662 284 2888 357 implere
2917 303 3024 344 non
3057 303 3303 361 possunt,
3334 300 3394 346 ut
3428 291 3498 347 dc

171 393 340 445 dam.
394 390 529 444 Nam
568 389 747 444 omnis
778 382 1113 442 existimatio
1158 382 1295 436 facta
1342 390 1450 444 est,
1502 382 1641 435 sicut
1689 387 1791 434 est.

172 484 335 539 Puto
364 493 541 538 autem
575 479 715 549 quod
745 488 800 533 et
824 492 924 548 ego
954 473 1205 546 spiritum
1234 470 1331 527 Dei
1363 470 1620 526 habeam.

264 576 371 642 Qui
397 577 717 629 arbitrantur
745 586 837 623 nos
869 578 1129 637 tamquam
1157 564 1440 618 secundum
1464 580 1670 616 carnem
1691 579 1798 615 am-

179 667 460 722 bulemus.
495 666 598 735 Qui
645 670 835 735 putant
866 675 964 714 nos
996 660 1130 713 nihil
1175 656 1413 727 amplius
1438 654 1658 710 caeteris
1691 653 1792 709 ho-

171 760 434 813 minibus
462 759 666 815 habere
697 753 940 810 virtutis.

259 849 332 904 In
357 866 511 905 carne
552 848 689 902 enim
735 844 1081 904 ambulantes,
1124 856 1229 893 non
1279 847 1452 892 tamen
1505 835 1787 892 secundant

170 959 398 997 carnem
427 943 728 995 militamus.
756 938 899 992 Nam
927 952 1074 989 arma
1097 933 1295 986 militia:
1316 939 1505 985 nostra:
1537 947 1639 983 non
1672 948 1789 983 car-

170 1034 339 1087 nalia
362 1044 509 1098 sunt,
538 1033 627 1086 sed
657 1028 889 1100 polentia
920 1026 1046 1080 Deo.
1076 1025 1131 1080 lu
1162 1037 1396 1093 corpore
1429 1020 1674 1074 videmur
1706 1019 1785 1073 in-

164 1125 402 1190 cedere,
439 1123 534 1179 sed
575 1132 632 1177 ut
675 1121 766 1176 Dei
801 1118 1028 1173 ministri
1070 1114 1421 1185 spiritualiter
1467 1111 1781 1169 militamus.

164 1218 353 1270 Arma
390 1217 587 1284 quippe
610 1212 818 1266 militias
839 1218 1038 1265 nostra:
1066 1222 1169 1262 non
1196 1215 1319 1258 sunt
1350 1205 1488 1258 facta
1519 1203 1588 1256 de
1616 1204 1777 1271 ferro,

168 1322 284 1361 nec
317 1322 473 1360 manu
507 1303 738 1358 hominis
761 1301 1021 1355 fabricata
1053 1307 1199 1361 sunt,
1241 1295 1333 1350 sed
1370 1295 1605 1365 potentia
1631 1293 1729 1347 Dei
1764 1310 1777 1349 :

165 1416 286 1470 qna
322 1401 459 1472 plus,
495 1399 577 1453 vel
602 1396 771 1451 verbo
798 1409 945 1466 agas,
983 1407 1143 1464 quam
1175 1388 1268 1445 alii
1296 1387 1543 1443 homines
1583 1401 1779 1442 carna-

168 1491 333 1544 libus
361 1488 549 1544 armis.

250 1584 336 1637 Ad
368 1582 766 1638 destructionem
799 1578 1143 1633 munitionum
1182 1572 1402 1629 consilia
1430 1571 1771 1627 destruentes.

1901 390 1988 430 me
2012 375 2217 445 jat‘tnnt
2243 376 2591 447 deceptores.

1972 468 2089 523 Hoc
2128 472 2352 541 cogitet,
2383 472 2472 541 qui
2507 471 2765 539 ejusmodi
2803 480 2878 526 est
2906 488 2926 527 :
2949 473 3073 542 quia
3097 473 3281 545 quales
3310 492 3487 530 sumus

1896 559 2047 614 verba
2069 577 2159 628 per
2179 560 2441 633 epistolas,
2465 560 2719 627 absentes,
2744 562 2872 616 tales
2894 572 2939 618 et
2962 574 3234 631 prtesentes
3255 566 3309 621 in
3327 567 3486 636 facta.

1907 651 2008 718 Qui
2038 660 2191 721 putat
2223 652 2356 719 hoc,
2387 643 2521 706 sciat
2548 652 2727 709 omnia
2760 669 2845 708 me
2876 668 3036 722 posse
3065 652 3246 710 facere
3268 700 3283 724 ,
3316 654 3364 710 si
3391 672 3488 713 ne-

1896 757 2048 797 cesse
2077 745 2177 810 sit,
2212 761 2329 813 quae
2363 744 2639 813 promitto.
2669 745 2798 800 Nam
2845 745 3224 803 obedientibus
3255 763 3353 817 per
3384 748 3481 802 liu-

1894 834 2173 891 militatem
2207 837 2451 892 inﬁrmus
2482 856 2493 890 :
2523 846 2577 893 et
2603 837 2955 909 peccantibus
3003 853 3099 908 per
3140 838 3482 899 severitatem

1893 927 2048 983 fortis
2078 930 2274 985 existo.

1965 1021 2084 1075 Non
2115 1024 2250 1076 enim
2273 1023 2523 1077 audemus
2547 1024 2792 1089 inserere,
2817 1032 2904 1078 aut
2932 1040 3232 1097 comparare
3258 1040 3351 1079 nos
3371 1025 3485 1091 qui-

1886 1113 2101 1167 busdam
2130 1116 2220 1186 qui
2247 1117 2440 1186 seipsos
2455 1118 2840 1173 commendant.
2870 1118 2923 1173 id
2952 1128 3058 1187 est,
3087 1134 3195 1174 non
3221 1119 3484 1175 debemus

1886 1209 1956 1262 ita
1988 1209 2156 1264 Deum
2186 1220 2563 1275 contemnere,
2597 1221 2656 1265 ut
2682 1227 3032 1282 comqucmur
3060 1213 3362 1282 aliquibus,
3391 1213 3481 1283 qui

1885 1301 2000 1355 suis
2026 1299 2283 1357 laudibus
2312 1300 2543 1367 malunt,
2570 1316 2727 1372 quam
2755 1302 2851 1359 Dei
2883 1303 3055 1371 gratia
3084 1304 3481 1369 commendari,

1885 1410 1985 1449 nec
2008 1393 2076 1449 de
2102 1394 2259 1451 nobis
2282 1408 2581 1466 possumus
2604 1394 2808 1464 majora
2829 1395 3057 1465 jactare,
3082 1412 3246 1467 quam
3268 1410 3481 1450 sumus.

1955 1484 2065 1541 Sed
2111 1496 2159 1540 et
2201 1486 2305 1558 ipsi
2344 1487 2397 1541 in
2448 1486 2591 1542 nobis
2641 1489 2982 1559 nosmetipsos
3030 1490 3313 1543 metientes.
3362 1488 3478 1545 Non

1882 1578 2197 1635 cxcedimus
2230 1594 2501 1636 mensura:
2531 1588 2733 1635 nostra:
2762 1580 3046 1637 terminos.

164 1674 429 1732 Mttniunt
471 1676 612 1731 enim
658 1682 714 1728 et
741 1669 1077 1727 circumdant
1106 1667 1410 1722 doctrinam
1456 1679 1611 1720 suam
1655 1665 1776 1723 falsi
1812 1668 1853 1728 Β
1956 1671 2023 1727 Et
2045 1684 2403 1746 comparant“
2430 1676 2768 1745 nosmetipsos
2796 1675 2961 1730 nobis.
2993 1673 3110 1729 Non
3138 1673 3480 1732 minoribus:

168 1766 441 1822 doctores
471 1765 681 1820 astutia:
714 1762 1073 1833 argumentis,
1103 1771 1237 1827 quas
1267 1770 1457 1811 aereas
1488 1764 1781 1823 potestates

169 1858 485 1924 Apostolus
529 1856 759 1912 destruit
803 1855 1001 1907 virtute
1046 1850 1235 1920 gratia:
1274 1846 1574 1918 spiritualis
1606 1850 1781 1909 :sieut

172 1948 338 2003 illum
369 1964 582 2018 magum
625 1950 739 2000 vias
768 1942 979 1999 Domini
1028 1941 1302 2013 perversis
1326 1938 1783 2009 disputationibus

173 2041 614 2105 subvertentem,
659 2038 857 2094 Paulus
886 2052 1014 2093 vero
1055 2020 1306 2090 czecavit.
1352 2033 1486 2088 Item
1519 2032 1777 2103 cognitio-

176 2148 282 2186 nes
310 2132 672 2195 adversarios,
697 2146 817 2201 qua:
850 2128 1109 2183 adversus
1147 2124 1421 2180 Christum
1461 2133 1779 2195 suggerunt,

176 2225 545 2279 deslrttcndas
581 2222 732 2278 dicit.

259 2316 326 2371 Et
359 2333 557 2370 omnem
581 2313 914 2369 altitudinem
935 2310 1263 2367 extollentem
1281 2326 1335 2364 se
1352 2307 1594 2363 adversus
1618 2307 1784 2362 scien-

180 2407 314 2461 tiam
355 2406 472 2461 Dei.
518 2405 655 2475 Quid
703 2414 810 2461 tam
839 2403 1169 2475 superbum,
1211 2416 1372 2474 quam
1418 2399 1618 2456 divinis
1655 2415 1783 2455 con-

180 2500 351 2552 traire
372 2497 668 2553 doctrinis?

262 2589 329 2642 Et
353 2591 406 2642 in
437 2591 781 2661 captivitatem
809 2589 1092 2661 redigentes
1126 2603 1329 2641 onmem
1359 2586 1700 2655 intellectum,
1728 2587 1780 2641 in

182 2680 490 2750 obsequium
516 2680 726 2735 Christi.
773 2680 896 2735 Illos
928 2679 1254 2735 destruimus
1281 2678 1395 2747 qui,
1434 2678 1536 2731 sub
1564 2679 1782 2733 nomine

184 2772 437 2845 obsequii
470 2773 695 2838 Christi,
736 2788 947 2827 omnem
993 2772 1325 2827 intellectum
1370 2771 1652 2826 sententia:
1682 2785 1781 2826 cu-

185 2868 342 2936 piunt
371 2868 666 2935 captivare.

260 2957 326 3012 Et
363 2961 415 3011 in
457 2972 696 3027 promptu
735 2959 977 3015 habentes
1014 2958 1200 3014 ulcisci
1228 2975 1429 3013 omnem
1472 2957 1777 3012 inobedien-

1884 1762 2025 1817 sicut
2044 1778 2164 1817 cutn
2191 1764 2265 1818 illi
2292 1764 2424 1819 nihil
2445 1765 2574 1834 sint,
2602 1764 2876 1834 Apostolis
2896 1779 2954 1818 se
2977 1779 3084 1819 non
3110 1762 3272 1819 modo
3297 1779 3480 1835 retina-

1888 1854 1966 1911 les
1998 1855 2222 1922 iaciunt,
2252 1855 2350 1911 sed
2381 1857 2546 1911 etiam
2578 1865 2939 1927 anteponunt.

1958 1946 2074 2002 Nos
2104 1956 2277 2003 autem
2309 1964 2411 2003 non
2439 1949 2492 2003 in
2523 1949 2829 2005 immensum
2864 1947 3210 2020 gloriabimur
3238 1964 3255 2001 :
3283 1949 3375 2003 sed
3403 1967 3483 2005 se-

1886 2037 2115 2092 cundant
2145 2054 2441 2095 mensuram
2464 2040 2677 2111 regular,
2697 2057 2802 2111 qua
2824 2056 3031 2095 mensus
3060 2048 3132 2094 est
3165 2038 3308 2094 nobis
3338 2039 3480 2094 Deus

1884 2145 2181 2185 mensuram
2209 2132 2536 2203 pertingendi
2564 2149 2725 2202 usque
2754 2132 2824 2187 ad
2864 2148 2973 2187 vos.
3009 2130 3134 2186 Non
3163 2132 3305 2189 enim
3330 2132 3480 2201 quasi

1886 2235 1990 2273 non
2036 2221 2376 2291 pertingentes
2402 2262 2416 2287 ,
2447 2221 2518 2274 ad
2547 2238 2635 2275 vos
2666 2222 3148 2293 superextendimus
3180 2237 3295 2274 nos.
3337 2221 3483 2277 Nihil

1884 2325 2047 2382 supra
2076 2327 2387 2369 mensuram
2421 2312 2717 2371 humanam
2749 2313 3013 2381 facimus,
3046 2315 3143 2369 sed
3183 2313 3235 2368 in
3264 2322 3482 2382 aposto-

1889 2403 2028 2459 latus
2066 2405 2293 2475 gratiam
2316 2445 2330 2469 ,
2360 2416 2617 2479 quantum
2660 2406 2815 2461 nobis
2866 2405 3129 2460 Dominus
3158 2406 3362 2460 donare
3399 2405 3481 2461 di-

1883 2506 2077 2566 gnatus
2107 2505 2213 2562 est,
2245 2510 2346 2564 per
2377 2513 2536 2568 quam
2562 2498 2740 2564 vobis,
2770 2497 3067 2559 Corinthii,
3097 2499 3475 2569 pra‘dicamus,

1888 2603 1990 2644 nec
2019 2589 2162 2644 enim
2195 2589 2299 2643 hoc
2328 2591 2683 2661 usurpatione
2718 2591 2946 2646 iecimus
2974 2634 2989 2659 ,
3041 2590 3135 2645 scd
3183 2600 3479 2660 praecepto.

1962 2678 2135 2749 Usque
2159 2682 2228 2737 ad
2251 2696 2339 2736 vos
2361 2682 2494 2737 enim
2519 2684 2846 2753 pervenimus
2870 2683 2923 2735 in
2952 2682 3239 2753 Evangelia
3265 2680 3478 2737 Christi.

1884 2772 2000 2828 Non
2036 2782 2227 2829 nostro
2252 2816 2265 2835 .
2296 2784 2354 2829 ut
2382 2774 2457 2830 illi
2479 2774 2571 2845 qui
2601 2774 2949 2845 praedicando
2980 2789 3040 2831 se
3065 2819 3081 2845 ,
3108 2790 3265 2831 suum
3298 2774 3480 2835 Evan-

1879 2850 2080 2939 gelium
2111 2865 2337 2921 iaciunt.

1958 2955 2081 3009 Non
2102 2956 2155 3009 in
2177 2957 2477 3011 immensum
2498 2956 2777 3026 gloriantes
2798 2958 2851 3011 in
2871 2958 3051 3011 alienis
3075 2956 3354 3012 laboribus.
3373 2956 3483 3013 imo-

187 3050 337 3112 riunt,
366 3066 481 3102 cum
520 3050 734 3120 impleta
766 3052 925 3121 fuerit
957 3062 1123 3103 vestra
1154 3050 1467 3104 obedientia.
1499 3049 1676 3104 Parati
1710 3049 1776 3104 ad
1807 3035 1851 3099 C
1886 3062 2129 3105 mensum
2162 3059 2246 3104 est
2274 3050 2324 3104 in
2353 3050 2546 3104 alienis
2574 3050 2852 3106 laboribus
2882 3052 3122 3122 gloriari.
3171 3053 3477 3140 Illi.autem

187 3142 560 3198 ulciscendum
609 3158 828 3197 omnem
886 3141 1344 3210 inobedientiam,
1390 3156 1512 3197 cum
1562 3140 1781 3212 impleta

187 3232 350 3289 fuerit
380 3234 707 3289 obedientia.
744 3234 855 3289 Hoc
895 3235 1026 3289 dicit
1055 3233 1372 3305 Apostolus,
1419 3234 1581 3289 modo
1624 3250 1781 3304 para-

189 3334 301 3379 tum
342 3341 401 3380 sc
431 3341 550 3380 esse
585 3326 772 3381 ulcisci
820 3340 1035 3385 omnem
1068 3324 1514 3393 inobedientiam,
1561 3342 1680 3381 cum
1715 3342 1778 3382 ea

187 3434 309 3489 qua:
332 3420 739 3488 praicipiuntur,
770 3418 1137 3491 impleverunt.
1161 3417 1292 3473 ltem
1317 3432 1437 3472 cum
1459 3419 1570 3487 jam
1601 3428 1778 3474 vestra

190 3525 289 3579 per
314 3526 411 3564 nos
436 3511 742 3566 ohedientia
768 3510 929 3565 fuerit
957 3511 1203 3580 impleta,
1236 3510 1308 3564 illi
1333 3526 1441 3564 non
1465 3510 1776 3581 audiuntur,

188 3611 506 3670 potestatem
540 3619 599 3659 se
635 3602 940 3658 vindicandi
978 3603 1257 3674 accepisse
1294 3618 1324 3657 a
1360 3603 1612 3670 Domino,
1651 3603 1777 3677 quia

190 3694 546 3749 mentiuntur.

263 3784 386 3865 Qua:
413 3786 695 3845 secundum
725 3787 913 3858 faciem
940 3796 1082 3853 sunt,
1108 3786 1294 3840 videte.
1328 3786 1442 3841 Hoc
1468 3797 1551 3843 est
1573 3787 1641 3840 ab
1669 3786 1777 3843 illis

187 3878 357 3948 quiin
406 3877 541 3932 faeie
571 3879 896 3947 gloriantur,
941 3889 1149 3933 cavete.
1184 3878 1315 3932 Tam
1360 3878 1645 3933 manifesta
1694 3890 1780 3941 est

192 3968 266 4023 rei
296 3969 570 4039 probatio.
605 3982 660 4022 ut
702 3968 954 4024 facillima
982 3970 1052 4024 sit
1079 3968 1379 4023 intellectu.
1426 3971 1552 4026 Sive
1588 3970 1656 4025 ab
1695 3971 1778 4028 his

191 4060 489 4132 hypocritis
517 4062 670 4115 aniS
697 4071 911 4125 cavete,
936 4060 1025 4131 qui
1057 4063 1110 4115 in
1144 4062 1427 4131 praesentia
1450 4063 1772 4133 gloriantur.

260 4152 321 4207 Si
360 4152 473 4222 quis
507 4153 745 4221 con/idit,
771 4152 967 4207 Christi
996 4170 1050 4207 se
1079 4170 1209 4219 esse,
1253 4153 1351 4207 hoc
1373 4157 1557 4226 cogitet
1593 4157 1779 4212 iterum

191 4242 328 4312 apud
357 4259 409 4296 se
439 4245 598 4314 :quia
626 4246 759 4296 sicut
783 4252 829 4297 et
858 4244 966 4316 ipse
991 4243 1185 4298 Christi
1214 4252 1309 4313 est,
1344 4245 1418 4300 ita
1445 4255 1492 4299 et
1521 4263 1633 4301 nos.
1666 4246 1775 4302 Nc-

195 4352 280 4391 tno
308 4346 415 4389 tam
447 4337 648 4391 stultus
678 4345 784 4403 est,
815 4353 974 4409 quam
1005 4336 1095 4408 qui
1127 4351 1187 4393 se
1213 4337 1392 4393 solum
1420 4337 1624 4394 Christi
1653 4355 1776 4396 esse

192 4429 469 4499 gloriatur.
838 4414 839 4417 η

264 4519 400 4575 Ναηι
431 4520 526 4575 etsi
553 4520 783 4589 amplius
811 4520 1012 4591 aliquid
1047 4522 1302 4592 gloriatus
1346 4523 1493 4593 fuero
1531 4524 1595 4577 de
1632 4534 1779 4593 pote-

197 4621 318 4667 state
338 4622 536 4680 nostra,
568 4630 722 4681 quam
752 4612 898 4665 dedit
925 4613 1073 4667 nobis
1107 4612 1358 4669 Dominus
1385 4615 1437 4669 in
1464 4617 1775 4686 wdi/icatio-

198 4722 325 4759 nem.
350 4705 483 4761 Nam
512 4706 614 4761 etsi
641 4721 728 4761 me
758 4706 928 4776 magis
955 4715 1274 4775 potestatem
1304 4721 1335 4761 a
1364 4706 1582 4763 Christo
1615 4722 1773 4763 acce-

198 4797 333 4868 pisse
381 4798 605 4865 dixero,
654 4813 814 4868 quam
866 4805 1130 4863 exteros,
1180 4806 1241 4851 ut
1288 4798 1615 4866 Apostolus,
1669 4815 1777 4857 non

199 4890 504 4946 erubescam
546 4893 716 4960 :quia
759 4905 947 4945 verum
993 4889 1136 4955 dico,
1178 4898 1232 4944 et
1270 4903 1379 4944 non
1416 4890 1626 4969 gloriae,
1677 4890 1773 4948 sed

197 4982 558 5039 aediﬁcationis
587 4999 746 5039 causa
774 4983 1091 5053 compulsus
1117 4983 1233 5039 haec
1257 4984 1418 5049 facio.

261 5074 323 5129 Et
345 5094 448 5131 non
474 5078 876 5133 destructionem
896 5088 1117 5133 vestram
1139 5094 1157 5133 :
1179 5095 1281 5131 non
1305 5077 1622 5133 erubescant.
1641 5078 1772 5135 Nam

196 5166 265 5220 illi
293 5176 344 5221 et
382 5178 691 5238 usurpatam
730 5180 785 5224 et
813 5171 864 5226 in
907 5170 1329 5225 destructionem
1378 5184 1634 5226 exercere
1681 5187 1776 5229 cu-

208 5259 351 5325 pittnt
381 5266 726 5325 potestatem.

271 5346 335 5402 Ut
376 5359 545 5402 autem
586 5368 690 5405 non
726 5354 982 5409 existimer
1032 5364 1293 5425 tamquam
1337 5366 1527 5410 terrere
1570 5372 1657 5411 vos
1689 5372 1778 5423 per

200 5439 456 5511 Epistolas
479 5456 498 5493 :
514 5446 752 5507 quoniam
777 5448 983 5517 quidem
1011 5448 1287 5517 Epistolte,
1308 5450 1573 5521 inquiunt,
1597 5465 1778 5521 graves

196 5540 306 5585 sunt
346 5540 389 5582 et
438 5531 595 5600 fortes
628 5540 944 5603 :prtesentia
988 5552 1160 5595 autem
1205 5543 1443 5611 corporis
1484 5541 1691 5612 inﬁrma
1727 5551 1775 5598 el

196 5638 352 5680 sermo
381 5625 800 5695 contemptibilis.
833 5631 952 5689 lloc
972 5633 1094 5691 ideo
1123 5635 1267 5705 dico,
1298 5650 1366 5692 ne
1395 5635 1515 5717 quis
1549 5652 1635 5693 me
1676 5650 1777 5713 pu-

1883 3155 2101 3211 semper
2121 3140 2184 3195 ad
2211 3141 2398 3196 ﬁdeles
2416 3142 2587 3212 ibant,
2615 3144 2704 3213 qui
2725 3144 2878 3210 signa
2900 3144 3120 3201 minime
3138 3145 3474 3214 quaerebant.

1956 3232 2118 3304 Spem
2141 3242 2311 3288 autem
2333 3233 2596 3299 habentes,
2624 3236 2899 3291 crescentis
2921 3236 3046 3304 ﬁdei
3068 3244 3244 3289 vestrte
3265 3236 3318 3289 in
3340 3236 3480 3290 vobis

1882 3324 2202 3395 magniﬁcari
2230 3326 2520 3379 secundum
2548 3326 2781 3398 regulam
2814 3336 3062 3381 nostram.
3090 3327 3191 3395 Qui
3222 3342 3328 3382 non
3363 3345 3482 3397 Iuli:-

1885 3430 2012 3468 nera
2041 3430 2068 3467 a
2096 3416 2280 3481 vobis,
2329 3415 2425 3470 sed
2457 3416 2764 3471 mercedem
2790 3432 2818 3469 a
2850 3417 2959 3472 Deo
2992 3426 3187 3473 vestra:
3222 3419 3347 3477 ﬁdei
3374 3435 3478 3481 ex,

1880 3517 2209 3578 Spectamus.

1955 3596 2019 3650 In
2057 3597 2379 3651 abundantia
2411 3613 2431 3652 :
2462 3598 2617 3652 etiam
2644 3599 2697 3653 in
2727 3599 2819 3653 illa
2858 3615 2975 3671 qua:
3003 3600 3143 3656 ultra
3180 3618 3266 3658 vos
3305 3613 3427 3659 sunt
3455 3643 3471 3673 ,

1879 3689 2259 3760 evattgelizare.
2291 3688 2347 3743 Id
2380 3701 2504 3757 est,
2538 3705 2647 3745 non
2685 3691 2827 3755 enim
2858 3708 3027 3764 usque
3054 3693 3119 3749 ad
3154 3710 3246 3749 vos
3275 3696 3476 3761 sufﬁcit

1882 3783 2195 3851 pervenire:
2220 3782 2315 3836 sed
2343 3797 2463 3836 cum
2495 3793 2673 3838 vestra
2706 3783 2841 3839 ﬁdes
2867 3786 3121 3853 creverit,
3156 3785 3261 3842 alio
3292 3797 3465 3847 tranS-e

1882 3871 2073 3926 iemus.
2608 3920 2611 3921 ν

1953 3963 2077 4018 Non
2120 3964 2172 4017 in
2213 3964 2388 4018 aliena
2435 3965 2610 4035 regula
2641 3966 2693 4020 in
2722 3965 2803 4020 his
2830 4010 2843 4035 ,
2878 3983 2993 4039 qute
3022 3979 3314 4041 pra’parata
3344 3978 3469 4038 sunt

1880 4054 2119 4127 gloriari.
2155 4056 2307 4111 Sicut
2333 4055 2406 4111 illi
2431 4056 2498 4111 de
2530 4058 2845 4127 przeparatis
2870 4058 2981 4128 jam
3012 4060 3079 4115 ab
3110 4060 3230 4114 aliis
3260 4060 3469 4130 imprue

1880 4148 2073 4202 denter
2099 4148 2426 4219 gloriantur.

1956 4238 2056 4305 Qui
2082 4251 2251 4293 autem
2274 4239 2551 4311 gloriatur,
2580 4240 2633 4293 in
2665 4238 2889 4296 Domino
2910 4240 3184 4316 glorietur.
3213 4242 3332 4298 Jam
3357 4243 3474 4312 glo-

1884 4330 2009 4386 riari
2032 4332 2083 4385 in
2112 4333 2341 4387 Domino
2363 4332 2681 4388 exhortatur
2707 4350 2720 4388 :
2744 4335 2896 4404 cujus
2916 4334 3139 4392 virtutes
3168 4335 3221 4388 in
3244 4349 3309 4390 eo
3329 4349 3459 4403 ope-

1804 4406 1857 4467 D
1884 4432 2014 4480 ratio
2042 4433 2187 4485 sunt.

1954 4515 2078 4571 Non
2123 4518 2256 4571 enim
2297 4516 2385 4585 qui
2425 4519 2653 4588 seipsum
2697 4520 3064 4587 commendat,
3096 4518 3186 4573 ille
3224 4519 3474 4591 probatus

1880 4618 1955 4663 est
1979 4625 1999 4663 :
2020 4610 2110 4664 sed
2126 4626 2275 4680 quem
2302 4609 2437 4664 Deus
2463 4610 2805 4665 commendat.
2831 4609 3078 4677 Scipsutn
3102 4611 3470 4682 commendat,

1880 4700 1974 4772 qui
2002 4701 2118 4772 ipse
2148 4700 2329 4758 laudat
2350 4716 2410 4757 se
2437 4721 2451 4758 :
2477 4703 2631 4758 lllum
2662 4716 2793 4757 vero
2818 4702 3077 4757 Dominus
3100 4703 3467 4771 commendat,

1881 4793 1970 4863 qui
2018 4794 2296 4863 signorum
2330 4793 2621 4848 virtutibus
2652 4793 3089 4849 commendatur.

2487 4946 2718 5003 CAPUT
2760 4946 2854 5002 XI.

1960 5081 2168 5137 Utinam
2195 5080 2516 5136 sustineretis
2539 5080 2794 5135 modicum
2814 5080 2939 5152 quid
2970 5080 3280 5153 insipientia:
3308 5097 3476 5137 mete:

1886 5174 1974 5229 sed
2006 5182 2051 5227 et
2072 5181 2371 5244 supportate
2399 5190 2498 5228 me.
2532 5172 2808 5233 Sustinete
2836 5188 2944 5239 me,
2974 5173 3063 5244 qui
3096 5174 3320 5229 multum
3353 5188 3475 5228 sus-

1888 5264 2060 5316 tinere
2090 5263 2450 5318 consuevistis
2489 5261 2908 5334 imprudentiam
2957 5278 3153 5331 meam.
3188 5262 3316 5321 ideo
3346 5262 3483 5321 insi-

1885 5360 2120 5427 pientem
2151 5370 2211 5410 se
2240 5354 2371 5409 dicit
2404 5373 2417 5411 :
2452 5357 2574 5426 quia
2604 5354 2682 5409 illi
2718 5369 2941 5410 ncessse
2970 5364 3086 5410 crat
3118 5355 3300 5423 aliqua
3330 5354 3398 5408 de
3423 5368 3485 5414 se

1883 5448 2088 5513 dicere,
2113 5447 2240 5502 licet
2259 5462 2381 5499 vera
2411 5461 2425 5499 :
2452 5453 2510 5499 ut
2530 5444 2799 5509 ostendat,
2825 5461 2985 5515 quam
3006 5460 3135 5499 vere
3156 5444 3483 5515 insipientes

1884 5551 2039 5601 sunt,
2074 5539 2163 5610 qui
2198 5538 2332 5594 falso
2360 5552 2418 5592 se
2446 5538 2690 5591 laudant.
2726 5537 2830 5591 Sed
2861 5546 2915 5592 et
2947 5544 3265 5607 supportate
3298 5551 3405 5589 me.

1954 5629 2204 5690 dimittor
2234 5631 2369 5695 enim
2396 5645 2501 5699 vos,
2528 5626 2624 5684 Dei
2651 5628 2999 5693 wmulatione.
3032 5626 3304 5705 Despondi
3333 5627 3471 5685 enim
