4008 6188
525 207 631 267 799

1563 198 1625 255 S.
1665 194 2051 254 ΙΙΙΕΒΟΝΥΜΙ
2088 192 2373 252 OPERUM
2408 190 2773 252 MANTISSA.

3746 190 3858 252 800

518 341 613 380 vos
642 323 734 378 uni
758 322 868 378 viro
893 320 1136 390 virginem
1161 324 1356 371 castam
1390 314 1629 370 exhibere
1658 312 1887 369 Christo.
1923 312 1981 369 id
2006 320 2124 380 est,
2156 312 2211 372 Α
2234 310 2459 377 statuit,
2488 324 2589 366 nec
2615 308 2834 381 negavit
2861 351 2875 376 ,
2907 319 3133 365 necesse
3162 312 3248 364 est
3287 313 3343 364 ut
3380 305 3693 381 aliquando
3735 322 3855 366 non

536 431 645 471 non
668 413 893 470 stimulo
919 412 1105 467 livoris
1130 408 1456 477 inﬁammor,
1480 406 1579 463 sed
1604 421 1700 462 vos
1724 414 1999 477 tamquam
2030 419 2122 474 pa-

531 516 615 565 ter
636 507 817 562 divina
836 503 1185 558 aemulatione
1207 500 1478 568 custodio,
1506 510 1565 555 ut
1590 501 1790 571 possim
1816 514 1915 555 vos
1937 500 2127 554 imma-

533 601 741 657 culatos
787 597 1003 652 Christo
1051 595 1383 666 conjungere
1425 611 1439 647 :
1488 601 1641 648 tanto
1693 592 1900 662 majore
1946 591 2128 647 studio

534 700 922 757 conversatos,
950 696 1155 760 quanto
1186 686 1405 743 meliori
1432 686 1567 742 estis
1612 699 1817 756 sponso
1843 683 2125 755 jungendi.

606 783 782 837 Timeo
810 790 986 835 autem
1018 796 1081 834 ne
1109 780 1243 835 sicut
1269 794 1475 850 serpens
1510 776 1667 831 Erant
1697 777 1905 831 seduxit
1936 775 2130 829 astutia

534 892 652 939 sua,
684 874 757 927 ita
785 880 1189 942 corrumpantur
1220 886 1402 925 sensus
1452 870 1627 923 vestri.
1658 868 1897 938 Serpens
1924 868 2087 922 Evam
2111 908 2126 931 ,

533 967 601 1023 de
628 967 742 1023 Deo
772 964 1089 1021 mentiendo
1108 1006 1124 1031 ,
1150 963 1369 1020 seduxit
1401 981 1414 1017 :
1447 962 1726 1019 afﬁrmans
1756 962 1929 1017 solam
1963 961 2129 1017 Deum

535 1059 924 1115 comminatum
955 1072 1079 1114 esse
1108 1065 1341 1111 mortem
1362 1096 1377 1121 ,
1412 1069 1513 1110 nec
1543 1069 1664 1109 esse
1691 1054 1801 1124 jam
1830 1052 2127 1107 illaturum.

532 1150 613 1209 lta
638 1159 693 1206 et
719 1148 1163 1221 pseudoapostoli
1187 1146 1508 1202 asserebant
1531 1143 1655 1199 ideo
1677 1142 1960 1212 Evangelii
1990 1158 2131 1213 prm-

537 1251 691 1314 cepta
724 1240 943 1306 addita,
981 1249 1039 1294 ut
1064 1239 1149 1294 vel
1189 1238 1271 1293 sic
1301 1238 1390 1292 lex
1426 1236 1643 1306 antiqua
1687 1242 2000 1289 servaretur
2031 1252 2042 1287 :
2078 1242 2134 1289 et

537 1350 658 1392 eam
683 1333 854 1391 solam
881 1324 1134 1388 sufﬁcere
1161 1328 1516 1394 custoditam,
1547 1326 1873 1397 perquirunt
1901 1325 2127 1380 aemula-

541 1436 708 1481 tores.
741 1425 859 1480 .lam
892 1437 1033 1477 nunc
1063 1434 1289 1492 serpens
1318 1419 1569 1475 similiter
1598 1416 1861 1488 quosdam
1890 1416 2131 1482 seducit,

520 1518 848 1587 gehennam
874 1522 1096 1585 propter
1125 1513 1299 1567 solum
1331 1521 1593 1567 terrorem
1621 1519 1932 1567 asserentes
1956 1509 2134 1564 nomi-

540 1608 657 1663 nari
686 1624 699 1661 :
726 1620 886 1676 quam
917 1610 1010 1660 aut
1039 1603 1251 1674 penitus
1283 1618 1387 1658 non
1418 1617 1540 1658 esse
1563 1646 1577 1671 ,
1607 1612 1702 1657 aut
1730 1610 1991 1657 aeternam
2025 1616 2131 1656 non

2226 403 2488 460 mentitus
2517 404 2591 457 ita
2620 401 2836 458 faciam.

2303 496 2557 563 Quoniam
2584 498 2691 553 haec
2714 496 2961 569 gloriatio
2987 514 3090 551 non
3118 498 3432 570 infringetur
3466 498 3523 553 in
3558 514 3646 552 me
3675 498 3735 552 iu
3763 516 3848 554 re-

2228 594 2461 665 gionibus
2490 592 2719 648 Achaiw.
2762 593 3155 650 Gloriationem
3182 635 3197 661 ,
3233 602 3462 665 propter
3492 595 3676 651 Deum
3706 610 3849 653 con—

2230 699 2440 742 cessam
2488 687 2827 754 contemnit,
2881 688 3157 758 praecipue
3199 690 3247 743 si
3291 687 3531 758 inopiam
3574 690 3850 759 patiatur,

2306 777 2516 846 Quare?
2544 778 2678 844 Quia
2708 794 2811 832 non
2845 778 3007 850 diligo
3038 794 3125 834 vos
3149 794 3169 833 :
3203 778 3343 833 Deus
3374 780 3493 835 scit.
3529 779 3660 850 Ipse
3691 782 3851 837 novit

2231 876 2411 924 utrum
2437 883 2534 924 vos
2558 868 2798 941 diligam,
2830 884 3031 925 annon.
3085 870 3255 926 lmmo
3302 871 3428 927 ideo
3456 887 3487 926 a
3518 872 3680 929 vobis
3732 889 3848 929 non

2231 960 2437 1031 accipio
2470 976 2485 1014 :
2514 960 2641 1028 quia
2673 960 2898 1015 multum
2934 975 3030 1014 vos
3068 960 3256 1033 diligo.

2307 1053 2457 1118 Quod
2482 1062 2653 1107 autem
2682 1054 2819 1124 facio
2847 1094 2861 1118 ,
2885 1062 2930 1107 et
2954 1052 3181 1124 faciam,
3213 1065 3269 1109 ut
3299 1066 3563 1129 amputem
3607 1058 3850 1113 occasio-

2233 1158 2347 1197 nem
2376 1159 2576 1211 eorum,
2604 1143 2691 1213 qui
2718 1144 2893 1197 volunt
2923 1145 3243 1200 occasionem
3268 1162 3286 1199 :
3311 1158 3366 1200 ut
3395 1149 3446 1201 in
3475 1166 3581 1220 quo
3603 1150 3848 1221 glorian-

2235 1244 2336 1302 tur,
2362 1237 2688 1291 inveniantur
2716 1237 2851 1291 sicut
2880 1247 2929 1292 et
2960 1254 3075 1291 nos.
3120 1237 3219 1294 Hic
3250 1240 3431 1296 reddit
3459 1255 3709 1309 causam,
3734 1259 3849 1314 qua

2236 1328 2353 1397 ipse
2396 1343 2505 1384 non
2550 1329 2862 1399 acceperit,
2891 1337 2945 1384 et
2976 1328 3275 1386 adversarii
3313 1346 3410 1387 cur
3442 1332 3713 1389 docerent
3744 1349 3849 1404 gu-

2237 1420 2342 1475 lam
2370 1466 2383 1489 ,
2420 1421 2815 1492 avaritiamque
2864 1430 3227 1489 sectarentur,
3257 1433 3559 1491 quaerentes
3593 1441 3852 1497 perpau-

2244 1527 2366 1566 cum
2395 1511 2599 1568 aditum
2628 1511 2875 1568 invenire
2902 1511 3177 1579 lucrandi,
3208 1522 3267 1567 ut
3295 1513 3378 1569 hic
3402 1516 3483 1571 vel
3514 1531 3718 1585 panem
3751 1531 3857 1570 ac-

2238 1605 2482 1675 ciperet,
2517 1604 2595 1659 illi
2641 1620 2831 1659 aurum
2882 1604 3140 1659 licentius
3188 1606 3483 1676 exigerent.
3534 1606 3666 1663 Ideo
3698 1608 3851 1664 tollit

541 1714 665 1755 esse
707 1698 1011 1765 afﬁrmant,
1050 1708 1238 1754 contra
1278 1699 1657 1759 auctoritatem
1697 1694 1939 1751 omnium
1988 1695 2138 1751 Scri-
2168 1700 2216 1761 B
2241 1695 2586 1751 occasionem
2634 1693 2964 1765 Apostolus,
3015 1703 3074 1751 ut
3114 1697 3167 1751 in
3214 1699 3317 1751 hoc
3360 1706 3706 1767 appareant,
3750 1697 3848 1769 qui

541 1800 847 1863 pturarum.

614 1882 684 1937 Et
713 1882 957 1938 excidant
981 1898 1014 1935 a
1040 1880 1395 1951 simplicitate.
1437 1878 1572 1947 Quia
1606 1878 1701 1934 Dei
1732 1876 1961 1934 verbum
1994 1878 2133 1935 sim-

540 1977 760 2049 pliciter
787 1975 1055 2039 credere,
1108 1988 1215 2029 non
1263 1981 1348 2029 est
1394 1972 1670 2027 hominum
1720 1987 2132 2043 perversorum.

620 2070 752 2138 Quae
777 2078 855 2125 est
880 2071 937 2123 in
967 2067 1175 2123 Christo
1202 2066 1351 2121 Jesu.
1401 2065 1599 2122 Castus
1639 2080 1862 2133 sensus,
1904 2065 1996 2136 qui
2044 2066 2135 2120 uni

546 2165 666 2220 viro
695 2162 1044 2234 conjungitur
1072 2160 1291 2217 Christo
1323 2179 1335 2215 :
1365 2168 1421 2216 et
1458 2159 1627 2215 solius
1665 2159 1744 2214 illi
1788 2158 1958 2215 semel
2007 2172 2137 2229 pro-

547 2256 715 2313 missa
745 2255 1045 2312 sufﬁciunt.

620 2350 762 2405 Nam
787 2351 832 2404 si
862 2350 905 2403 is
924 2349 1014 2420 qui
1036 2348 1193 2415 venit,
1222 2347 1385 2402 alium
1407 2344 1669 2400 Christum
1692 2344 1961 2415 prmdicat,
1985 2361 2140 2417 quem

547 2459 651 2497 non
682 2441 1076 2511 prwdicavinttts
1096 2449 1220 2495 :aut
1250 2439 1414 2492 alium
1434 2438 1674 2510 spiritunt
1702 2438 1963 2509 accipitis,
1984 2451 2137 2507 quem

549 2544 651 2589 non
679 2533 950 2603 accepistis
973 2549 990 2586 :
1012 2541 1101 2586 aut
1129 2531 1277 2586 aliud
1306 2529 1667 2601 Evangelium,
1700 2530 1837 2599 quod
1868 2545 1971 2583 non
1999 2545 2141 2583 rece-

549 2627 697 2699 pistis
721 2642 740 2681 :
762 2638 896 2681 recte
918 2625 1240 2695 pateremiui.
1272 2625 1329 2681 Si
1352 2624 1506 2679 vobis
1528 2623 1761 2692 amplius
1787 2620 1989 2693 aliquid
2016 2636 2141 2691 gra-

550 2719 642 2775 tia:
686 2719 1099 2789 praedicaretur,
1128 2733 1287 2788 quam
1336 2732 1431 2786 per
1460 2731 1560 2772 nos
1604 2716 1935 2787 accepistis,
1989 2724 2140 2772 recte

548 2827 646 2867 eos
678 2812 836 2867 nobis
866 2812 1112 2882 praeponi
1145 2812 1368 2867 forsitan
1402 2810 1743 2880 patercmini.

623 2902 885 2957 Existimo
925 2902 1060 2955 enim
1083 2943 1097 2967 ,
1132 2901 1262 2955 nihil
1300 2919 1379 2955 me
1410 2904 1580 2957 minus
1611 2904 1811 2973 fecisse.
1852 2903 1937 2959 Me
1963 2903 2141 2959 minus

552 2994 751 3051 fecisse
778 2992 919 3060 istis,
948 2994 1040 3064 qui
1069 3008 1174 3047 non
1207 2992 1341 3047 nihil
1374 3003 1521 3060 sunt,
1552 3008 1620 3049 ne
1651 2994 1871 3063 putetis.

2240 1796 2467 1859 propter
2494 1787 2663 1843 Deum
2691 1785 2984 1857 docerent,
3017 1787 3065 1844 si
3102 1802 3133 1843 a
3164 1786 3446 1861 discipulis
3489 1788 3627 1847 nihil
3667 1803 3844 1861 expe-

2239 1888 2441 1936 terent.

2313 1971 2455 2026 Nam
2484 1973 2741 2041 eiusmodi
2770 1973 3187 2045 pseudoapostoli
3211 1981 3351 2029 sunt.
3388 1973 3643 2031 Dicentes
3669 1992 3686 2030 :
3711 1974 3843 2031 llzec

2239 2065 2371 2121 dicit
2397 2065 2682 2131 Dominus,
2704 2080 2826 2120 cum
2851 2066 2968 2136 ipse
2991 2082 3095 2122 non
3126 2066 3338 2124 miserit
3358 2082 3452 2125 eos
3481 2086 3494 2121 :
3518 2078 3575 2124 et
3599 2067 3865 2125 visiones-

2240 2174 2271 2213 a
2299 2156 2465 2214 corde
2494 2171 2594 2213 suo
2620 2157 2939 2228 loquuntur.

2315 2248 2557 2320 Operarii
2605 2249 2808 2303 subdoli
2842 2290 2859 2317 ,
2906 2248 3336 2323 transﬁgurantes
3368 2266 3422 2305 se
3465 2251 3520 2305 in
3560 2250 3840 2325 Apostolos

2242 2339 2453 2397 Christi.
2486 2340 2758 2396 Subdolus
2821 2350 2902 2397 est
2930 2386 2945 2410 ,
2974 2341 3064 2411 qui
3110 2340 3253 2396 aliud
3300 2341 3491 2411 ﬁngit,
3522 2358 3646 2399 cum
3692 2342 3839 2398 aliud

2242 2436 2353 2506 agit
2394 2452 2407 2487 :
2452 2440 2511 2488 ut
2544 2433 2646 2489 sub
2689 2418 3153 2504 contemplatione
3195 2435 3524 2505 evangelica:
3568 2434 3836 2505 praedica-

2246 2533 2409 2589 tionis
2458 2540 2711 2601 contegat
2750 2532 3128 2601 rapacitatem.
3174 2530 3335 2587 Tales
3380 2530 3525 2585 enim
3573 2529 3839 2602 praedica-

2245 2633 2421 2690 tores,
2454 2635 2511 2680 ut
2538 2623 2851 2679 hominibus
2879 2623 3160 2693 placeant,
3194 2637 3422 2679 necesse
3455 2631 3540 2679 est
3568 2623 3789 2677 adulari
3819 2640 3835 2678 :

2246 2728 2304 2774 ut
2328 2718 2596 2774 adulando
2616 2718 2885 2790 placeant,
2916 2727 2969 2772 et
3001 2716 3269 2787 placando
3296 2716 3589 2786 accipiant.
3622 2715 3693 2770 Et
3717 2731 3836 2785 qua:

2244 2810 2693 2867 commendantur
2715 2810 2928 2874 dicunt,
2961 2823 3069 2865 non
3091 2824 3152 2863 ea
3176 2797 3297 2880 quae
3318 2808 3588 2864 aediﬁcent
3613 2808 3838 2864 audien-

2246 2913 2376 2958 tem.
2408 2903 2654 2973 Plerique
2681 2916 2873 2958 eorum
2906 2917 3012 2955 non
3048 2910 3155 2956 tam
3185 2901 3468 2971 pecuniam
3499 2900 3834 2967 desiderant,

2247 3012 2406 3068 quam
2441 2997 2704 3052 honorem
2742 3013 2755 3049 :
2788 2994 3121 3050 arbitrantes
3147 3008 3206 3049 se
3236 2993 3462 3049 summis
3494 2993 3686 3064 opibus
3715 3008 3836 3050 esse

624 3089 669 3142 A
692 3089 894 3159 magnis
918 3085 1195 3155 Apostolis.
1225 3085 1631 3154 Quantofmagis
1652 3085 1847 3141 Petrus
1875 3095 1929 3142 et
1957 3086 2141 3143 caeteri
2171 3075 2218 3140 C
2248 3088 2454 3144 ditatos
2481 3131 2495 3155 ,
2524 3090 2569 3145 si
2595 3089 2664 3144 ab
2690 3087 2942 3143 omnibus
2973 3085 3353 3142 collaudentur
3377 3103 3392 3139 :
3415 3084 3514 3141 sed
3542 3101 3643 3143 nec
3678 3102 3838 3155 pecu-

550 3180 854 3255 prmdicant
879 3181 1058 3236 minus
1088 3177 1295 3250 aliquid
1326 3178 1622 3248 accepisse.

624 3272 767 3328 Nam
793 3282 842 3328 et
864 3272 909 3326 si
930 3271 1196 3343 imperitus
1226 3284 1482 3337 sermone,
1506 3268 1597 3323 sed
1619 3284 1723 3322 non
1745 3269 1980 3324 scientia.
2007 3270 2141 3325 Nam

553 3365 695 3424 sicut
718 3365 829 3431 isti,
873 3365 1107 3435 quicum
1137 3363 1247 3419 sint
1268 3362 1495 3419 scientia
1522 3361 1777 3434 imperiti,
1810 3362 1863 3418 iu
1889 3376 2144 3419 sermone

555 3460 762 3517 tumido
787 3458 1110 3531 gloriantur.

628 3554 697 3608 In
722 3553 954 3609 omnibus
990 3560 1162 3607 autent
1194 3551 1499 3622 manifestus
1542 3566 1656 3604 sum
1691 3548 1850 3605 vobis.
1894 3549 2147 3605 Ostendit

560 3646 925 3714 integritatem
957 3660 1111 3700 suam
1138 3686 1152 3710 ,
1194 3660 1297 3715 qua
1351 3659 1447 3714 per
1478 3647 1643 3697 Ilettm
1684 3643 1867 3697 omnia
1900 3642 2093 3699 fecerit
2128 3660 2142 3697 :

560 3750 682 3789 cum
718 3749 817 3789 nec
855 3736 1135 3789 avaritiam
1156 3776 1170 3800 ,
1208 3750 1307 3790 nec
1337 3736 1546 3805 gulam,
1578 3749 1677 3790 nec
1708 3734 1936 3805 gloriam
1969 3734 2036 3790 ab
2066 3734 2147 3791 eis

559 3826 851 3897 aliquando
882 3834 1173 3896 quaereret.

633 3918 735 3971 Aut
762 3918 1006 3986 numquid
1035 3927 1303 3990 peccatum
1326 3919 1425 3989 feci
1454 3919 1707 3991 meipsum
1744 3920 2026 3976 ltumilians
2050 3962 2066 3988 ,
2093 3930 2149 3975 ut

559 4026 647 4064 vos
687 4007 988 4063 exaltemini
1015 4011 1040 4063 7
1082 4009 1138 4064 Si
1185 4008 1324 4064 forte
1373 4008 1475 4064 hoc
1515 4009 1689 4065 solum
1739 4011 1962 4081 peccavi
1991 4054 2005 4080 ,
2054 4012 2149 4083 qui

560 4109 785 4173 propter
814 4114 910 4154 vos
935 4101 1099 4155 etiam
1130 4100 1274 4155 licita
1301 4110 1356 4156 et
1381 4115 1641 4157 concessa
1671 4104 1997 4173 contempsi.

638 4194 896 4262 Quoniam
922 4194 1085 4265 gratis
1122 4192 1452 4263 Erangelium
1489 4192 1586 4247 Dei
1612 4179 1959 4266 evangelizavi
1987 4198 2146 4253 vobis.

562 4287 663 4356 Qui
691 4302 867 4357 neque
893 4300 1083 4357 panem
1115 4286 1517 4357 quotidianum,
1549 4301 1707 4357 quem
1740 4288 2019 4345 ordinavit
2048 4290 2153 4345 Do—

561 4380 744 4435 minus
768 4420 783 4447 ,
816 4379 1143 4448 accepimus.

2250 3180 2370 3235 nias
2416 3181 2538 3236 ideo
2568 3188 2832 3250 spernunt
2855 3220 2871 3244 ,
2898 3179 3024 3249 quia
3054 3193 3159 3232 non
3191 3177 3434 3243 habent,
3477 3176 3575 3232 sed
3617 3176 3743 3249 quia
3780 3178 3832 3234 in

2247 3274 2542 3329 reconditis
2570 3271 2793 3329 habent.
2830 3271 2952 3327 Veri
2980 3281 3159 3326 autem
3193 3279 3247 3326 et
3288 3269 3564 3340 simplices
3599 3270 3835 3340 magistri

2249 3365 2538 3437 Apostolos
2582 3366 2881 3432 imitantur,
2911 3363 3157 3419 dicentes
3189 3380 3202 3417 :
3232 3362 3417 3433 Neque
3455 3363 3603 3417 enim
3644 3361 3836 3417 fuimus

2249 3459 2303 3514 in
2332 3473 2587 3515 sermone
2616 3459 2944 3515 adulationis
2970 3459 3301 3532 aliquando,
3341 3474 3441 3514 nec
3469 3460 3522 3513 in
3552 3459 3833 3514 occasione

2248 3551 2512 3621 avaritiae,
2547 3565 2722 3622 neque
2742 3559 3049 3623 quaerentes
3076 3551 3145 3606 ab
3167 3548 3420 3607 omnibus
3448 3551 3704 3623 gloriam,
3740 3564 3835 3608 nec

2248 3658 2279 3698 a
2310 3643 2481 3699 vobis.

2320 3735 2390 3791 Et
2416 3753 2519 3790 non
2541 3736 2753 3791 mirum.
2778 3735 2899 3809 Ipse
2918 3739 3053 3792 enim
3074 3738 3301 3794 Satanas
3332 3738 3673 3811 transfigurat
3698 3754 3751 3793 se
3776 3738 3825 3791 in

2250 3829 2493 3902 angelum
2533 3829 2687 3885 lucis.
2721 3829 2836 3885 Non
2870 3840 2975 3884 tam
3010 3829 3167 3885 facile
3204 3830 3466 3896 somniis,
3515 3838 3610 3885 aut
3646 3829 3832 3899 aliqui-

2251 3921 2353 3977 bus
2398 3921 2554 3993 quasi
2599 3923 2810 3995 angelis
2858 3922 3018 3989 lucis,
3079 3923 3216 3979 ﬁdes
3265 3922 3549 3990 habenda,
3600 3939 3667 3978 ne
3705 3924 3834 3978 forte

2253 4014 2601 4086 transﬁguret
2630 4030 2689 4071 se
2718 4016 2949 4072 Satanas
2971 4017 3023 4072 in
3051 4016 3303 4088 angelum
3327 4015 3490 4083 lucis,
3526 4025 3582 4072 et
3614 4015 3835 4087 decipiat

2255 4120 2319 4161 ac
2348 4106 2494 4161 fallat
2515 4108 2785 4164 incautos.

2328 4196 2451 4251 Non
2475 4215 2596 4271 ergo
2621 4208 2693 4253 est
2724 4215 2989 4270 magnum,
3015 4200 3061 4254 si
3087 4199 3310 4254 ministri
3339 4204 3451 4274 ejus
3478 4201 3835 4271 transﬁgereno

2258 4302 2365 4360 tur,
2393 4294 2528 4347 velut
2564 4294 2785 4348 ministri
2817 4295 3064 4367 justitiae.
3106 4293 3223 4348 Non
3260 4294 3483 4359 mirum,
3524 4294 3569 4347 si
3611 4293 3833 4349 mini5tri

2259 4386 2500 4451 Satanm,
2532 4386 2805 4453 avaritiae,
2849 4385 2902 4441 id
2948 4393 3066 4455 est,
3109 4385 3298 4458 gloria:
3334 4399 3501 4441 causa
3547 4384 3749 4457 ﬁngant
3781 4400 3835 4442 se

634 4470 777 4525 Alias
808 4468 1075 4524 Ecclesias
1104 4469 1411 4540 exspoliavi,
1443 4470 1703 4541 accipiens
1733 4472 2047 4543 stipendium
2078 4477 2148 4531 ad
2180 4463 2229 4524 D
2252 4475 2516 4548 justitiam
2540 4478 2855 4549 praedicare.

562 4565 903 4619 ministerium
946 4575 1187 4618 vestrum.
1232 4564 1365 4619 Cum
1394 4564 1547 4620 vobis
1585 4564 1975 4637 prmdicaretu,
2017 4569 2150 4626 mihi

564 4656 887 4714 Macedones
916 4658 1320 4715 ministrabant.

636 4751 704 4804 Et
726 4767 843 4804 cum
870 4767 1027 4806 essem
1054 4754 1196 4824 apud
1222 4769 1309 4806 vos
1328 4793 1341 4816 ,
1385 4762 1432 4806 et
1473 4770 1671 4827 egerent
1702 4772 1721 4809 :
1748 4754 1878 4809 nulli
1908 4773 2153 4815 onerosus

563 4845 657 4914 fui.
694 4844 806 4901 lloe
837 4845 933 4899 fuit
963 4861 1027 4900 ex
1058 4845 1317 4911 veritate,
1356 4845 1725 4902 inﬁrmitatem
1771 4859 1987 4918 portare
2031 4865 2156 4920 par-

565 4935 817 5003 vulorum
841 4978 855 5002 ,
893 4947 948 4992 ut
992 4952 1093 4993 nec
1139 4946 1268 4994 tunc
1294 4937 1509 5008 quidem
1541 4938 1706 4995 vellet
1750 4940 1997 5012 accipere
2033 4958 2154 4999 cum

569 5038 777 5099 egeret.

638 5120 782 5177 Nam
809 5123 947 5195 quod
988 5125 1116 5180 mihi
1142 5126 1359 5193 deerat,
1397 5126 1763 5198 suppleverunt
1809 5128 1995 5198 fratres
2019 5172 2031 5196 ,
2073 5130 2162 5200 qui

565 5224 812 5271 venerunt
837 5216 901 5271 de
927 5214 1257 5273 Macedonia.
1304 5218 1405 5286 Qui
1454 5233 1561 5275 non
1593 5219 1994 5287 occurrebant,
2042 5236 2159 5277 ma-

569 5306 729 5364 nibus
777 5307 1058 5363 adoraudo
1088 5310 1281 5364 fratres
1308 5351 1322 5377 ,
1354 5325 1491 5380 quos
1537 5320 1802 5367 noverunt
1846 5311 2011 5367 falsos
2060 5328 2162 5369 nee

570 5398 1060 5469 pseudoapostolos
1100 5410 1469 5471 susceperant,
1494 5401 1620 5471 quin
1654 5401 1819 5457 immo
1848 5403 2157 5458 vincebant.

640 5491 708 5546 Et
730 5493 780 5546 in
801 5490 1036 5545 omnibus
1059 5494 1166 5547 sine
1190 5510 1339 5548 onere
1362 5510 1439 5547 me
1459 5494 1596 5549 vobis
1618 5495 1836 5563 servavi,
1861 5504 1907 5549 et
1930 5495 2156 5550 servabo.

575 5582 800 5646 Quando
831 5583 1079 5636 inﬁrmos
1108 5598 1201 5638 vos
1234 5584 1551 5640 habueritis.

649 5667 743 5721 Est
772 5673 958 5724 veritus
1002 5671 1194 5725 Clu-isti
1243 5674 1297 5728 in
1344 5690 1442 5728 me.
1491 5675 1646 5733 Sicut
1691 5677 1937 5734 Christus
1995 5680 2162 5738 semel

2336 4573 2565 4639 Quorum
2612 4573 2732 4645 ﬁnis
2780 4574 2874 4629 erit
2928 4577 3214 4630 secundum
3251 4591 3410 4647 opera
3461 4589 3659 4629 eorum.
3706 4571 3835 4630 Mala

2261 4679 2425 4736 Opera
2457 4664 2630 4721 malus
2660 4666 2783 4721 ﬁnis
2811 4674 3108 4737 exspectat.

2335 4759 2534 4815 Iterum
2572 4762 2708 4829 dico,
2761 4779 2825 4817 ne
2876 4762 2990 4834 quis
3040 4771 3181 4835 putet
3232 4779 3311 4816 me
3354 4760 3670 4830 insipientem
3709 4775 3837 4815 esse.

2263 4853 2506 4925 Alioquin
2535 4853 2669 4909 velut
2702 4855 3026 4925 insipientem
3057 4855 3278 4925 accipite
3305 4869 3379 4909 me
3404 4869 3421 4908 :
3451 4862 3505 4905 ut
3532 4860 3581 4906 et
3603 4867 3699 4923 ego
3724 4868 3838 4905 mo-

2264 4938 2461 5012 dicum,
2504 4945 2630 5015 quid
2657 4944 2872 5017 glorier.
2915 4944 3035 5000 lam
3080 4945 3333 5016 superius
3365 4942 3544 5017 dixit;
3572 4941 3841 4999 Sustinetc

2264 5037 2533 5092 modicum
2559 5037 2688 5107 quid
2738 5039 3063 5109 insipientia:
3107 5054 3243 5095 mea:
3282 5057 3297 5097 :
3330 5048 3386 5096 et
3416 5036 3720 5096 reddiderat
3759 5052 3840 5092 ra-

2266 5128 2491 5198 tionem,
2519 5128 2643 5200 quia
2672 5131 2790 5186 zelo
2817 5130 2913 5186 Dei
2945 5145 3040 5187 eos
3067 5130 3311 5186 zelarct:
3354 5145 3461 5186 non
3494 5128 3683 5201 gloria:
3706 5128 3840 5184 desi—

2264 5220 2420 5276 derio
2450 5232 2596 5277 esset
2623 5221 2690 5277 de
2719 5236 2783 5279 se
2801 5222 3003 5292 aliquid
3026 5200 3272 5279 dicturbs
3300 5240 3315 5287 ;
3350 5238 3420 5279 ne
3442 5200 3562 5292 ejus
3591 5221 3647 5276 in
3670 5219 3838 5277 odium

2266 5312 2432 5379 versi,
2480 5312 2647 5369 falsos
2695 5312 2973 5384 apostolos
3016 5321 3394 5384 sequerentur.
3442 5312 3502 5369 Si
3549 5326 3680 5383 ergo
3718 5311 3839 5368 insi-

2269 5404 2470 5474 pientia
2498 5405 2616 5475 ejus
2645 5415 2751 5460 tam
2778 5407 2995 5477 sapiens
3025 5415 3131 5476 est,
3162 5421 3321 5477 quam
3347 5406 3571 5477 sapiens
3597 5407 3699 5463 erit
3736 5406 3839 5478 ipsa

2269 5498 2569 5568 sapientia?
2605 5500 2778 5556 Simul
2818 5500 3148 5567 notandum,
3183 5500 3307 5570 quia
3351 5500 3549 5555 mirum
3580 5515 3703 5557 esse
3742 5515 3837 5555 non

2270 5588 2431 5644 debet
2460 5590 2503 5644 si
2528 5591 2593 5645 ad
2640 5601 2847 5661 tempus
2890 5590 3024 5646 falsa
3057 5591 3298 5646 doctrina
3350 5590 3673 5662 praevaleat,
3703 5590 3841 5661 cujus

2270 5681 2580 5739 auctoribus
2609 5682 2661 5739 lu
2703 5682 2807 5739 ﬁne
2835 5682 3073 5740 vindicta
3109 5680 3458 5752 promittitur.
