4008 6188
86 241 177 299 801

783 235 1323 296 COMMENTARIUS
1361 235 1429 294 IN
1473 234 1858 295 EPISTULA.“
1901 234 1943 292 Ιῐ
1983 235 2074 293 AD
2114 237 2272 295 COR.
2313 237 2466 293 CAP.
2510 232 2624 293 XII.

3256 245 3363 302 80?.

156 356 304 423 Quod
349 357 552 429 loquor,
605 371 706 413 non
755 357 939 429 loquor
987 356 1271 412 secundum
1316 353 1485 409 Deunt
1527 355 1665 408 :sed
1693 361 1739 418 Α
1768 352 1968 407 tidiana
2003 353 2302 409 sollicitudo
2349 353 2575 408 omnium
2606 351 2979 409 Ecclesiarum.
3026 354 3234 414 Praeter
3266 358 3360 415 illa

83 451 221 522 quasi
250 450 303 504 in
335 451 674 521 insipientia:
708 453 763 506 in
803 451 900 504 hac
941 450 1228 505 substantia
1258 449 1462 521 glorite.
1494 447 1550 502 Si
1578 447 1666 502 hic

84 543 398 598 necessitate
441 543 622 614 populi
662 543 1009 613 compulsus,
1065 552 1224 612 negat
1263 556 1323 596 sc
1369 541 1664 596 secundum

85 633 247 688 Deum
294 633 518 703 gloriari
552 652 566 687 :
601 635 731 704 quid
779 634 849 690 de
887 632 994 688 illis
1025 633 1368 690 sentiendum
1412 642 1525 702 est,
1575 632 1666 702 qui

84 727 190 782 sola
211 726 469 796 jactantia
495 728 798 798 gloriantur
818 727 1134 784 substantiae
1159 727 1377 799 glorite?
1401 726 1497 782 Est
1520 726 1664 782 enim

95 822 190 875 alia
217 836 342 876 vera
369 821 668 876 substantia
695 821 984 892 gloriandi.

154 913 411 979 Quoniam
456 915 608 968 multi
651 915 945 985 gloriantur
987 915 1272 970 secundum
1329 930 1583 969 carnem:
1622 923 1669 969 et

88 1024 179 1079 ego
205 1008 490 1078 gloriabor.
520 1009 784 1076 Quoniam
815 1010 870 1065 in
900 1009 1182 1066 nobilitate
1213 1010 1411 1066 terreni
1449 1006 1668 1079 generis

81 1101 319 1170 gloriari,
349 1102 568 1158 carnale
595 1112 699 1159 est.

147 1191 391 1247 Libenter
411 1195 548 1249 enim
582 1194 808 1262 suﬁ'ertis
835 1195 1155 1265 insipientes,
1186 1211 1302 1248 cum
1331 1193 1439 1248 sitis
1462 1193 1565 1263 ipsi
1585 1209 1669 1272 sa-

80 1282 292 1353 pientes.
312 1283 482 1340 Video
502 1284 644 1340 enim
669 1299 786 1351 vos,
813 1300 934 1340 cum
962 1284 1137 1339 edocti
1166 1285 1305 1350 sitis,
1333 1282 1530 1337 nullius
1551 1297 1669 1337 mo-

79 1374 244 1429 menti
275 1374 653 1442 insipientibus
684 1375 845 1430 facile
866 1376 1225 1430 consensisse.

147 1464 425 1520 Suslinetis
451 1468 586 1520 enint
610 1469 656 1521 si
679 1468 794 1532 quis
820 1483 906 1520 vos
939 1468 992 1520 in
1013 1467 1311 1520 servitutem
1336 1465 1543 1537 redigit.
1567 1465 1668 1521 Le—

77 1554 175 1625 gis,
220 1556 305 1612 vel
336 1556 756 1627 Pharisaeorum,
807 1559 898 1626 qui
945 1557 1282 1613 dominatum
1323 1557 1374 1613 in
1409 1557 1664 1628 p0pulum

78 1647 424 1703 exercebant.

1770 461 1889 516 qua:
1921 461 2016 516 per
2036 446 2508 503 mansuetudinem
2534 446 2736 501 leviora
2759 461 2882 502 esse
2900 448 3176 506 videntur.

1807 537 1934 604 Quis
1961 537 2288 606 inﬁrntatur,
2323 547 2368 592 ct
2399 554 2490 608 ego
2515 555 2619 592 non
2652 538 2928 607 inﬁrmor?
2958 540 3084 606 Quis
3113 544 3339 598 scanda-

1769 629 1994 683 lizatur?
2021 639 2069 683 et
2109 648 2202 702 ego
2243 647 2347 686 non
2395 631 2564 684 uror?
2610 630 2725 685 Non
2775 631 2932 697 dixit,
2975 635 3312 691 scandalizor
3347 655 3358 690 :

1769 723 1894 792 quia
1927 722 1980 778 in
2022 724 2128 779 ﬁde
2157 722 2586 779 scandalizatur.
2615 722 2749 777 Cum
2781 724 3180 780 inlirmantibus
3211 727 3366 782 inﬁr-

1771 829 1890 870 mor
1928 832 1940 867 :
1973 830 2096 871 cum
2123 816 2480 886 pereuntibus
2511 816 2691 885 perire
2733 830 2819 871 me
2845 817 3014 872 credo
3051 835 3061 869 :
3101 819 3181 874 sic
3214 820 3360 875 enim

1769 922 1901 962 uror
1923 907 2165 978 tristitia,
2200 918 2258 963 ut
2278 909 2460 964 animo
2489 907 2685 963 ardere
2714 923 2800 962 me
2831 907 3089 964 sentiam.

1844 999 1908 1053 Si
1955 1000 2175 1070 gloriari
2222 1010 2440 1071 Oportet.
2473 999 2605 1054 Nam
2647 1000 2692 1055 si
2737 1000 2957 1070 gloriari
2995 1015 3219 1058 necesse
3253 1012 3359 1071 est,

1770 1104 1880 1144 non
1923 1089 1976 1144 in
2005 1090 2091 1145 his
2116 1106 2237 1161 quae
2265 1092 2331 1145 ad
2362 1091 2630 1158 Iustitiam,
2677 1092 2772 1147 sed
2801 1108 2920 1163 qua:
2950 1093 3018 1148 ad
3064 1108 3357 1151 maerorem

1771 1183 2066 1254 pertinent,
2098 1183 2397 1251 gloriabor.

1844 1274 1974 1339 Qute
1996 1273 2312 1342 inﬁrmitatis
2343 1291 2468 1329 mete
2493 1284 2613 1329 sunt
2644 1277 2924 1349 gloriabor.
2963 1277 3246 1335 Manileste
3273 1279 3361 1335 in-

1771 1366 2057 1421 ﬁrmitates
2097 1380 2226 1421 suas
2269 1367 2563 1435 Apostolus
2597 1369 2926 1424 tentationes
2965 1385 3100 1440 quas
3136 1373 3364 1429 sustine-

1769 1456 1883 1523 bat,
1920 1458 2436 1528 persecutionesque
2474 1459 2762 1528 signiﬁcat.
2813 1460 2944 1516 Item
2972 1476 3162 1519 omnes
3196 1480 3360 1534 supe-

1775 1550 1950 1605 riores
1979 1552 2356 1615 necessitates,
2395 1568 2508 1605 uno
2539 1551 2870 1607 inﬁrmitatis
2912 1557 3134 1611 nomine
3174 1557 3369 1612 deﬁni-

1770 1640 1868 1706 vit,
1895 1657 1960 1696 eo
1982 1642 2122 1712 quod
2157 1643 2419 1696 humanas
2445 1643 2844 1700 imbecillitates
2864 1648 2980 1700 ista:
3007 1649 3363 1716 pra‘valeant.

147 1736 210 1792 Si
230 1739 344 1808 quis
375 1738 609 1806 devorat,
638 1740 684 1793 si
713 1741 830 1810 quis
857 1740 1069 1810 accipit.
1098 1739 1357 1796 Convivia
1381 1783 1396 1810 ,
1430 1740 1512 1796 vel
1547 1756 1664 1796 mu-
1695 1749 1743 1811 Β
1843 1731 1986 1786 Deus
2023 1744 2070 1786 et
2100 1733 2262 1788 Pater
2294 1734 2503 1788 Domini
2533 1738 2696 1789 nostri
2732 1735 2859 1790 Jesu
2905 1736 3096 1792 Christi
3123 1741 3239 1810 scit,
3273 1743 3364 1812 qui

77 1845 229 1886 nera.
256 1831 313 1888 Si
337 1831 458 1903 quis
486 1832 683 1904 accipit
711 1835 1020 1903 pecuniam.

144 1923 208 1978 Si
234 1925 352 1995 quis
373 1926 662 1980 extollitur.
692 1925 915 1981 Judaica
942 1926 1220 1996 superbia,
1258 1925 1342 1981 vel
1375 1925 1443 1981 de
1484 1925 1667 1982 scien-

76 2018 167 2086 tia,
199 2019 288 2075 vel
319 2020 390 2076 de
417 2023 634 2092 generis
663 2023 944 2093 qualitate.

143 2111 206 2166 Si
226 2114 343 2181 quis
363 2112 417 2166 in
440 2114 631 2184 faciem
651 2130 739 2169 vos
764 2115 936 2171 ctedit.
961 2114 1019 2170 Si
1042 2115 1162 2186 quis
1178 2115 1340 2171 etiam
1370 2123 1670 2186 praesentes

73 2203 350 2276 objurgat.

167 2296 469 2353 Secundum
523 2301 899 2370 ignobilitatem
959 2301 1094 2355 dico.
1155 2300 1470 2372 Ignobilitas
1522 2301 1668 2356 enim

74 2389 314 2444 maxima
357 2399 464 2458 est,
495 2392 540 2447 si
572 2391 695 2462 quis
726 2392 869 2446 ﬁlius
898 2392 1017 2461 Dei,
1051 2393 1119 2449 de
1152 2403 1362 2449 terrena
1391 2393 1672 2449 nobilitate

73 2496 132 2538 se
159 2483 352 2553 jactet.

144 2576 316 2641 Quasi
363 2592 454 2630 nos
494 2576 692 2646 inﬁrmi
736 2577 986 2646 fuerimus
1028 2578 1082 2632 in
1116 2576 1213 2631 hac
1251 2586 1419 2647 parte.
1444 2577 1527 2634 Ab
1566 2576 1672 2633 illis

78 2666 262 2724 minus
293 2668 498 2738 aliquid
530 2668 846 2724 habeamus.

145 2758 217 2814 In
244 2776 350 2831 quo
373 2762 488 2830 quis
513 2762 667 2814 audet
685 2777 702 2814 :
719 2762 770 2816 in
783 2762 1076 2833 insipientia
1102 2762 1236 2816 dico.
1262 2761 1359 2816 Hic
1371 2762 1674 2832 seAposlo-

70 2851 136 2907 lis
160 2863 476 2922 comparat,
498 2853 746 2908 laborum
770 2869 994 2909 suorum
1022 2854 1498 2925 contemplatione.
1541 2855 1671 2910 Item

69 2945 373 3002 notandum
399 2945 540 3016 quod
558 2947 710 3016 quasi
735 2945 1084 3002 temerarium
1103 2945 1324 3014 dixerit,
1344 2947 1564 3002 audere.

142 3037 331 3091 Audeo
358 3046 408 3090 et
438 3053 552 3107 ego.
584 3037 812 3093 Possum
842 3038 1042 3094 audere
1073 3042 1117 3094 si
1149 3039 1293 3093 volo.

1771 1832 1845 1877 est
1867 1823 2163 1878 benedictus
2184 1825 2236 1877 in
2259 1827 2468 1892 stecula,
2492 1827 2630 1895 quod
2655 1845 2757 1882 non
2779 1831 3022 1884 mentior.
3050 1831 3184 1887 Rem
3208 1835 3367 1904 quasi

1772 1915 2051 1971 difﬁcilem
2095 1917 2358 1986 dicturus,
2399 1917 2546 1987 quod
2586 1918 2759 1972 Judaei
2803 1932 2992 1975 contra
3031 1938 3154 1977 eum
3201 1926 3368 1981 etiam

1770 2007 2042 2078 principes
2067 2009 2306 2078 gentium
2335 2013 2738 2077 concitassent,
2772 2020 2899 2067 ante
2933 2014 3187 2084 implorat
3214 2019 3368 2071 testi-

1773 2102 2013 2156 monium
2047 2100 2142 2155 Dei
2177 2118 2190 2155 :
2235 2116 2302 2156 ne
2347 2116 2490 2156 vera:
2527 2101 2632 2156 hoc
2666 2102 2944 2172 jactantize
2984 2109 3362 2175 imputaretur,

1772 2191 1913 2261 quod
1935 2191 2196 2247 adversus
2217 2205 2342 2246 eum
2366 2193 2528 2246 etiam
2562 2208 2728 2263 regna
2753 2197 3115 2264 surrexerint,
3147 2207 3202 2252 et
3228 2199 3362 2253 nihil

1773 2284 2049 2354 potuerint
2078 2284 2399 2353 prtevalere.
2441 2283 2571 2340 Haec
2605 2298 2784 2340 autem
2819 2286 3023 2343 ideirco
3063 2300 3367 2360 enumerat,

1773 2388 1833 2433 ut
1859 2377 2112 2433 ostendat
2160 2378 2288 2448 quid
2333 2379 2552 2435 intersit
2581 2378 2726 2435 inter
2762 2395 2923 2437 veros
2952 2391 3006 2437 et
3045 2381 3210 2439 falsos
3238 2398 3375 2454 apo-

1775 2472 1968 2528 stolos.

1847 2566 2090 2623 Damasci
2113 2569 2421 2640 praepositus
2464 2569 2630 2638 gentis
2666 2569 2839 2624 Areten
2862 2571 3022 2641 regis,
3052 2573 3369 2629 custodiebat

1775 2659 2033 2713 civitatem
2072 2658 2542 2727 Damascenorum,
2583 2671 2639 2714 ut
2681 2677 2760 2715 me
2796 2663 3268 2733 comprehenderet.
3305 2666 3370 2719 Et

1775 2768 1866 2822 per
1885 2752 2160 2820 fenestram
2184 2753 2236 2805 in
2256 2762 2433 2823 sporta
2455 2754 2700 2808 dimissus
2723 2771 2837 2807 sum
2858 2770 2949 2824 per
2973 2772 3200 2824 murum,
3231 2766 3278 2810 et
3296 2758 3370 2810 sic

1777 2845 1938 2915 effugi
1967 2863 2148 2901 manus
2187 2849 2317 2917 ejus.
2355 2848 2687 2918 l’rcepositus
2725 2847 2903 2917 gentis
2933 2849 3079 2906 illius
3110 2860 3252 2917 erat,
3284 2851 3370 2906 cui

1777 2939 2079 3013 imperabat
2109 2945 2274 2998 Areta
2305 2957 2420 2998 rex.

2402 3035 2630 3092 CAPUT
2657 3035 2771 3092 XII.

144 3129 362 3183 Ilebrtei
392 3137 510 3182 sunt
535 3170 549 3195 ,
590 3138 637 3182 et
668 3146 781 3199 ego.
812 3129 1072 3184 Israelita:
1093 3141 1242 3196 sunt,
1274 3139 1322 3185 et
1344 3147 1458 3201 ego.
1488 3129 1674 3186 Semen
1705 3137 1750 3202 α
1852 3125 1914 3180 Si
1941 3125 2159 3198 gloriari
2184 3136 2404 3198 apartet,
2439 3145 2538 3181 non
2571 3129 2780 3198 expedit
2810 3109 3036 3200 quidem.
3080 3128 3200 3186 Non
3229 3128 3361 3185 mihi

76 3221 307 3274 Abrahae
349 3230 472 3274 sunt
498 3261 513 3288 ,
541 3229 591 3274 et
623 3237 738 3292 ego.
775 3220 835 3277 Si
883 3222 938 3276 in
979 3223 1081 3277 hoc
1118 3222 1421 3291 gloriantur
1451 3239 1464 3276 :
1499 3231 1554 3277 et
1580 3237 1679 3292 ego

68 3311 232 3382 hujus
256 3326 382 3366 sum
415 3311 614 3381 gentis.

138 3403 387 3458 Ministri
433 3403 627 3458 (.‘hristi
659 3413 813 3470 sunt,
865 3415 916 3459 et
958 3422 1072 3478 ego.
1114 3405 1418 3461 Notandum
1460 3406 1602 3477 quod
1635 3409 1680 3463 si

66 3496 187 3567 quis
219 3496 293 3552 de
320 3495 528 3552 Christi
573 3497 750 3552 solum
789 3498 1092 3553 ministerio
1119 3498 1418 3570 glorietur,
1451 3514 1558 3554 non
1587 3515 1678 3556 sa-

66 3587 283 3657 pienter
308 3587 424 3644 hoc
450 3588 596 3644 facit.

141 3679 209 3734 Ut
242 3681 430 3735 minus
456 3681 659 3752 sapiens
688 3682 805 3737 dico
824 3722 840 3750 ,
881 3683 998 3752 plus
1027 3699 1140 3754 ego.
1176 3681 1241 3738 In
1275 3684 1539 3739 laboribus
1564 3685 1680 3756 plu-

64 3774 212 3826 rimis
262 3789 280 3826 :
315 3774 374 3827 in
427 3774 722 3828 carceribus
761 3774 1109 3829 abundantius
1156 3792 1175 3830 :
1220 3778 1274 3830 in
1318 3777 1485 3848 plagis
1517 3795 1680 3847 supra

65 3866 282 3919 modum
324 3881 344 3921 :
384 3867 442 3919 in
480 3865 725 3920 mortibus
757 3867 1073 3937 frequenter.
1114 3867 1384 3923 AJudtzis
1408 3870 1680 3938 quinquies

65 3959 448 4030 quadragenas
479 3975 583 4012 una
614 3959 784 4012 minus
810 3961 1003 4030 accepi.
1037 3959 1137 4013 Ter
1167 3963 1322 4030 virgis
1345 3976 1506 4015 ctesus
1527 3976 1681 4015 sum:

65 4054 219 4108 semel
243 4053 520 4123 lapidatus
543 4067 678 4104 sum.
704 4050 952 4120 Quinque
975 4051 1186 4106 vicibus
1211 4051 1469 4119 tricenas,
1506 4061 1560 4106 et
1589 4067 1682 4106 n0-

64 4161 234 4202 venas
278 4143 450 4216 quasi
495 4152 867 4213 transgressor
896 4142 1033 4213 legis
1073 4144 1304 4212 accepit.
1342 4143 1466 4197 llaec
1498 4151 1678 4200 autem

66 4239 116 4292 in
170 4238 419 4294 Actibus
473 4233 862 4304 Apostolorum
911 4251 1020 4289 non
1065 4235 1245 4290 omnia
1292 4234 1678 4304 reperiuntur:

63 4330 188 4399 quia
235 4344 346 4385 nec
390 4328 449 4383 in
492 4325 756 4396 Epistolis
804 4327 983 4382 omnia
1028 4342 1148 4398 qua:
1191 4326 1264 4383 ibi
1306 4326 1507 4396 scripta
1553 4335 1682 4382 sunt

64 4421 461 4477 continentur.

1784 3217 2024 3286 expedit,
2055 3219 2146 3288 qui
2172 3219 2496 3274 necessitate
2519 3219 2841 3290 compellor.

1860 3307 2076 3363 Veniant
2123 3323 2290 3365 autent
2331 3312 2398 3364 ad
2423 3312 2639 3366 risiones
2670 3322 2716 3364 et
2761 3313 3094 3367 revelationes
3137 3311 3368 3368 Dontini.

1781 3402 1895 3460 Sibi
1926 3403 2290 3470 inﬁrmitates,
2322 3405 2554 3458 Domino
2580 3403 2818 3458 visiones
2846 3406 3088 3459 ascribit.
3193 3425 3264 3475 π

1855 3497 1976 3552 Scio
1999 3498 2256 3551 hominem
2277 3497 2329 3549 in
2353 3493 2579 3548 Christo.
2613 3495 2742 3550 Sive
2771 3497 3093 3551 humilitatis
3119 3513 3278 3553 causa
3300 3498 3370 3554 de

1781 3603 1841 3644 se
1871 3590 1923 3643 in
1954 3589 2176 3644 alterius
2200 3601 2428 3658 persona
2457 3587 2702 3656 loquitur
2735 3589 2883 3643 :sive
2907 3589 2974 3645 de
2993 3589 3101 3645 alio
3134 3609 3147 3644 :
3182 3606 3369 3647 verum

1783 3688 1964 3750 potest
1989 3690 2279 3748 utrumque
2307 3688 2583 3734 constare.

1858 3772 1987 3826 Ante
2013 3787 2178 3825 annos
2205 3771 2595 3842 quatuordecim
2625 3788 2643 3826 .'
2685 3774 2790 3828 sive
2816 3775 2867 3828 in
2891 3790 3125 3846 corpore,
3158 3777 3263 3830 sive
3286 3793 3373 3832 ex—

1785 3874 1865 3918 tra
1888 3879 2096 3934 corpus,
2127 3863 2321 3932 nescio,
2350 3861 2488 3918 Deus
2510 3865 2626 3932 scit,
2659 3875 2866 3935 raptum
2895 3865 3254 3938 hujuscemodi
3285 3885 3375 3922 us-

1783 3974 1883 4028 que
1910 3958 1976 4011 ad
2009 3958 2216 4012 tertium
2245 3958 2444 4012 ccelum.
2470 3957 2606 4024 Quia
2649 3959 2844 4014 iterum
2888 3962 3106 4030 repetit,
3137 3961 3373 4017 ostendit

1785 4050 1945 4104 aliam
1978 4051 2148 4104 luisse
2175 4051 2461 4106 visionem.
2501 4051 2634 4107 Vide
2676 4060 2878 4123 quanta
2922 4054 3218 4110 necessitas
3248 4053 3374 4121 fuit,

1784 4152 1842 4196 ut
1871 4143 2014 4213 quod
2047 4143 2202 4198 annis
2243 4143 2652 4214 quatuordecim
2683 4145 2980 4213 celaverat,
3011 4146 3244 4216 prodere
3275 4159 3371 4202 co-

1783 4242 2022 4303 geretur.

1858 4323 1923 4377 Et
1949 4325 2056 4378 scio
2084 4325 2443 4398 hujuscemodi
2469 4326 2752 4394 hominem,
2783 4329 2886 4382 sive
2923 4329 2978 4381 in
3006 4342 3236 4398 corpore,
3270 4327 3374 4384 sive

1785 4427 1928 4471 extra
1961 4433 2149 4487 corpus
2171 4460 2184 4485 ,
2215 4421 2387 4472 nescio
2417 4434 2434 4470 :
2465 4417 2605 4473 Deus
2632 4420 2726 4473 scit
2759 4435 2776 4471 :
2806 4419 3054 4489 quoniam
3093 4425 3272 4486 raptus
3299 4427 3382 4474 est

136 4513 236 4568 Ter
265 4511 616 4584 naufragium
648 4511 745 4582 feci
774 4519 963 4566 :nocte
993 4526 1054 4565 ac
1079 4511 1159 4565 die
1184 4511 1237 4564 in
1266 4511 1531 4582 profundo
1561 4527 1675 4565 ma-
1703 4518 1758 4580 ])
1783 4510 1836 4563 in
1866 4511 2182 4579 paradisum.
2216 4509 2469 4566 ltcrando
2497 4511 2788 4581 Apostolus
2821 4509 2962 4565 hunc
3003 4509 3163 4565 talem
3197 4510 3379 4565 homi-

63 4612 132 4663 ris
164 4611 268 4681 fui.
316 4609 378 4665 In
412 4608 609 4663 ultimo
653 4606 916 4677 periculo,
953 4621 1079 4661 cum
1111 4607 1293 4661 navim
1329 4607 1382 4661 in
1409 4606 1676 4676 profunda

63 4719 403 4782 tempestate
437 4708 766 4775 deductam,
805 4707 860 4762 in
893 4706 1058 4763 horas
1088 4705 1252 4762 ﬂuctu
1278 4705 1483 4776 operiri
1514 4714 1676 4777 puta-

64 4830 278 4871 remus.

139 4919 209 4973 In
250 4915 538 4973 itineribus
565 4928 749 4985 stepe:
797 4910 1043 4984 periculis
1082 4911 1389 4981 ﬂuminum,
1437 4909 1680 4981 periculis

66 5021 366 5087 latronum,
408 5017 659 5092 periculis
691 5031 755 5070 ex
798 5031 1003 5089 genere,
1044 5012 1287 5086 periculis
1323 5029 1384 5066 ex
1420 5011 1676 5082 gentibus,

63 5123 320 5195 periculis
354 5121 412 5174 in
436 5119 665 5185 civitate,
692 5117 936 5187 periculis
962 5117 1011 5168 in
1039 5115 1336 5182 solitudine,
1363 5111 1607 5184 periculis
1629 5113 1681 5164 in

63 5225 226 5290 mari,
265 5219 519 5290 periculis
542 5220 596 5272 in
623 5218 772 5288 falsis
803 5218 1076 5289 fratribus.
1105 5216 1206 5283 Qui
1229 5215 1518 5288 inplorare
1549 5212 1676 5269 sub-

67 5323 418 5380 introierunt
446 5326 690 5374 nostram
718 5318 1047 5375 libertatem.

142 5421 215 5477 In
249 5418 438 5474 labore
469 5424 520 5468 et
557 5432 808 5484 aerumna,
837 5419 891 5472 in
921 5419 1114 5490 vigiliis
1148 5418 1349 5485 multis,
1388 5418 1440 5471 in
1469 5418 1606 5487 fanie
1634 5424 1682 5470 et

67 5527 186 5592 siti,
213 5533 264 5578 et
292 5521 353 5574 in
373 5518 603 5587 jeittniis
627 5519 822 5573 multis.
850 5519 914 5573 In
934 5521 1124 5593 frigore
1142 5532 1190 5577 et
1209 5521 1462 5576 nuditate.
1489 5519 1684 5575 Fames

68 5619 446 5688 necessitatis
474 5629 591 5686 εει,
616 5619 874 5689 jejunium
902 5624 1215 5682 voluntatis.

147 5729 363 5784 Prteter
385 5719 487 5778 illa
508 5734 624 5792 qua:
648 5719 958 5782 extrinsecus
978 5736 1096 5782 sunt
1120 5727 1368 5786 instantia
1390 5741 1524 5795 mea,
1546 5741 1674 5798 qut.h

1787 4619 1934 4671 nem,
1966 4605 2202 4660 ostendit
2226 4605 2467 4660 secundo
2490 4618 2610 4660 esse
2637 4613 2851 4674 raptum
2877 4621 2890 4657 :
2923 4604 3092 4659 semel
3123 4617 3289 4674 usque
3305 4603 3374 4659 ad

1789 4699 2004 4754 tertium
2033 4698 2256 4766 coelum,
2285 4699 2373 4752 ubi
2399 4698 2531 4751 vidit
2557 4697 2794 4751 visiones
2820 4714 2834 4750 :
2857 4705 2911 4751 et
2940 4696 3108 4752 semei
3138 4697 3192 4751 in
3223 4713 3380 4768 para-

1787 4789 1991 4857 disum,
2026 4790 2116 4844 ubi
2147 4790 2386 4844 revelata
2410 4797 2536 4843 sunt
2563 4787 2613 4843 ei
2641 4787 2930 4842 ineﬂ‘abilia
2961 4788 3147 4844 verba.

1861 4885 1926 4939 Et
1954 4886 2147 4939 audivit
2173 4901 2363 4937 arcana
2390 4884 2560 4950 verba,
2585 4899 2701 4954 qua:
2723 4900 2823 4938 non
2853 4883 2970 4938 licet
2991 4883 3190 4938 homini
3209 4887 3372 4959 loqui.

1789 4977 1915 5034 Sive
1941 4994 2060 5048 qua:
2087 4977 2219 5030 nulli
2250 4975 2431 5030 dicere
2469 4977 2547 5030 las
2582 4986 2688 5043 est,
2722 4976 2854 5042 sive,
2895 4992 3016 5048 quae
3041 4976 3378 5047 impossibile

1787 5079 1872 5127 est
1903 5071 2189 5124 humanam
2213 5083 2467 5123 enarrare
2495 5077 2763 5122 naturam.
2789 5068 2900 5125 Hoc
2916 5077 3101 5124 contra
3118 5070 3374 5128 Arianos.

1859 5165 1968 5220 Pro
2009 5163 2366 5234 hujuscemodi
2411 5161 2674 5233 gloriabor
2708 5177 2846 5234 :pro
2892 5179 2972 5216 me
3012 5173 3181 5216 autem
3222 5165 3376 5219 nihil.

1785 5260 2030 5326 Visione,
2063 5257 2146 5312 vel
2189 5255 2406 5311 homine
2439 5274 2452 5309 :
2498 5271 2596 5327 pro
2627 5271 2713 5310 me
2751 5263 2932 5311 autem
2965 5271 3068 5312 non
3097 5255 3394 5328 gloriabor‘

1785 5353 1840 5410 in
1865 5369 1982 5410 mea
2009 5353 2214 5407 virtute
2241 5370 2252 5404 :
2284 5352 2406 5421 quia
2427 5367 2533 5406 non
2560 5361 2643 5406 cst
2665 5351 2927 5405 revelatio
2959 5366 3100 5414 mea,
3125 5351 3222 5404 sed
3257 5351 3376 5405 Dei.

1861 5446 1984 5500 Nisi
2011 5446 2063 5499 in
2085 5445 2470 5515 inﬁrmitatibus
2510 5445 2659 5500 meis.
2696 5442 2833 5497 Nam
2861 5454 2908 5498 et
2948 5444 2991 5496 si
3018 5444 3226 5497 uoluero
3255 5443 3378 5516 glo-

1785 5539 1932 5603 riari,
1981 5554 2085 5591 non
2116 5553 2204 5590 ero
2247 5537 2536 5606 insipiens:
2565 5537 2828 5590 veritatem
2862 5536 2997 5590 enim
3038 5534 3228 5588 dicam.
3280 5535 3378 5594 llic

1787 5631 2002 5686 videtur
2049 5629 2367 5697 ostendere,
2401 5643 2523 5684 cum
2557 5628 2625 5683 de
2676 5629 2781 5684 alio
2827 5628 3012 5695 dicat,
3053 5627 3264 5688 etiamsi
3294 5629 3377 5689 di-

1789 5728 1898 5792 cat,
1927 5735 2146 5780 causam
2175 5721 2441 5794 gloriandi
2465 5719 2666 5781 habere
2693 5724 2861 5784 nolle.
