4004 6298
637 254 743 312 ευδ

1653 249 1714 307 S.
1751 245 2144 304 .HIERONYMI
2183 244 2466 306 OPERUH
2509 243 2873 303 MANTISSA.
2980 258 2985 262 '
3475 240 3478 242 ’
3864 242 3933 302 ιι

706 370 873 425 I’arco
902 373 1103 436 autem,
1141 382 1209 422 ne
1243 364 1360 438 quis
1391 373 1476 419 ine
1516 365 1774 420 existimet
1815 370 1975 436 supra
2003 362 2057 416 id
2085 363 2302 434 quod'A
2331 378 2416 416 vos
2437 362 2680 434 diligens,
2708 361 2882 416 minus
2906 359 3123 433 diligor.
3143 357 3298 428 Quod
3315 358 3509 416 habeo
3537 356 3747 415 labore
3768 359 3929 419 nimis,

626 463 762 519 videt
792 465 845 516 in
873 479 974 528 me,
1013 467 1104 514 aut
1135 461 1284 513 audit
1313 459 1514 529 aliquid
1549 475 1616 514 es:
1648 474 1748 513 me.
1783 456 2072 514 Sufﬁciunt
2111 471 2226 511 ma-

627 557 842 622 nifesta,
882 553 1091 610 etiamsi
1123 553 1371 608 celentur
1396 554 1644 608 occulta.

701 649 766 701 lt‘t
790 662 854 701 ne
877 645 1176 717 magnitudo
1195 645 1565 699 revelationuns
1594 645 1810 700 extollat
1845 661 1947 711 me,
1973 645 2124 699 datus
2151 651 2227 698 est

626 738 748 792 mihi
773 737 1015 791 stimulus
1037 736 1212 792 carnis
1231 752 1377 800 meae,
1397 739 1616 808 angelus
1638 736 1870 793 Satanas.
1895 737 2106 804 Quanta
2129 751 2229 806 pu-

559 829 564 836 ’
629 832 757 886 tatis
781 845 924 896 esse,
955 847 1076 901 qua:
1105 831 1245 893 celo,
1277 838 1340 884 ut
1376 829 1573 884 merito
1605 830 1757 895 milii,
1799 839 1946 886 esset
1973 829 2228 885 stimulus

633 923 999 985 necessarius,
1031 921 1122 990 qui
1154 936 1241 976 me
1269 921 1544 976 hominem
1569 935 1696 977 esse
1729 936 1949 992 semper
1975 920 2105 976 mibi
2132 920 2230 976 de-

631 1022 980 1070 monstraret.
1005 1013 1297 1070 Stimulum
1325 1013 1504 1068 carnis
1524 1055 1538 1079 ,
1569 1015 1816 1086 angelum
1847 1014 2082 1078 Satante,
2110 1022 2226 1068 ten-

630 1109 862 1164 lationes
891 1108 1356 1179 persecutionum,
1389 1109 1682 1180 Apostolus
1711 1127 1769 1164 se
1799 1109 2127 1167 sustinuisse
2150 1109 2225 1163 si-

633 1203 876 1272 gnilicat.

701 1293 807 1361 Qui
851 1309 932 1347 me
969 1293 1274 1363 colaphiset.
1323 1295 1429 1347 Aut
1472 1293 1856 1348 tribulationes
1891 1290 2225 1358 suscitando,

631 1396 725 1441 aut
755 1387 998 1441 dolores.
1026 1386 1252 1454 Quidam
1271 1384 1415 1440 enim
1440 1385 1623 1441 dicunt
1642 1401 1767 1442 eum
1793 1384 2106 1455 frequenter
2131 1384 2228 1439 do-

631 1477 746 1531 lore
773 1477 968 1545 capitis
1001 1477 1305 1531 laborasse.

701 1566 923 1638 Propter
954 1569 1091 1636 quod
1121 1577 1196 1621 ter
1223 1567 1505 1622 Dominum
1546 1567 1751 1638 rogavi,
1787 1578 1843 1621 ut
1870 1566 2157 1622 discederet
2193 1582 2227 1620 α

630 1676 729 1716 me.
765 1659 831 1713 Et
852 1660 982 1714 diuit
1010 1660 1137 1714 mihi
1159 1676 1178 1716 :
1209 1660 1420 1731 Sufﬁcit
1441 1660 1532 1714 tibi
1561 1662 1730 1732 gratia
1751 1676 1894 1715 mea:
1921 1676 2044 1715 nam
2067 1660 2249 1714 virtus

2335 452 2590 524 impendo
2618 493 2634 516 ,
2665 459 2720 508 et
2751 451 3033 522 plusquam
3079 465 3296 521 possum
3322 450 3682 520 impendam.
3711 449 3930 509 Perlcou

2338 546 2481 601 enim
2511 543 2736 599 dilectio
2765 559 2872 598 non
2902 543 3081 600 solum
3119 551 3321 606 totum,
3353 543 3512 612 quod
3544 542 3754 607 habet,
3795 549 3929 613 gratis

2329 635 2617 706 impendit,
2652 636 2747 692 sed
2770 637 2933 691 etiam
2967 638 3083 705 ipsa
3103 635 3343 690 libenter
3363 635 3929 706 θυμω-ἰηιμωίωεὶ

2330 747 2556 788 necesse
2579 741 2687 789 εει.

2403 826 2510 883 Sed
2535 835 2660 882 esto.
2698 826 2806 898 Ego
2831 842 2918 880 vos
2948 842 3050 880 non
3078 825 3311 898 grnvaoi,
3334 825 3428 879 sed
3455 839 3587 878 cum
3608 840 3786 880 essent
3816 841 3926 884 ests-

2328 926 2436 986 tus,
2461 918 2582 972 dolo
2613 934 2700 972 vos
2733 917 2867 990 cepi.
2904 915 3176 986 Numquid
3211 933 3304 988 per
3337 914 3574 986 aliquem
3605 933 3801 972 eorum
3827 939 3920 991 quos

2329 1009 2449 1063 misi
2485 1007 2556 1062 ad
2584 1021 2694 1074 vos,
2735 1009 3046 1062 circumveni
3080 1008 3212 1062 vos?
3251 1007 3355 1064 Per
3395 1007 3595 1062 omnia
3639 1023 3709 1064 se
3743 1023 3924 1083 μηνί.

2329 1101 2568 1169 ipsorum
2600 1115 2820 1172 semper
2845 1099 3237 1156 conscientiam
3269 1106 3472 1155 testem
3507 1099 3799 1159 invocem
3829 1111 3924 1158 :si.

2329 1193 2444 1248 mul
2483 1204 2540 1249 et
2565 1193 2842 1264 quomodo
2880 1206 2940 1248 se
2969 1192 3038 1247 ab
3079 1191 3185 1246 illis
3217 1191 3438 1262 possint
3462 1203 3677 1248 cavere
3720 1193 3925 1251 denun-

2329 1296 2533 1342 stratis.

2402 1377 2603 1448 Rogaui
2630 1376 2828 1440 Titum,
2853 1386 2903 1432 et
2927 1377 3045 1432 ntisi
3079 1393 3200 1432 cum
3237 1377 3334 1432 illa
3374 1378 3614 1448 fratrem.
3665 1380 3930 1452 Numquid

2331 1468 2477 1524 Titus
2498 1485 2587 1524 vos
2615 1469 2982 1524 circumvenit?
3006 1469 3280 1541 Numquid
3305 1471 3509 1541 aliquid
3537 1473 3712 1530 vobis
3759 1475 3932 1528 absta-

2329 1562 2391 1617 lit
2417 1561 2482 1615 ad
2515 1577 2605 1618 me
2633 1560 3057 1630 perferendum!

2404 1654 2594 1709 Nonne
2620 1655 2804 1710 eodem
2829 1657 3016 1725 spiritu
3059 1655 3471 1712 ambulavimus?
3503 1657 3695 1714 Nonne
3739 1662 3938 1715 εἰσάξει

627 1755 683 1809 in
710 1754 1013 1824 inﬁrmitate
1050 1754 1337 1823 perﬁcitur.
1383 1754 1484 1809 llic
1525 1755 1877 1826 intelligimus
1911 1756 2075 1811 etiam
2106 1770 2233 1809 san-
2262 1739 2308 1800 Β
2335 1750 2594 1819 vestigiis?
2624 1749 2812 1804 Nonne
2831 1753 2944 1804 uno
2969 1748 3167 1818 spiritu
3197 1751 3382 1805 omnia
3413 1751 3700 1821 gerimus?

629 1855 747 1900 etos
778 1845 1090 1915 ignoranter
1132 1860 1537 1914 nonnumquam
1579 1847 1761 1917 aliqua
1799 1845 2227 1915 initnpetrabilia

633 1938 937 2009 postulasse
970 1955 984 1994 :
1021 1938 1183 1991 simul
1212 1937 1381 1991 etiam
1419 1937 1707 2007 discimus,
1741 1938 1888 2010 quod
1925 1938 2229 2007 importuna

632 2031 845 2102 petitio,
895 2031 981 2086 vel
1029 2045 1355 2101 responsum
1395 2041 1704 2098 mereatur,
1749 2034 1798 2088 si
1841 2049 1949 2088 non
1990 2039 2232 2088 meretur

631 2123 908 2178 elfectum.

712 2215 951 2270 Libenter
978 2216 1137 2286 igitur
1173 2214 1440 2288 gloriabor
1465 2216 1521 2272 in
1560 2216 1948 2286 inﬁrmitatibus
1979 2217 2102 2271 meis
2129 2231 2148 2270 :
2173 2222 2233 2271 ut

632 2305 882 2362 inhabitet
907 2307 963 2361 in
986 2323 1063 2361 me
1082 2308 1242 2362 virtus
1274 2306 1490 2362 Christi.
1525 2308 1819 2380 Postquam
1847 2309 2075 2378 cognovi
2105 2323 2233 2378 pro-

638 2401 820 2465 desse,
837 2400 981 2470 quod
1007 2415 1208 2456 nocere
1235 2400 1512 2468 putabam.

708 2489 936 2563 PrOpter
964 2492 1102 2561 quod
1131 2491 1309 2561 placeo
1338 2491 1467 2545 mihi
1509 2493 1562 2546 in
1593 2491 1980 2562 inﬁrmitatibus
2007 2493 2152 2560 meis,
2175 2493 2232 2547 in

633 2585 979 2640 contumeliis.
1009 2584 1126 2640 Non
1155 2585 1210 2641 in
1235 2586 1559 2643 honoribus.

710 2675 781 2732 In
811 2677 1219 2733 necessitatibus.
1254 2678 1369 2734 Non
1405 2679 1458 2734 in
1491 2680 1627 2745 otio,
1658 2693 1765 2734 non
1792 2681 1845 2734 in
1874 2677 2102 2733 divitiis.

645 2793 648 2795 ν
711 2765 779 2822 In
825 2770 1283 2836 persecutionibus,
1325 2771 1380 2825 in
1411 2773 1669 2842 angustiis
1706 2788 1802 2842 pro
1849 2770 2075 2826 Christo.
2116 2770 2232 2826 Non

645 2873 743 2927 pro
772 2861 1005 2914 crimine
1038 2878 1048 2911 :
1093 2861 1238 2916 unde
1279 2861 1530 2918 Salvator
1563 2863 1773 2928 docuit,
1812 2873 1872 2918 ut
1913 2863 2028 2917 sola
2070 2877 2232 2918 causa

631 2951 857 3022 justitiae
888 2951 1177 3020 patiamur,
1213 2954 1376 3009 Potro
1406 2956 1661 3012 similiter
1692 2957 1744 3012 id
1769 2967 2085 3014 attestante.

713 3041 842 3096 Cum
866 3042 1003 3096 enim
1043 3042 1302 3108 inﬁrmor,
1334 3055 1454 3099 tunc
1494 3057 1673 3116 potens
1706 3064 1840 3102 sum.
1880 3047 2105 3103 Maxima
2137 3061 2234 3118 po-

644 3134 808 3191 tentia
838 3142 924 3190 est
962 3125 1222 3188 inﬁrmari
1265 3149 1364 3202 pro
1396 3133 1638 3202 Christo,
1675 3144 1733 3191 et
1761 3153 1971 3208 magnae
2002 3139 2228 3207 divitizc,

643 3228 906 3298 indigere.

712 3320 910 3378 Factus
933 3335 1051 3375 sum
1080 3319 1347 3392 insipiens.
1391 3318 1744 3389 lnsipientem
1771 3335 1894 3376 esse
1937 3321 2089 3389 dicit,
2135 3322 2235 3378 ali-

641 3431 802 3488 quem
832 3430 892 3470 se
923 3415 977 3470 in
1007 3413 1290 3468 laboribus
1317 3413 1547 3480 jactare,
1575 3413 1657 3468 vel
1687 3413 1996 3468 virtutibus.

721 3507 825 3562 Vos
851 3523 931 3561 me
955 3507 1216 3577 csegistis.
1249 3505 1359 3580 Ego
1383 3506 1518 3561 enim
1552 3523 1585 3560 a
1617 3506 1758 3560 vobis
1797 3505 1949 3561 debui
1975 3521 2233 3561 commen-

643 3599 780 3653 dari.
821 3596 968 3650 Nihil
991 3599 1123 3651 enim
1146 3597 1314 3650 minus
1336 3597 1434 3664 feci
1456 3599 1520 3651 ab
1546 3598 1648 3662 Itis,
1676 3596 1766 3667 qui
1787 3606 1906 3652 sunt
1936 3613 2097 3665 supra
2122 3614 2232 3650 mo-

643 3693 768 3740 dum
796 3689 1049 3757 Apostoli.
1073 3689 1177 3742 Sed
1199 3690 1302 3744 hoc
1330 3704 1425 3743 vos
1452 3691 1734 3760 coegistis,
1755 3690 1846 3760 qui
1870 3705 1992 3744 cum
2021 3689 2143 3744 aliis
2164 3689 2233 3745 de

644 3791 732 3832 me
760 3779 1073 3832 satisfacere
1105 3780 1400 3846 deberetis,
1430 3781 1573 3848 quod
1603 3781 1740 3836 nihil
1770 3783 1951 3838 minus
1978 3780 2170 3837 fuerim
2202 3799 2230 3836 a

642 3866 853 3936 magnis
875 3869 1151 3931 Apostolis
1185 3887 1197 3922 :
1231 3871 1428 3925 iterum
1466 3886 1604 3942 opus
1641 3873 1877 3940 habetis,
1919 3883 1980 3928 ut
2014 3888 2112 3930 vos
2138 3874 2235 3930 dc-

642 3975 750 4016 nuo
782 3959 1248 4016 commendemus.

709 4053 935 4109 Tametsi
978 4054 1109 4108 nihil
1152 4071 1266 4108 sum
1298 4071 1317 4110 :
1364 4056 1513 4128 signa
1555 4067 1724 4112 tamen
1769 4060 2094 4131 apostolatus
2133 4061 2232 4116 mei

643 4150 785 4220 facta
811 4157 934 4202 sunt
977 4164 1137 4216 super
1163 4164 1250 4203 vos
1278 4151 1334 4204 in
1365 4152 1506 4204 omni
1550 4153 1829 4220 patientia,
1875 4157 1932 4209 in
1969 4157 2152 4226 signis,
2179 4166 2226 4212 et

639 4239 914 4309 prodigiis,
941 4247 988 4292 et
1009 4239 1298 4293 virtutibus.
1318 4240 1432 4311 Ego
1447 4242 1664 4308 quidem
1680 4243 1813 4296 nihil
1832 4261 1948 4298 sum
1967 4246 2226 4302 utbomo:

638 4332 736 4387 sed
766 4331 1104 4402 apostolatus
1130 4346 1230 4386 sua
1261 4332 1312 4386 in
1341 4333 1495 4388 vobis
1524 4333 1677 4403 signa
1717 4338 2040 4390 monstravit
2074 4356 2087 4392 :
2127 4339 2229 4396 ltoc

635 4431 742 4489 est,
767 4423 1084 4492 patientiam
1111 4421 1166 4477 in
1189 4421 1460 4490 moribus,
1491 4432 1546 4479 et
1575 4423 1816 4494 prodigia
1845 4425 1897 4479 in
1923 4426 2115 4497 signis.

707 4514 848 4583 Quid
885 4524 962 4571 est
1000 4516 1170 4579 enim,
1205 4517 1344 4586 quod
1381 4516 1556 4570 minus
1591 4515 1847 4572 habuistis
1886 4535 1997 4589 pra:
2023 4523 2226 4578 cwteris

633 4606 904 4674 Ecclesiis,
930 4608 1032 4662 nisi
1055 4609 1195 4680 quod
1230 4623 1326 4679 ego
1357 4609 1466 4679 ipse
1507 4623 1613 4662 non
1638 4611 1850 4678 gravavi
1871 4615 1999 4666 vos?
2018 4609 2226 4669 Donate

629 4701 758 4756 mihi
779 4700 917 4754 hanc
947 4701 1218 4774 injuriam.
1248 4701 1457 4770 Quibus
1485 4699 1577 4755 alii
1613 4703 1859 4772 Apostoli
1891 4705 2224 4774 prmdicave—

628 4803 772 4850 runt.
815 4795 893 4850 De
945 4794 1257 4865 integritate
1280 4795 1525 4866 Apostoli
1572 4807 1628 4852 et
1665 4797 1956 4852 severitate
1986 4809 2221 4868 acceptae

624 4886 909 4956 potestatis
952 4901 980 4939 a
1014 4887 1266 4954 Domino,
1294 4889 1348 4942 in
1386 4901 1481 4942 cos
1518 4887 1609 4960 qui
1646 4887 2024 4959 penitentiam
2055 4904 2220 4960 nega-

623 4985 776 5044 runt,
805 4978 936 5049 agit.

695 5067 832 5122 Ecce
867 5071 1020 5126 tertio
1061 5071 1159 5126 hoc
1190 5081 1402 5142 paratus
1434 5089 1550 5127 sum
1579 5075 1754 5129 venire
1780 5075 1848 5130 ad
1881 5092 1970 5130 vos
1994 5091 2014 5131 .'
2039 5083 2086 5130 et
2116 5092 2220 5132 non

619 5177 709 5216 ero
731 5163 903 5234 gravis
926 5165 1086 5220 vobis.
1117 5163 1242 5220 Non
1267 5167 1406 5221 enim
1433 5183 1610 5239 quwro
1634 5185 1747 5238 qtue
1766 5180 1935 5225 vestra
1961 5179 2102 5238 sunt,
2129 5172 2222 5226 sed

619 5269 724 5309 vos.
761 5253 1000 5310 Salutem
1025 5265 1264 5311 vestram
1292 5257 1569 5325 desidero,
1598 5274 1707 5314 non
1739 5275 1988 5316 munera.

692 5347 806 5405 Nec
827 5350 965 5402 enim
1009 5349 1191 5406 debent
1231 5351 1332 5417 ﬁlii
1373 5352 1669 5421 parentibus
1705 5353 2076 5421 thesaurisare,
2123 5356 2214 5410 sed

619 5449 856 5509 parentes
881 5441 1026 5512 ﬁliis.
1063 5441 1176 5512 Ego
1197 5443 1369 5514 magis
1395 5444 1442 5500 si
1463 5445 1751 5514 haberem,
1775 5447 1933 5504 vobis
1953 5447 2088 5504 dare
2114 5448 2212 5506 de-

616 5532 826 5604 berem.

689 5626 802 5698 Ego
823 5637 996 5684 autem
1021 5627 1352 5686 libentissime
1367 5632 1684 5702 impendam,
1705 5642 1754 5688 et
1783 5635 2214 5707 superimpendar

615 5729 711 5784 ego
739 5717 848 5785 ipse
886 5734 980 5790 pro
1006 5719 1279 5777 animabus
1307 5724 1484 5780 vestris
1523 5723 1878 5782 abundantius
1906 5741 1927 5783 :
1949 5726 2067 5782 licet
2093 5728 2215 5799 plus

2410 1841 2550 1894 Olim
2589 1841 2806 1911 putatis,
2836 1840 2978 1911 quod
3013 1857 3318 1896 excusemus
3359 1857 3456 1897 nos
3492 1842 3640 1914 apud
3684 1859 3807 1898 vos.
3841 1844 3935 1899 Nos

2335 1933 2479 1988 sicut
2506 1935 2760 2002 superius
2789 1933 2925 1998 dixi,
2973 1934 3256 2002 placemus
3293 1934 3496 1991 nobis:
3537 1935 3642 1990 sed
3680 1950 3762 1991 ne
3799 1937 3933 1992 nobis

2346 2041 2466 2079 cum
2495 2025 2808 2080 venerimus
2833 2039 3056 2081 necesse
3083 2027 3156 2082 sit
3178 2027 3359 2082 acrius
3383 2027 3699 2083 vindicare.

2405 2117 2598 2174 Coram
2623 2118 2730 2173 Dea
2752 2119 2809 2173 in
2831 2117 3036 2174 Christo
3057 2117 3341 2190 loquimur.
3369 2119 3566 2174 Omnia
3595 2130 3810 2184 autem,
3833 2121 3932 2174 che-

2338 2213 2552 2278 rissimi,
2597 2221 2806 2283 prapter
2843 2213 3242 2281 aediﬁcationem
3269 2221 3505 2266 vestram.
3538 2213 3727 2282 Quem
3763 2215 3934 2270 fallere

2337 2304 2676 2373 impossibile
2695 2313 2802 2360 est.

2408 2396 2588 2452 Timeo
2615 2397 2755 2451 enim
2780 2413 2844 2451 ne
2881 2398 3012 2465 forte
3041 2405 3158 2452 cuin
3203 2411 3408 2464 venero,
3447 2413 3552 2452 nou
3599 2397 3802 2470 quales
3839 2400 3933 2452 sols

2336 2488 2592 2544 inveniam
2614 2505 2701 2542 vos
2727 2505 2745 2543 :
2773 2498 2819 2542 et
2844 2505 2936 2559 ego
2960 2489 3193 2543 inveniar
3215 2505 3248 2542 a
3282 2489 3423 2543 vobis
3453 2489 3670 2562 qualem
3697 2507 3808 2546 non
3835 2491 3929 2544 sul-

2338 2587 2422 2638 tis.
2456 2582 2650 2637 Timeo
2679 2583 2725 2637 si
2759 2597 2857 2636 vos
2887 2591 2993 2637 non”
3027 2582 3290 2638 invenero
3328 2581 3533 2653 justas,
3567 2593 3628 2639 et
3655 2599 3770 2652 ego
3797 2585 3925 2640 vobis

2337 2687 2562 2730 severus
2592 2673 2858 2729 inveniar.
2893 2671 3290 2729 Blandimentis
3311 2674 3490 2730 minas
3514 2674 3731 2746 jungit.

2411 2767 2498 2822 Ne
2543 2768 2673 2837 forte
2712 2768 3090 2833 contentiones,
3117 2768 3513 2834 cmulstiones,
3554 2771 3925 2833 animositates,

2337 2862 2706 2925 dissensiones,
2737 2862 3103 2926 detractiones.
3153 2863 3568 2929 susurrationes,
3617 2865 3925 2932 inﬂationes,

2263 3019 2270 3030 _
2337 2953 2615 3006 seditiones
2639 2953 2744 3005 sint
2772 2951 2909 3004 inter
2928 2968 3038 3006 vos.
3074 2950 3158 3006 Ne
3188 2954 3372 3007 iterum
3403 2969 3522 3007 cum
3549 2969 3748 3008 uestem
3780 2956 3926 3008 κτείς

2335 3045 2424 3100 liet
2446 3062 2526 3100 me
2548 3044 2687 3099 Deus
2717 3044 2862 3114 apud
2891 3061 3001 3100 vos.
3035 3046 3266 3114 Propter
3291 3045 3405 3100 haec
3435 3061 3503 3102 se
3540 3046 3770 3102 dicebat
3797 3063 3926 3102 sese-

2339 3140 2550 3195 rissitne
2579 3137 2877 3194 vindicare.
2901 3138 3040 3206 Quid
3075 3138 3281 3196 laceret
3301 3142 3345 3196 si
3369 3142 3578 3196 nostris
3601 3143 3923 3212 temporibus

2335 3229 2700 3295 adinveniret,
2729 3229 2928 3301 quibus
2959 3230 3024 3285 ad
3057 3231 3528 3300 comparationem
3572 3233 3815 3290 aliorum
3842 3236 3928 3289 cr;-

2336 3324 2561 3389 minum,
2592 3323 2693 3377 ista
2723 3339 2790 3378 ne
2818 3334 3077 3394 putantur
3098 3325 3312 3396 quidem
3341 3341 3469 3382 esse
3498 3329 3770 3396 peccata?

2405 3414 2475 3468 Et
2513 3417 2720 3486 lugeant
2747 3416 2940 3472 multos
2961 3435 3026 3475 ex
3058 3418 3160 3486 Itis,
3195 3423 3284 3490 qui
3332 3429 3453 3472 ante
3497 3432 3864 3492 peccaverunt,
3890 3433 3924 3475 et

2334 3525 2438 3563 non
2460 3520 2672 3580 egerunt
2701 3512 3070 3577 pmnitentiatn.
3115 3512 3228 3568 Hoc
3265 3523 3350 3568 est
3381 3523 3575 3569 contra
3609 3514 3926 3571 Horatianos

2335 3603 2666 3674 pinnitentiae
2698 3614 3029 3674 negatores:
3085 3606 3132 3661 si
3172 3607 3316 3662 enim
3363 3607 3511 3678 luget
3561 3611 3924 3679 pauitantia

2335 3711 2440 3752 non
2471 3707 2717 3765 agentes,
2745 3696 2930 3764 utique
2958 3697 3029 3753 de
3061 3699 3349 3770 agetuibus
3379 3700 3605 3771 gaudet.

2407 3786 2580 3856 Super
2605 3787 2935 3842 intnttmditia
2975 3798 3023 3844 et
3070 3792 3450 3860 fornicatione,
3491 3800 3540 3844 et
3580 3793 3922 3864 impudicitia,

2332 3895 2481 3957 quam
2503 3890 2786 3950 gesserunt.
2817 3879 3155 3950 impudicitia
3174 3883 3397 3953 gravior
3421 3893 3506 3939 est
3531 3882 3920 3949 fornicatione,

2333 3972 2484 4042 quasi
2510 3981 2856 4028 titonstruosa
2879 3974 3159 4044 turpitudo
3182 3993 3195 4027 :
3217 3975 3477 4031 sicutille
3493 3975 3639 4041 fecit,
3667 3979 3769 4044 qui
3797 3993 3922 4033 uxo-
3974 3972 3975 4044 ἒ

2335 4080 2449 4122 rem
2482 4065 2652 4136 patris
2677 4069 2911 4136 accepit.

2948 4157 3174 4215 CAPUT
3218 4156 3359 4213 XIII.

2407 4248 2540 4305 Ecce
2575 4252 2726 4323 tertio
2756 4250 2855 4304 hoc
2890 4250 3038 4305 venio
3076 4250 3146 4304 ad
3193 4266 3281 4304 vos
3303 4265 3324 4303 :
3350 4250 3406 4303 in
3448 4265 3540 4304 ore
3573 4250 3825 4317 duorum,
3855 4252 3922 4304 vel

2331 4341 2485 4395 trium
2521 4345 2727 4396 testium
2756 4341 2911 4395 stabit
2932 4357 3084 4396 omne
3108 4342 3344 4396 verbum.
3381 4340 3701 4396 Secundum
3733 4343 3918 4412 legent,

2331 4442 2517 4486 contra
2546 4429 2892 4486 Manichtcos.

2405 4524 2640 4580 Praedixi
2661 4525 2800 4580 enim
2824 4535 2872 4580 et
2891 4526 3140 4596 praedico,
3169 4534 3225 4580 ut
3249 4541 3484 4598 presens
3513 4525 3684 4594 vobis,
3719 4533 3772 4581 et
3795 4541 3920 4579 nunc

2329 4616 2518 4672 absens
2548 4618 2649 4684 bis,
2673 4618 2762 4688 qui
2785 4628 2906 4673 ante
2943 4626 3302 4689 peccaverunt,
3334 4631 3382 4674 et
3411 4620 3617 4675 ceteris
3651 4621 3922 4675 omnibus:

2327 4710 2573 4781 quoniam
2593 4710 2639 4763 si
2656 4726 2858 4775 venero,
2895 4711 3084 4765 iterum
3114 4725 3217 4766 non
3249 4726 3486 4780 parcant.
3517 4710 3624 4778 Qui
3670 4721 3803 4782 post
3830 4711 3918 4766 do-

2327 4813 2582 4859 cumenta
2630 4802 2874 4874 priorum
2917 4806 3289 4875 peccaverint,
3330 4819 3435 4859 non
3476 4805 3614 4874 ipsis
3659 4819 3917 4874 parcam:

2327 4895 2453 4965 quia
2500 4894 2934 4951 antecedentium
2976 4895 3130 4951 ruina
3175 4905 3467 4966 sequentes
3523 4893 3692 4952 debet
3750 4896 3920 4952 facere

2323 4986 2610 5043 cautiores.

2394 5081 2477 5135 An
2503 5079 2908 5152 experimentum
2937 5079 3172 5151 quatrilis
3200 5079 3335 5150 ejus,
3365 5077 3452 5149 qui
3489 5077 3540 5132 in
3567 5092 3648 5130 me
3685 5076 3919 5150 loquitur

2324 5172 2597 5229 Christus?
2624 5172 2706 5228 An
2737 5173 2791 5227 in
2820 5189 2906 5229 me
2926 5171 3201 5228 Christum
3232 5172 3455 5228 tentatis
3483 5189 3496 5225 :
3521 5182 3709 5226 utrum
3733 5171 3795 5228 in
3829 5190 3916 5228 vo-

2325 5264 2408 5318 bis
2439 5265 2619 5319 valeat
2648 5257 2963 5319 vindicare?

2397 5355 2500 5422 Qui
2530 5357 2582 5411 in
2605 5358 2746 5412 vobis
2783 5373 2890 5412 non
2925 5357 3245 5428 inﬁrmatur.
3271 5357 3445 5426 Quem
3470 5367 3587 5414 non
3620 5357 3920 5426 inﬁrmum,

2319 5449 2413 5506 sed
2449 5458 2722 5520 potentem
2749 5465 2873 5507 esse
2902 5468 3002 5508 nec
3028 5453 3131 5523 ipsi
3159 5452 3404 5508 nescitis.

2393 5543 2500 5599 Sed
2539 5552 2725 5614 potens
2767 5554 2842 5599 est
2882 5546 2941 5600 in
2987 5547 3147 5602 vobis.
3187 5548 3407 5614 Quanto
3444 5548 3630 5618 magis
3675 5549 3736 5606 in
3777 5550 3926 5607 vobis

2318 5637 2659 5705 carptoribus
2687 5641 2797 5694 sui.

2393 5726 2531 5783 Nam
2558 5740 2608 5784 et
2632 5730 2679 5786 si
2703 5731 2988 5802 cruciﬁxus
3009 5742 3088 5790 est
3115 5749 3181 5790 eo:
3200 5732 3510 5803 inﬁrmitate
3534 5751 3555 5789 :
3587 5738 3691 5796 sed
3717 5741 3846 5799 sisit
3871 5756 3931 5797 ex
