4008 6188
138 262 241 323 805

847 258 1386 319 COMMENTARIUS
1425 259 1491 317 1N
1534 257 1739 317 EPISTt

1874 258 1918 314 il
1958 260 2047 317 AD
2087 259 2434 319 (HLATAS.
2472 257 2628 316 CAP.
2658 258 2702 315 1.

3316 254 3422 314 8C6

139 380 325 433 virtute
350 374 466 431 Dei.
494 372 649 445 Quod
686 374 979 432 crucifixus
1010 383 1112 444 est,
1147 383 1349 429 nostra:
1381 383 1463 429 est
1494 372 1723 427 inﬁrmi-
1750 374 1799 433 Α
1830 380 2006 427 nostra
2063 373 2236 427 virtus
2292 379 2549 443 appareat
2580 410 2597 437 ,
2659 369 2797 424 sicut
2866 368 3007 425 Petri
3065 366 3311 440 apptruit
3368 371 3422 424 in

135 469 301 526 tatis:
332 469 472 539 quod
505 469 662 537 vivit,
694 484 807 523 sua:
839 468 1080 523 virtutis.

210 565 351 618 Nam
380 574 430 617 et
470 580 562 617 nos
587 562 786 633 inﬁrmi
811 577 988 616 sumus
1013 563 1066 615 in
1095 562 1207 623 illo.
1242 561 1331 614 sed
1359 561 1584 614 vivemus
1613 576 1729 614 eum

136 671 195 711 eo
229 669 291 707 ear.
324 652 509 706 virtute
545 650 641 706 Dei
669 652 723 705 in
751 652 923 704 vobis.
956 650 1105 717 Sive,
1139 650 1228 717 qtti
1266 664 1367 703 nos
1397 651 1548 719 quasi
1580 634 1731 703 infir-

137 759 257 799 mos
299 745 639 813 provocatis,
668 740 961 797 invenietis
993 756 1094 796 nos
1126 742 1308 797 vivere
1350 754 1474 797 cum
1505 740 1728 797 Christo

139 837 191 891 in
242 835 446 889 virtute
486 832 605 903 Dei,
645 848 766 888 cum
819 834 871 887 itt
914 848 1012 887 vos
1060 833 1339 888 vindicare
1378 836 1727 901 emperimus.

136 927 258 982 Sive
288 941 387 980 nos
413 924 467 980 in
501 924 763 995 praesenti
796 923 1013 994 quidem
1044 923 1401 990 iutirmamur,
1437 923 1533 979 sed
1566 926 1617 979 in
1647 922 1731 978 fu-

138 1028 256 1073 turo
303 1032 426 1074 cum
474 1017 594 1085 illo,
635 1032 743 1073 non
794 1016 847 1073 in
880 1026 1090 1085 nostra,
1130 1017 1229 1073 sed
1271 1016 1368 1073 Dei
1399 1016 1598 1071 virtute
1647 1014 1729 1071 vi-

138 1125 351 1166 νθιῐιιιε.

213 1201 573 1272 Vosmetipsos
606 1210 825 1265 tentate,
854 1203 898 1253 si
931 1201 1051 1255 estis
1078 1201 1134 1254 in
1166 1200 1310 1269 ﬁde:
1347 1198 1449 1271 ipsi
1478 1212 1565 1251 vos
1605 1213 1727 1266 pro-

145 1298 278 1351 bate.
318 1294 374 1351 Si
409 1294 463 1349 in
508 1290 614 1349 ﬁde
641 1292 798 1357 estis,
841 1300 896 1347 et
938 1293 991 1346 in
1036 1291 1192 1346 nobis
1234 1306 1331 1345 vos
1374 1289 1725 1359 cognoscite:

141 1387 263 1442 date
288 1383 614 1439 sententiam
645 1385 695 1436 in
726 1394 1008 1451 peccante,
1035 1389 1089 1435 et
1110 1380 1291 1436 videte
1312 1381 1356 1435 si
1381 1396 1487 1435 non
1520 1379 1725 1447 statim,

140 1492 259 1535 cum
290 1484 475 1530 vestro
507 1475 675 1529 verbo
703 1472 941 1527 vindicta
980 1474 1260 1541 procedat.

216 1571 398 1624 Annon
429 1566 734 1638 cognoscitis
764 1565 1120 1636 vosmetipsos,
1145 1565 1270 1630 quia
1299 1564 1536 1619 Christus
1574 1563 1730 1618 Jesus

138 1665 189 1718 in
228 1662 367 1716 vobis
407 1661 521 1714 est?
565 1659 686 1714 Nisi
725 1658 856 1729 forte
882 1657 1090 1729 reprobi
1131 1660 1271 1713 estis.
1316 1658 1412 1714 Dei
1451 1658 1649 1723 virtus,
1680 1657 1725 1712 si

150 1767 324 1811 tamen
358 1766 453 1809 vos
484 1741 709 1806 minime
750 1749 1081 1819 reprohavit.

211 1848 381 1918 Sprro
411 1854 584 1901 autem
615 1843 751 1914 quod
776 1842 1088 1916 coynoscitis
1119 1857 1136 1895 :
1163 1842 1284 1911 quia
1312 1857 1406 1895 nos
1432 1855 1535 1893 non
1554 1852 1732 1893 sumus

143 1938 370 2011 reprobi.
414 1936 591 2007 Spero
622 1948 723 1990 vos
761 1945 1023 1988 sensuros
1061 1931 1334 2003 quernodo
1376 1943 1480 1986 nos
1504 1942 1730 1985 conver-

136 2044 336 2087 εθηιιπ.

208 2123 439 2177 Oramus
466 2128 638 2175 autem
665 2119 854 2187 Deum,
877 2128 933 2173 ut
961 2118 1092 2173 nihil
1113 2118 1239 2171 ntali
1265 2118 1472 2187 faciatis
1497 2132 1516 2171 :
1548 2131 1651 2170 non
1678 2122 1734 2170 ut

148 2231 240 2269 nos
272 2212 479 2285 probati
510 2226 805 2283 pareamus,
838 2212 929 2265 sed
957 2219 1012 2262 ut
1038 2224 1126 2263 vos
1154 2209 1291 2278 quod
1323 2208 1512 2260 bonum
1541 2217 1617 2261 est
1653 2208 1737 2276 fa-

148 2308 314 2362 ciatis.
349 2303 465 2359 Nos
512 2314 685 2358 autem
730 2312 788 2356 ut
830 2302 1038 2373 reprobi
1080 2301 1265 2355 simus.
1306 2300 1362 2356 Si
1410 2300 1558 2354 enim
1608 2300 1731 2353 mali

140 2398 337 2469 aliquid
371 2397 637 2461 feceritis,
660 2410 760 2451 nos
786 2394 1118 2451 vindicando
1141 2394 1454 2464 parebimus
1480 2393 1723 2461 probati:

141 2492 234 2546 sed
264 2490 580 2554 maluimus,
611 2502 712 2541 nos
744 2487 1013 2556 reprobos
1052 2486 1252 2552 videri,
1285 2494 1494 2539 tantum
1527 2491 1587 2538 ut
1613 2498 1731 2551 vos,

141 2582 283 2651 quod
314 2582 516 2636 bonum
549 2591 634 2635 est
662 2576 895 2634 faciatis.

216 2675 340 2728 Non
390 2689 668 2745 possumus
718 2673 853 2725 enim
906 2671 1105 2742 aliquid
1135 2672 1379 2725 adversus
1422 2669 1687 2724 veritatem
1716 2683 1735 2722 :

140 2770 232 2822 sed
272 2784 368 2838 pro
396 2769 631 2821 veritate.
664 2766 997 2822 innocentia:
1036 2767 1181 2820 enim
1224 2771 1427 2818 nostra!
1465 2761 1736 2817 sententia

142 2860 338 2915 obesse
370 2875 479 2913 non
511 2859 734 2927 poterit,
759 2858 861 2911 nisi
889 2857 961 2923 ei,
988 2857 1077 2927 qui
1101 2870 1199 2926 pro
1226 2865 1380 2911 certo
1402 2853 1735 2925 peccaverit.

213 2952 523 3007 Gaudemus
559 2953 696 3007 enim
737 2953 982 3019 quoniam
1022 2964 1117 3005 nos
1163 2950 1360 3019 inﬁrmi
1407 2963 1606 3014 sunms,
1649 2961 1738 2999 ros

148 3053 370 3113 potentes
416 3045 566 3100 estis.
616 3043 924 3100 Gaudemus
976 3042 1024 3097 si
1077 3056 1184 3097 non
1237 3041 1309 3096 sit
1357 3050 1619 3104 necesse,
1679 3045 1739 3093 ut

1833 464 2096 533 Sapphira
2128 474 2181 520 et
2221 464 2453 519 Anania.

1906 554 2022 609 Hoc
2054 564 2102 610 et
2135 571 2345 611 oramus
2376 563 2595 610 vestram
2645 553 3158 609 consummationem.
3216 553 3285 612 Ut
3327 568 3426 611 vos

1834 649 2058 720 perfecti
2088 650 2206 705 sitis
2237 661 2513 718 potentes.

1904 742 2034 799 Ideo
2078 743 2213 799 enim
2242 744 2351 798 haec
2394 745 2573 798 absens
2614 741 2802 807 scribo,
2834 751 2888 795 ut
2928 754 3029 793 non
3061 748 3287 811 presens
3316 740 3420 794 du-

1831 837 1941 890 rius
1964 853 2137 908 agam,
2166 836 2443 891 secundum
2464 843 2781 907 potestatem,
2809 848 2965 903 quam
2986 828 3244 886 Dominus
3271 830 3419 884 dedit

1834 929 1980 983 mihi.
2015 927 2072 984 Si
2106 943 2215 983 non
2247 928 2599 983 correxeritis
2628 943 2748 992 vos,
2781 924 2969 981 durius
2992 924 3169 980 adhuc
3197 933 3420 980 acturus

1831 1028 1973 1085 sum,
1998 1035 2159 1090 quam
2201 1017 2493 1074 scribendo
2523 1017 2807 1074 denuntio.

1903 1109 1971 1164 In
2000 1111 2417 1179 adiﬁcationem.
2447 1109 2516 1166 Ut
2546 1121 2599 1165 et
2625 1124 2721 1164 vos
2750 1108 2820 1165 de
2847 1117 3050 1165 caetero
3077 1105 3415 1164 emendetis:

1830 1208 1888 1255 et
1915 1199 2004 1255 alii
2034 1215 2259 1268 peccare
2285 1200 2601 1254 formident.

1907 1290 1971 1345 Et
2012 1290 2200 1345 nonin
2241 1290 2662 1345 destructionem.
2705 1288 2787 1345 Ad
2817 1305 2978 1361 quam
3028 1289 3135 1347 sibi
3182 1288 3451 1361 pseudo—'

1830 1382 2063 1453 apostoli
2090 1388 2416 1451 potestatem
2453 1388 2734 1450 usurpant.
3434 1452 3435 1455 η

1906 1475 1982 1528 De
2005 1484 2210 1540 cretero,
2244 1477 2458 1547 fratres,
2489 1476 2729 1545 gaudete,
2772 1474 2987 1545 perfecti
3025 1484 3202 1541 estote,
3234 1475 3427 1530 exhor-

1832 1554 2035 1622 tamini.
2069 1566 2374 1622 Notandum
2406 1566 2549 1637 quod
2577 1566 2673 1621 ιοιί
2697 1564 2962 1621 Ecclesia:
2990 1564 3260 1631 scribens,
3292 1566 3426 1620 dicit

1832 1677 1929 1717 eos
1961 1675 2152 1717 omnes
2185 1660 2387 1716 debere
2432 1674 2555 1715 csse
2606 1658 2914 1729 perfectos:
2969 1668 3023 1714 et
3067 1656 3212 1730 quod
3258 1658 3426 1715 laicos

1762 1750 1810 1812 B
1832 1755 1985 1823 jubet
2015 1768 2073 1807 se
2100 1753 2337 1807 invicem
2362 1753 2665 1808 exhortari.

1912 1845 2149 1916 Idipsum
2192 1846 2379 1917 sapite.
2416 1844 2605 1899 Pacem
2660 1844 2842 1900 habete
2871 1861 2889 1900 :
2920 1855 2966 1911 et
3007 1844 3144 1900 Dens
3191 1846 3334 1917 pacis
3381 1853 3430 1901 et

1838 1936 2127 1992 dilectionis
2146 1936 2244 1990 erit
2264 1934 2548 1990 vobiscum.
2573 1935 2826 2005 Alioquin
2856 1944 3048 1993 auctor
3067 1937 3426 1993 dissensionis

1838 2036 1895 2085 et
1922 2028 2032 2083 odii
2052 2027 2363 2083 contrarius
2389 2028 2492 2082 erit
2521 2025 2697 2091 vobis,
2728 2035 2781 2081 et
2805 2042 2902 2081 vos
2923 2040 3046 2082 cum
3079 2025 3173 2081 illo
3203 2042 3420 2097 perma-

1838 2119 2037 2174 nebitis
2083 2118 2139 2174 in
2182 2127 2473 2186 aeternum,
2510 2119 2557 2174 si
2599 2116 2694 2175 ille
2737 2119 2825 2173 hic
2854 2116 3129 2173 vobiscum
3162 2120 3428 2175 manserit

1838 2224 2076 2281 semper.

1912 2303 2151 2357 Salutate
2191 2302 2409 2356 invicem
2449 2300 2507 2354 in
2552 2301 2729 2354 osculo
2786 2308 2984 2354 sancto.
3040 2298 3295 2356 Salutant
3343 2315 3433 2356 vos
3524 2360 3533 2367 ,

1839 2410 2012 2451 omnes
2040 2396 2231 2449 sancti.
2256 2394 2370 2449 Non
2396 2392 2672 2454 honorati,
2697 2400 2794 2447 aut
2821 2393 3039 2449 divites.

1909 2486 2095 2541 Gratia
2122 2484 2335 2540 Domini
2357 2486 2521 2540 nostri
2543 2485 2668 2539 Iesu
2690 2484 2906 2550 Christi,
2928 2493 2975 2538 et
2998 2483 3224 2539 Charitas
3245 2482 3363 2549 Dei,
3387 2492 3437 2539 et

1839 2578 2241 2634 conmunicatis
2290 2576 2461 2631 sancti
2501 2575 2753 2646 Spiritus.
2797 2574 3001 2631 Contra
3060 2574 3308 2643 Ariattos,
3343 2576 3437 2645 qui

1841 2669 1962 2723 ideo
1994 2668 2207 2723 Patrem
2256 2666 2520 2733 majorem
2551 2680 2677 2721 esse
2717 2664 3057 2721 contendunt
3097 2684 3108 2720 :
3145 2667 3268 2737 quia
3312 2667 3431 2738 ple-

1840 2775 2067 2829 rumque
2094 2758 2304 2828 primus
2329 2759 2641 2813 nominatur
2665 2762 2716 2812 in
2742 2758 2959 2814 ordine.

1913 2850 1997 2907 Sit
2037 2867 2153 2906 cum
2196 2851 2434 2905 omnibus
2482 2852 2644 2905 vobis.
2693 2852 2876 2904 Amen.
2924 2848 3043 2905 Non
3084 2849 3378 2919 aliquantis
3417 2864 3434 2903 :

1840 2947 1959 3002 sive
1988 2944 2132 3015 quod
2163 2960 2355 3001 omnes
2390 2946 2446 3001 in
2483 2946 2567 3001 his
2608 2943 2769 3001 donis
2800 2944 2933 3001 velit
2971 2958 3094 3001 esse
3141 2944 3434 3016 perfectos.

143 3174 3405 3203 W

939 3305 1060 3389 IN
1133 3250 1793 3386 EPISTOLAM
1870 3299 2027 3380 AD
2103 3292 2666 3380 GALATAS.

659 3525 889 3583 CAPUT
929 3524 1215 3581 PRIMUM.

220 3615 421 3674 Paulus
454 3618 719 3690 apestolus
750 3628 852 3673 non
884 3619 947 3672 ab
976 3618 1290 3685 hominibus,
1328 3635 1489 3687 neque
1523 3634 1615 3685 per
1644 3617 1738 3670 Ito-

148 3710 353 3765 minem.
386 3711 541 3767 Sicut
571 3726 851 3768 sacrarum
890 3709 1296 3780 Scripturarum
1333 3718 1565 3765 testatur
1602 3724 1731 3763 auc-

159 3803 368 3868 toritas,
407 3804 680 3859 neminem
713 3803 901 3858 venire
927 3802 993 3857 ad
1024 3803 1237 3858 Patrem
1277 3803 1378 3857 nisi
1411 3817 1509 3873 per
1538 3801 1740 3857 Filium

148 3899 203 3946 et
228 3891 492 3963 Spiritum
522 3906 773 3951 sanctum
802 3911 816 3948 :
846 3895 973 3950 item
1016 3896 1290 3949 neminem
1323 3896 1511 3949 venire
1550 3895 1616 3948 ad
1654 3892 1743 3948 Fi-

150 3982 298 4053 lium,
331 3988 435 4042 nisi
464 4002 625 4059 quem
663 3987 940 4042 vocaverit
968 3985 1128 4039 Pater
1149 3992 1202 4041 et
1229 3986 1464 4056 Spiritus
1494 3996 1740 4039 sanctus:

150 4076 218 4130 ita
261 4088 316 4133 et
350 4079 456 4135 hoc
494 4081 617 4134 loco
658 4076 945 4133 manifeste
976 4077 1302 4145 ostenditur,
1345 4077 1572 4132 Paulum
1611 4090 1742 4146 apo-

153 4168 349 4222 stolum
375 4165 428 4223 in
454 4168 732 4239 Evangelii
761 4167 1227 4238 praedicationem,
1250 4184 1352 4238 per
1373 4166 1556 4222 .lesnm
1584 4167 1745 4222 Chri-

153 4265 292 4311 stum
317 4269 372 4313 et
392 4258 565 4315 Deum
589 4259 804 4315 Patrem
829 4269 1077 4315 vocatum
1103 4274 1223 4315 esse
1242 4275 1273 4314 a
1302 4266 1489 4314 sancto
1519 4258 1749 4329 Spiritu.

154 4344 624 4413 Quemadmodum
656 4351 799 4407 liber
825 4351 1261 4422 Apostolicornm
1299 4351 1533 4406 Actuum
1564 4350 1744 4416 docet,

157 4436 339 4494 dicens
370 4458 383 4494 :
413 4441 850 4498 Minislranlibtts
876 4452 1057 4498 autem
1098 4442 1208 4498 illis
1238 4441 1489 4506 Domino,
1521 4448 1575 4497 et
1599 4442 1744 4511 jeju-

160 4531 440 4597 nantibus,
491 4534 629 4589 dixit
681 4533 912 4603 Spiritus
959 4542 1217 4589 sanctus:
1268 4533 1561 4604 Segregate
1611 4531 1743 4587 mihi

161 4614 479 4688 Barttabatn,
506 4636 560 4680 et
588 4623 812 4680 Sunium
840 4624 893 4679 in
922 4639 1058 4694 Opus
1079 4624 1143 4677 ad
1168 4625 1308 4694 quod
1330 4625 1600 4695 assumpsi
1626 4638 1743 4680 eos.

162 4703 288 4763 item
317 4720 371 4767 et
401 4714 544 4771 inira
572 4716 626 4771 in
665 4716 855 4771 eodem
900 4716 1023 4771 loco
1056 4734 1068 4769 :
1106 4715 1166 4769 Et
1211 4715 1313 4784 ipsi
1350 4716 1564 4786 quidem
1598 4717 1748 4771 missi

163 4809 192 4848 a
239 4798 443 4868 Spiritu
486 4818 678 4865 sancto
711 4809 968 4864 abierunt
1008 4807 1338 4864 Seleuciam.
1368 4808 1526 4875 Quod
1567 4820 1746 4863 autem

1762 3524 1812 3585 Ὀ
1846 3533 1996 3587 cunt,
2057 3528 2232 3590 neque
2276 3531 2373 3587 per
2423 3514 2712 3583 Apostolos
2768 3512 2941 3579 alios,
2998 3521 3059 3568 ut
3102 3510 3283 3570 Aaron
3344 3531 3443 3587 per

1846 3612 2110 3684 Moysen:
2159 3608 2253 3663 sed
2306 3620 2405 3675 per
2446 3608 2624 3674 ipsum
2663 3602 2974 3669 Dominum,
3017 3612 3077 3659 ut
3127 3603 3339 3678 Moyses
3388 3617 3445 3664 et

1846 3717 2038 3758 omnes
2062 3696 2331 3770 Apostoli,
2360 3696 2441 3751 vel
2472 3693 2794 3765 Propltetm;
2829 3695 2923 3750 sed
2960 3695 3212 3766 plerique
3240 3698 3308 3751 ab
3348 3699 3448 3755 ho-

1849 3794 2089 3851 minibus
2117 3792 2457 3858 ordinantur,
2490 3804 2610 3843 cum
2641 3787 2865 3859 indigne
2896 3789 3080 3846 latore
3111 3793 3295 3864 populi
3342 3810 3439 3865 pa.

1849 3886 2094 3942 tientiam
2151 3882 2365 3938 Domini
2417 3888 2853 3949 contemnentes,
2900 3881 3085 3937 divino
3133 3884 3445 3943 sacerdotio

1848 3989 2035 4035 contra
2067 3974 2321 4032 meritum
2354 3973 2700 4030 ordinantur.

1922 4071 2028 4128 Sed
2073 4086 2163 4143 per
2198 4068 2381 4124 Jesum
2410 4068 2692 4123 Christum.
2731 4066 2831 4134 Qui
2862 4064 3079 4124 Petrum
3123 4075 3177 4123 et
3216 4076 3444 4126 cmteros

1850 4166 2147 4236 Apostolos
2174 4165 2228 4220 in
2259 4164 2631 4219 ministerium
2659 4165 2999 4234 apostolatus
3038 4164 3223 4235 elegit.

1923 4257 1991 4311 Et
2037 4256 2203 4312 Deum
2248 4252 2479 4311 Patrem.
2523 4254 2775 4311 Ostendit
2804 4270 2967 4312 unam
3005 4271 3131 4313 esse
3172 4254 3346 4311 Patris
3388 4260 3446 4313 et

1850 4348 1973 4404 Filii
2006 4347 2398 4418 operationem.

1925 4442 2027 4510 Qui
2080 4441 2349 4495 suscitavit
2387 4454 2506 4494 eum
2548 4455 2581 4493 a
2626 4442 2863 4495 mortuis.
2910 4437 3243 4509 Secundum,
3300 4436 3444 4510 quod

1849 4536 1991 4590 mori
2023 4537 2222 4605 potuit,
2251 4532 2548 4588 secundum
2576 4547 2796 4589 carnem
2821 4532 3051 4586 scilicet.

1924 4623 1995 4680 Et
2016 4626 2105 4696 qui
2133 4641 2330 4680 mecum
2351 4632 2472 4678 sunt
2497 4639 2668 4677 omnes
2697 4625 2905 4694 fratres,
2930 4619 3178 4675 Ecclesiis
3201 4617 3444 4677 Galatiae.

1854 4718 1931 4773 Ne
1965 4719 2116 4773 solus
2142 4715 2365 4787 indigne
2397 4714 2543 4770 ferre
2586 4724 2892 4782 putaretur,
2941 4726 3094 4767 suam
3134 4713 3446 4769 Conculcari

1854 4810 2178 4873 doctrinam,
2212 4808 2509 4878 Apostolus
2538 4805 2931 4878 objurgatnrns
2962 4804 3182 4860 Galatas
3227 4815 3451 4876 propter

167 4885 253 4943 hic
278 4890 460 4952 Jesum
483 4901 762 4955 Christum
798 4901 975 4969 primo
998 4898 1119 4953 loco
1149 4901 1321 4967 ponit,
1349 4906 1405 4953 et
1433 4898 1505 4952 ita
1533 4900 1750 4953 demum
1780 4907 1833 4968 ι)
1858 4902 2325 4955 conversationem
2358 4911 2549 4960 suam;
2583 4911 2692 4950 non
2728 4906 2941 4950 tantum
2979 4910 3043 4950 ex
3089 4912 3184 4949 sua
3218 4910 3449 4966 persona

166 4974 402 5053 Patrem,
433 5000 488 5045 et
517 4993 649 5049 alibi
679 4992 1058 5049 indifferenter
1086 4992 1251 5047 Deum
1280 4991 1497 5045 Patrem
1528 4997 1755 5059 antepo-

170 5070 268 5139 ηῖι,
296 5073 607 5149 frequenter
627 5087 792 5142 etiam
824 5085 1090 5156 Spiritum
1122 5093 1370 5140 sanctum
1400 5102 1412 5138 :
1437 5083 1540 5138 hoc
1566 5093 1750 5138 osten-

170 5156 271 5224 δίεν
300 5172 551 5232 quoniam
579 5181 634 5231 in
658 5176 820 5231 Patre
849 5186 904 5232 et
926 5175 1068 5231 Filio
1089 5185 1143 5231 et
1173 5173 1379 5247 Spiritu
1410 5182 1620 5242 sancto,
1646 5188 1751 5228 non

173 5252 329 5338 φάο»
362 5272 469 5316 non
497 5271 670 5338 major
696 5277 791 5323 aut
814 5270 1017 5337 minor,
1049 5266 1146 5323 sed
1188 5282 1291 5322 una
1320 5274 1405 5323 est
1434 5266 1631 5338 gloria,
1665 5278 1759 5320 ea-

176 5335 404 5440 (Ῐίῖηιίὶυθ
426 5335 747 5413 Substantia.
774 5359 930 5428 Quod
963 5335 1097 5415 vet'o
1124 5359 1279 5425 dicit,
1308 5335 1486 5429 neque
1532 5372 1628 5429 per
1656 5356 1757 5414 ito.

179 5442 400 5531 ξηξιξθω,
426 5446 517 5499 sed
544 5464 637 5518 per
656 5452 841 5508 Jesum
864 5452 1174 5510 Christum:
1204 5452 1292 5509 hic
1315 5467 1607 5524 personam
1638 5453 1759 5509 dei-

186 5526 313 5575 tatis
343 5536 594 5596 ostendit.
621 5544 773 5611 Quod
812 5556 993 5600 autem
1024 5546 1101 5601 ait
1131 5564 1142 5601 :
1174 5545 1275 5613 Qui
1314 5546 1595 5601 suscitavit
1635 5559 1759 5599 eum

193 5621 225 5661 a
254 5622 479 5676 mortuis
511 5644 522 5678 :
557 5637 822 5706 assumpti
851 5637 1088 5693 hominis
1116 5637 1385 5708 signiﬁcat
1429 5637 1763 5693 incarnatio-

192 5710 335 5757 nem.
372 5709 536 5771 Aliter
566 5736 579 5774 :
605 5721 722 5783 Non
756 5726 988 5786 [numam
1014 5728 1463 5804 prusttmptione,
1493 5736 1551 5784 ut
1572 5727 1653 5785 illi
1680 5726 1764 5786 di-

1857 4991 2048 5047 scribit
2085 4989 2150 5042 ad
2180 5002 2297 5052 eos,
2324 4986 2419 5042 sed
2447 5002 2512 5041 ex
2545 4987 2788 5042 omnium
2816 4985 3065 5053 fratrum,
3109 4987 3198 5057 qui
3232 4988 3284 5042 in
3318 5003 3452 5043 cnn-

1863 5082 2037 5140 sortio
2076 5094 2260 5137 secum
2288 5086 2477 5135 erant:
2511 5092 2648 5149 quos
2673 5078 2728 5134 in
2763 5078 3002 5149 Epistula
3037 5079 3102 5134 ad
3136 5080 3451 5139 Corinthios

1864 5176 2143 5248 apostolos
2180 5183 2362 5237 vocat,
2410 5171 2600 5228 dicens
2640 5190 2652 5226 :
2692 5172 2825 5228 Sive
2861 5170 3057 5228 fratres
3101 5176 3277 5230 nostri
3323 5188 3454 5245 apo-

1861 5268 2012 5332 stoli,
2044 5265 2342 5321 Ecclesiam
2366 5264 2562 5335 glorise
2585 5262 2817 5319 Christi.

1928 5358 2121 5413 Gratia
2142 5356 2305 5411 vobis.
2336 5355 2472 5421 Quia
2502 5356 2617 5409 sola
2650 5354 2784 5409 estis
2811 5352 2921 5410 ﬁde
2953 5354 3164 5410 salvati.

1929 5448 1996 5502 Et
2008 5463 2111 5519 pax
2122 5465 2153 5501 a
2169 5444 2278 5501 Deo
2292 5444 2452 5499 Patre
2465 5454 2659 5513 nostro,
2674 5453 2723 5498 et
2737 5444 2961 5499 Domino
2973 5442 3009 5499 J
3011 5462 3099 5499 esu
3112 5443 3455 5513 Christo.Qua

1868 5538 2112 5600 remissis
2148 5540 2360 5595 delictis
2381 5538 2656 5605 omnibus,
2690 5539 3029 5593 reconciliati
3072 5538 3286 5593 fuerant
3314 5535 3452 5594 Deo.

1939 5632 2039 5697 Qui
2067 5631 2211 5686 dedit
2234 5630 2567 5700 semetipsum
2592 5643 2686 5699 pro
2714 5629 2941 5698 peccatis
2962 5629 3173 5683 nostris.
3199 5627 3461 5687 Ostendit

1868 5724 2138 5784 beneﬁcia
2163 5720 2391 5792 Christi,
2417 5722 2616 5797 quibus
2645 5722 2949 5783 existebant
2980 5724 3198 5797 ingrati,
3226 5725 3280 5783 in
3306 5724 3429 5797 lege
