4008 6188
535 204 640 264 807

1573 200 1630 259 S.
1675 196 2061 260 lllERONYMI
2101 192 2795 261 OPERUM'MANTISSA.

3747 204 3862 263 808

536 339 658 395 quae
689 322 1065 395 peccatoribus
1094 320 1215 376 data
1246 330 1353 386 est,
1386 318 1576 374 vivere
1608 319 1971 389 cupientibus,
2000 332 2124 373 cum
2157 320 2208 379 Α
2233 317 2427 373 delitcr
2466 333 2562 388 pro
2604 316 2985 373 traditionibus
3033 324 3248 388 patrum
3291 318 3612 389 expugnarit
3650 316 3863 375 Eccle-

540 417 646 471 illis
675 417 855 471 omni:
879 424 1057 471 essent
1091 421 1311 484 peccata
1342 412 1590 466 dimissa.

613 510 684 567 Ut
724 512 942 580 eriperet
982 524 1073 562 nos
1120 511 1183 560 de
1226 506 1466 575 pra’senti
1506 505 1697 560 srecnlo
1739 520 1978 576 nequam.
2013 502 2129 558 Non

538 603 685 676 quod
715 603 971 659 sarculum
1004 614 1236 671 nequam
1270 600 1359 666 sit,
1390 599 1484 655 sed
1524 598 1671 669 quod
1702 599 1841 654 mala
1872 598 1983 653 sint
2011 612 2132 667 qua:

536 702 775 765 aguntur
813 692 865 746 in
897 690 1141 745 smculo:
1186 690 1329 746 sicut
1357 697 1412 745 et
1454 688 1715 745 Dominus
1746 690 1799 742 in
1833 686 2131 757 Evangelio

536 784 665 840 dicit
693 800 708 838 :
748 781 964 838 Sufﬁcit
990 781 1101 837 diei
1145 782 1351 837 malitia
1380 796 1500 837 sua.
1535 779 1653 835 Non
1682 780 1807 851 quia
1841 778 1963 834 dies
1992 779 2131 833 mala

535 875 627 943 sit,
643 873 741 930 sed
765 884 985 944 propter
1017 874 1268 945 illa,qu:e
1292 875 1345 929 in
1370 873 1489 944 ejus
1510 880 1757 942 tempore
1773 870 2131 942 aguntur,vel

538 968 704 1033 bona,
731 966 814 1021 vel
851 966 987 1021 mala
1021 966 1240 1021 dicitur.
1285 967 1419 1022 Item
1449 965 1590 1021 mala
1621 965 1807 1021 smculi
1848 979 2014 1035 opera
2054 964 2133 1020 di-

533 1066 753 1129 cuntur,
795 1074 915 1130 quat
942 1059 1351 1115 c0mntittuntur
1383 1060 1435 1114 in
1469 1060 1606 1129 ipso.

609 1151 909 1207 Secundum
966 1152 1279 1205 voluntatem
1326 1149 1424 1206 Dei
1470 1162 1518 1205 et
1561 1150 1740 1205 Patris
1784 1150 1966 1205 nostri.
2014 1149 2132 1206 Non

539 1248 838 1302 secundum
868 1247 1059 1300 merita
1101 1254 1311 1300 nostra.

620 1335 719 1390 Cui
745 1346 822 1392 est
848 1336 1016 1407 gloria
1035 1336 1090 1390 in
1116 1336 1308 1392 saecula
1332 1337 1660 1391 swculorum.
1693 1337 1877 1393 Amen.
1901 1336 2135 1393 lnﬁnitis

552 1427 855 1495 beneficiis,
889 1428 1094 1483 inﬁnita
1124 1428 1296 1499 gloria
1325 1428 1575 1484 debetur.

611 1522 780 1577 Miror
807 1523 944 1594 quod
969 1524 1042 1578 sic
1064 1534 1168 1578 tant
1193 1524 1293 1578 cito
1326 1525 1705 1594 transferimini
1727 1523 1792 1578 ab
1821 1540 1900 1591 eo,
1930 1526 2018 1595 qui
2042 1540 2132 1579 vos

537 1615 731 1670 vocavit
757 1614 811 1667 in
839 1616 1062 1685 gratiam
1082 1614 1294 1681 Christi,
1322 1616 1376 1669 in
1406 1614 1555 1669 aliud
1582 1614 1925 1685 Evangelium
1950 1633 1968 1672 :
1994 1616 2133 1685 quod

2238 409 2375 464 siam
2403 427 2415 462 ε
2446 417 2508 463 ut
2534 410 2897 480 intelligamus
2924 424 3046 464 eum
3080 424 3187 464 non
3217 410 3463 479 potuisse
3490 409 3622 466 inde
3653 410 3862 466 huma-

2238 514 2311 556 no
2336 499 2587 566 consilio,
2622 500 2729 554 nisi
2761 500 3094 555 revelatione
3112 500 3353 570 separari
3376 500 3583 555 divina.

2311 592 2570 657 Quoniam
2597 610 2757 663 supra
2788 591 2999 646 ntodum
3027 592 3371 662 persequebar
3401 591 3695 648 Ecclesium
3724 594 3852 663 Dei,

2236 693 2285 739 et
2314 684 2674 755 expugnabam
2704 683 2871 752 illaut,
2906 694 2954 738 et
2995 684 3331 754 proﬁciebam
3362 686 3415 738 in
3441 682 3729 741 Judaismo
3762 705 3857 742 sst-

2237 795 2331 849 pra
2354 777 2543 832 multos
2572 787 2858 833 corctaneos
2886 794 3024 832 meos
3047 779 3101 831 in
3125 794 3311 849 genere
3335 794 3471 847 meo,
3491 780 3851 835 abundantius

2236 870 2509 923 wmulator
2556 870 2777 924 existens
2827 879 3160 939 paternarum
3198 886 3431 925 mearum
3475 873 3845 928 traditionem.

2236 960 2354 1017 Non
2386 975 2551 1031 supra
2581 975 2792 1027 omnes,
2816 976 2886 1017 ne
2905 961 3268 1031 iactabundus
3286 973 3594 1032 putaretur.

2309 1052 2443 1108 Cum
2470 1064 2642 1109 autem
2691 1054 2885 1123 placuit
2922 1054 2969 1107 ei
2998 1054 3087 1123 qui
3128 1070 3209 1107 me
3257 1056 3545 1125 segregavit
3588 1073 3657 1111 ea:
3698 1064 3848 1111 utero

2236 1146 2415 1199 matris
2459 1161 2607 1201 mete.
2660 1144 2761 1200 Hic
2791 1143 3191 1216 przescieutiam
3237 1143 3356 1214 Dei,
3386 1144 3455 1200 ad
3485 1145 3844 1204 dilectionem

2239 1238 2485 1309 Apostoli
2513 1246 2803 1309 antequam
2827 1247 3164 1303 nasceretur,
3181 1238 3439 1295 ostendit.
3468 1239 3601 1297 Item
3626 1242 3719 1312 qui
3755 1258 3847 1297 me

2239 1332 2292 1387 in
2325 1332 2662 1402 praescientia
2705 1332 2774 1387 ab
2801 1341 2956 1386 utero
2994 1330 3329 1402 segregavit,
3371 1332 3587 1403 quando
3629 1333 3799 1389 voluit
3825 1374 3843 1403 ,

2236 1423 2366 1480 fecit
2385 1423 2529 1495 quod
2553 1424 2759 1479 sciebat
2779 1438 2902 1480 esse
2927 1424 3191 1478 futurum.

2309 1518 2379 1572 Et
2408 1518 2606 1573 vocavit
2636 1535 2725 1590 per
2751 1518 2978 1590 gratiam
3004 1532 3175 1571 suam.
3198 1516 3317 1572 Non
3344 1519 3542 1574 meritis
3564 1520 3728 1576 meis.

2316 1612 2383 1666 Ut
2411 1612 2657 1667 reuelaret
2702 1608 2904 1665 Filium
2928 1626 3079 1664 suum
3106 1610 3161 1662 in
3187 1625 3289 1679 me,
3321 1620 3376 1663 ut
3417 1612 3845 1682 euangelizarent

540 1722 645 1761 non
666 1715 742 1759 est
767 1706 935 1759 aliud.
961 1706 1324 1761 Manifestatis
1346 1707 1649 1773 beneﬁciis,
1674 1706 1861 1761 mirari
1894 1722 1954 1763 se
1975 1707 2127 1775 dicit,
2165 1709 2213 1769 B
2240 1702 2394 1758 illum
2423 1705 2476 1758 in
2517 1704 2770 1775 gentibus.
2801 1702 2873 1759 Ut
2916 1701 3110 1757 Filium
3144 1715 3301 1757 suum
3335 1717 3430 1773 per
3457 1718 3543 1759 me
3574 1703 3844 1775 gentibus

543 1798 686 1869 quod
716 1798 785 1853 ab
815 1796 910 1854 illo
941 1800 1218 1869 potuerint
1245 1800 1513 1868 separari.

613 1888 739 1943 Nisi
766 1898 888 1944 sunt
915 1890 1097 1959 aliqui,
1124 1891 1215 1955 qui
1244 1906 1330 1944 eos
1361 1889 1692 1944 conturbant.
1724 1889 1857 1945 Nam
1889 1890 2134 1963 Evange-

551 1980 683 2037 lium
713 1996 899 2036 verum
931 1979 1076 2035 aliud
1108 1995 1229 2036 esse
1257 1996 1365 2036 non
1394 1990 1595 2051 potest,
1630 1981 1735 2037 nisi
1763 1980 1988 2038 Christi.

615 2072 683 2126 Et
710 2072 888 2127 volunt
922 2083 1217 2127 convertere
1243 2072 1589 2147 Evangelium
1611 2074 1827 2131 Christi.
1856 2076 1994 2131 Dum
2025 2076 2136 2132 Lex

542 2164 611 2221 ad
657 2164 1011 2235 Evangelium
1058 2164 1348 2236 profecerit
1392 2182 1406 2220 :
1462 2167 1566 2233 illi,
1615 2181 1871 2237 perverso
1920 2166 2133 2235 ordine,

544 2256 900 2329 Evangelium
932 2257 999 2312 ad
1022 2257 1219 2328 Legem
1253 2273 1553 2335 provocare
1582 2260 1853 2315 nituntur.

620 2347 729 2413 Sed
760 2349 875 2403 licet
897 2365 1012 2417 nos,
1042 2360 1132 2403 aut
1158 2348 1377 2421 angelus
1401 2349 1464 2404 de
1494 2350 1620 2405 caelo
1656 2351 1971 2422 evangelizet
1998 2350 2138 2406 vobis

550 2450 894 2513 praterquam
921 2444 1059 2512 quod
1089 2444 1497 2513 evangelisamus
1523 2443 1683 2499 vobis.
1708 2444 1953 2502 Breviter
1988 2445 2138 2501 omni

546 2534 721 2590 voluit
759 2534 1115 2606 prtejudicare
1167 2552 1445 2607 personat,
1500 2536 1718 2608 quando
1762 2554 1861 2593 nec
1909 2538 2139 2609 Aposto-

547 2626 633 2683 lus
666 2637 856 2683 contra
902 2628 955 2682 id
1000 2628 1144 2699 quod
1187 2629 1418 2699 primum
1460 2629 1882 2700 praedicaverat,
1922 2646 2021 2687 nec
2048 2648 2139 2688 vo-

548 2735 666 2777 cem
695 2722 764 2776 de
794 2720 936 2777 caelo
958 2721 1228 2792 loquentis
1253 2724 1432 2794 angeli
1468 2725 1717 2795 permisit
1741 2724 1953 2780 audire.
1987 2725 2139 2780 Facit

547 2819 730 2865 autem
759 2812 1029 2867 sententia
1067 2824 1257 2868 contra
1286 2830 1478 2871 omnes
1512 2814 1819 2886 haereticos,
1851 2817 1941 2888 qui
1970 2816 2138 2882 tradi-

548 2901 727 2956 tiones
756 2902 1088 2971 apostolicos
1118 2914 1329 2963 mutare
1358 2916 1647 2963 conantur.

613 2994 904 3049 Anathema
929 2998 1015 3051 sit.
1051 2997 1163 3052 Hoc
1187 3008 1289 3067 est,
1313 3000 1689 3057 abominabilis
1710 3002 1863 3058 vobis
1883 3003 1973 3057 sit.

2239 1798 2525 1854 revelaret.

2308 1889 2577 1946 Continuo
2600 1908 2703 1947 non
2731 1893 2962 1964 acquievi
2990 1894 3137 1949 carni
3158 1902 3207 1949 et
3232 1893 3499 1966 sanguini.
3523 1891 3642 1948 Hoc
3666 1891 3836 1948 dicit:

2238 1982 2493 2053 quoniam
2524 1984 2819 2039 secundum
2840 1987 3153 2057 mysterium
3185 1985 3557 2054 revelationis,
3582 1984 3842 2040 commis—

2239 2089 2353 2130 sam
2384 2074 2485 2130 sibi
2512 2075 2950 2146 pratdicationem
2978 2077 3256 2148 Evangelii
3288 2077 3631 2143 exercuerit,
3659 2090 3839 2147 neque

2241 2174 2371 2221 tunc
2399 2166 2579 2222 carnis
2607 2176 2665 2222 et
2695 2167 2973 2237 sanguinis
2997 2183 3186 2223 vocem
3216 2167 3422 2234 audivi,
3452 2166 3549 2222 sed
3573 2166 3689 2221 Dei.

2314 2258 2497 2330 Neque
2556 2260 2670 2313 veni
2728 2258 3109 2331 Jerosolymam
3151 2263 3220 2315 ad
3292 2269 3636 2316 antecessores
3697 2274 3839 2315 meos

2241 2348 2525 2421 apostolos,
2552 2350 2644 2404 sed
2669 2351 2773 2405 abii
2793 2352 2848 2405 in
2871 2352 3117 2406 Arabiam
3141 2369 3158 2406 :
3188 2361 3236 2407 et
3258 2353 3445 2407 iterum
3464 2367 3695 2406 reversus
3722 2368 3837 2406 sum

2242 2440 2581 2496 Damascum.
2604 2442 2720 2498 Non
2736 2443 2875 2514 quod
2901 2444 3036 2499 mihi
3055 2458 3279 2501 necesse
3301 2444 3422 2513 fuit,
3439 2455 3498 2499 ut
3515 2444 3585 2499 ab
3605 2444 3713 2500 illis
3733 2444 3837 2498 ali-

2239 2532 2372 2604 quid
2404 2534 2667 2590 edocerer
2692 2553 2704 2589 :
2728 2534 2825 2589 sed
2855 2534 2924 2591 de
2945 2535 3206 2591 Damasco
3226 2535 3279 2590 in
3305 2534 3563 2590 Arabiam
3588 2536 3837 2605 protinus

2242 2625 2408 2691 ibam,
2433 2635 2490 2679 ut
2510 2625 2766 2682 docerem
2786 2626 2929 2696 quod
2956 2626 3087 2681 mihi
3113 2641 3143 2681 a
3174 2626 3285 2681 Deo
3309 2626 3606 2682 revelatum
3634 2625 3832 2681 fuerat.

2312 2715 2515 2771 Deinde
2551 2728 2663 2789 post
2685 2734 2851 2773 annos
2880 2729 3003 2774 tres.
3035 2717 3285 2774 OSIendit
3304 2734 3363 2773 se
3394 2734 3500 2775 non
3530 2716 3835 2790 indiguisse

2239 2806 2442 2875 doceri,
2476 2810 2568 2878 qui
2593 2810 2764 2865 tribus
2780 2810 2892 2879 jam
2922 2809 3079 2865 annis
3104 2809 3224 2864 aliis
3249 2808 3587 2880 praedicant.

2318 2901 2447 2955 Veni
2474 2903 2877 2973 Jerosolymam.
2924 2903 3149 2971 Quando
3185 2918 3247 2959 se
3290 2902 3567 2976 discipulis
3600 2901 3834 2975 jungere

2238 2995 2556 3051 attentabat.

616 3087 766 3144 Sicut
788 3088 1144 3160 prtediximus,
1186 3099 1231 3143 et
1262 3106 1396 3145 nunc
1418 3093 1603 3146 iterum
1628 3094 1743 3147 dico
1774 3113 1785 3146 :
1822 3094 1884 3149 Si
1904 3095 2017 3165 quis
2046 3112 2133 3151 υο-
2161 3096 2207 3161 C
2320 3086 2506 3144 Videre
2539 3088 2774 3145 Petrum.
2810 3090 2875 3146 Et
2903 3099 3211 3163 susceptum
3256 3104 3317 3147 se
3342 3078 3411 3146 ab
3436 3086 3625 3145 illo‘in
3653 3088 3830 3146 chari-

540 3176 616 3234 bis
644 3180 1065 3253 evangelizaverit
1087 3191 1270 3251 prazter
1298 3183 1353 3236 id
1390 3184 1528 3253 quod
1552 3186 1841 3255 accepistis,
1865 3186 2135 3243 anathema

535 3276 622 3329 sit.
644 3273 954 3346 Repetitum
988 3274 1183 3331 fortius
1208 3276 1637 3335 commendatur.

609 3366 772 3423 Modo
806 3370 943 3423 enim
982 3368 1279 3424 hominibus
1318 3370 1529 3439 suadeo,
1553 3389 1622 3427 an
1668 3370 1824 3427 Deo?
1866 3372 2133 3446 Numquid

538 3470 759 3532 propter
780 3460 1027 3519 homines
1057 3464 1210 3520 vobis
1239 3464 1471 3534 suadeo,
1502 3465 1641 3521 sicut
1672 3475 1892 3537 propter
1919 3465 2133 3524 ιιιιάωο-

537 3568 656 3608 rum
692 3554 1013 3611 traditiones
1048 3566 1175 3613 ante
1201 3556 1501 3613 faciebam?
1535 3556 1839 3615 Ostendere
1866 3558 1978 3614 vult
2009 3560 2131 3616 odia

534 3646 811 3703 hominum
826 3665 885 3706 se
898 3666 1004 3706 non
1024 3650 1504 3721 timentem,libere
1517 3652 1812 3709 defendere
1826 3654 2128 3721 veritatem.

606 3738 686 3790 An
722 3755 894 3809 qutero
922 3741 1209 3796 hominibus
1232 3742 1475 3813 placere?
1515 3742 1851 3816 Ubicumque
1893 3748 2010 3802 sine
2035 3747 2129 3803 ad-

532 3824 833 3884 ditamento
854 3830 1035 3900 aliquo
1059 3830 1303 3886 homines
1327 3832 1764 3902 nominantur,in
1788 3838 1983 3893 malam
2009 3853 2131 3908 par-

532 3927 642 3975 tem
666 3918 935 3989 accipitur
959 3920 1011 3975 in
1037 3920 1349 3990 Scripturis.
1370 3922 1437 3979 Ut
1456 3933 1539 3980 est
1558 3925 1691 3981 illud
1719 3944 1732 3980 :
1756 3926 1942 3984 Omnis
1966 3929 2127 3985 homo

530 4009 784 4067 mendax.
804 4011 901 4067 Et:
931 4012 1104 4081 Quem
1130 4013 1313 4070 dicunt
1345 4014 1593 4073 homines
1617 4019 1776 4075 esse?
1804 4020 1869 4075 Et
1900 4037 1912 4074 :
1937 4019 2128 4078 Nonne

531 4103 782 4162 homines
813 4108 980 4162 estis?
1012 4107 1082 4163 Et
1112 4126 1123 4159 :
1164 4109 1464 4165 secundum
1507 4111 1784 4169 hominem
1814 4116 2123 4173 ambulatis.

528 4195 696 4267 Igitur
725 4197 1054 4270 quicumque
1096 4199 1294 4256 talibus
1345 4202 1561 4271 placere
1602 4206 1852 4274 voluerit,
1903 4222 2127 4264 necesse

528 4298 613 4344 est
644 4299 702 4345 ut
736 4305 929 4347 eorum
976 4291 1139 4347 iaciat
1178 4292 1534 4351 voluntatem.
1571 4295 1753 4351 Sancti
1783 4306 1964 4352 autem
2016 4298 2126 4356 Deo

530 4390 762 4449 tantum,
794 4394 850 4441 et
880 4384 1051 4441 Deum
1090 4386 1396 4443 amantibus
1418 4388 1634 4458 placent
1666 4404 1680 4443 :
1708 4390 1796 4459 qui
1816 4390 1936 4460 plus
1963 4407 2121 4463 quam

528 4474 777 4532 homines
802 4492 924 4533 esse
954 4487 1289 4535 meruerunt.

598 4566 659 4623 Si
681 4569 854 4624 adhuc
873 4571 1167 4626 hominibus
1195 4572 1471 4643 placerem,
1496 4570 1688 4629 Christi
1707 4591 1817 4631 serv
1828 4594 1885 4630 us
1912 4594 2017 4632 non
2039 4596 2120 4635 es-

523 4676 652 4716 sent.
680 4660 813 4718 Nam
836 4664 958 4720 ideo
985 4680 1070 4720 me
1095 4664 1349 4735 oderunt,
1370 4667 1499 4738 quia
1527 4682 1715 4724 servus
1745 4684 1867 4726 sum
1893 4672 2116 4728 Christi.

596 4752 792 4811 Notum
818 4759 953 4813 enim
983 4759 1121 4814 vobis
1149 4759 1311 4827 facio,
1337 4761 1553 4833 fratres,
1584 4762 1948 4837 Erangelium,
1979 4770 2117 4838 quod

522 4850 934 4920 evangelt'zatttm
961 4862 1034 4906 est
1065 4870 1096 4907 a
1119 4869 1218 4908 me.
1248 4853 1377 4909 Vult
1403 4871 1635 4928 purgare
1676 4860 2040 4931 usurpationis
2064 4872 2119 4919 et

523 4938 774 4997 humanae
797 4943 1104 5000 traditionis
1134 4946 1437 5003 infamiam.

599 5030 737 5098 Quia
766 5050 868 5088 non
893 5045 966 5091 est
997 5038 1281 5093 secundum
1312 5040 1593 5097 hominem.
1645 5042 1830 5117 Neque
1856 5046 1992 5101 enim
2019 5063 2112 5121 ego

521 5121 584 5176 ab
613 5120 823 5178 homine
871 5129 1045 5199 accepi
1094 5128 1251 5198 illud,
1285 5148 1446 5203 neque
1472 5134 1657 5202 didici,
1685 5138 1777 5191 sed
1801 5154 1893 5207 per
1913 5120 2111 5195 revela-

520 5215 714 5269 tionem
736 5213 866 5270 Jesn
897 5217 1113 5275 Christi.
1162 5220 1348 5294 Neque
1377 5238 1408 5279 a
1429 5240 1517 5281 me
1543 5225 1805 5295 conﬁnxi,
1838 5244 2015 5301 neque
2042 5232 2111 5287 ab

518 5307 627 5361 alio
656 5306 877 5365 homine
906 5311 1111 5382 accepi,
1152 5328 1328 5386 neque
1361 5332 1393 5373 a
1433 5333 1706 5389 quoquam
1744 5320 1939 5391 didici,
1971 5324 2110 5395 quod

518 5411 707 5471 gentes
735 5402 847 5458 sola
876 5403 983 5460 ﬁde
1007 5405 1365 5464 salvarentur.

589 5492 824 5551 Audistis
854 5497 991 5550 enim
1025 5501 1467 5557 conversationem
1511 5518 1675 5559 meam
1722 5506 2002 5577 aliquando
2053 5508 2107 5565 in

517 5580 809 5641 Judaismo.
838 5587 948 5644 Nec
974 5604 1073 5645 vos
1094 5590 1258 5647 credo
1284 5592 1454 5650 latere
1475 5596 1617 5666 quod
1649 5596 2107 5657 dico.05tendere

516 5672 633 5727 vult
656 5690 815 5745 quam
853 5678 1086 5738 ﬁrmiter
1112 5685 1346 5742 tenuerit
1378 5685 1738 5759 Judaismum,
1771 5698 1825 5749 et
1847 5706 2007 5761 quam
2040 5691 2103 5750 ﬁ-

2242 3192 2354 3239 tate
2378 3183 2757 3240 demonstrat:
2791 3193 2847 3241 et
2889 3183 2943 3239 iu
2988 3194 3093 3239 tam
3124 3185 3273 3241 brevi
3302 3192 3544 3254 tempore
3585 3181 3721 3238 nihil
3748 3181 3828 3239 di-

2235 3290 2388 3332 scere
2416 3276 2671 3345 potuisse.

2304 3366 2376 3422 Et
2405 3369 2570 3423 mansi
2593 3368 2735 3439 apud
2762 3383 2878 3424 eum
2900 3366 3075 3424 diebus
3102 3366 3414 3438 quindecim.
3446 3365 3678 3424 Videndi
3704 3381 3824 3440 gra-

2234 3460 2331 3531 tia,
2355 3476 2463 3517 non
2484 3461 2747 3518 discendi.

2304 3552 2479 3607 Alium
2506 3562 2678 3608 autem
2707 3552 3072 3625 Apostolorum
3101 3554 3204 3610 vidi
3230 3554 3501 3610 neminem.
3532 3551 3612 3610 Ne
3640 3552 3724 3610 vel
3754 3552 3820 3609 ab

2234 3643 2340 3701 illis
2363 3644 2617 3703 didicisse
2647 3647 2940 3704 videretur.

2303 3739 2424 3795 Nisi
2452 3738 2709 3797 Jacobum
2755 3745 2966 3813 fratrem
2994 3740 3226 3799 Domini.
3278 3742 3408 3812 Qua:
3449 3752 3621 3799 autem
3654 3741 3817 3798 scribo

2229 3834 2392 3900 vobis,
2416 3851 2529 3890 ecce
2550 3850 2724 3890 coram
2752 3832 2885 3907 Deo,
2908 3838 3029 3908 quia
3051 3854 3155 3891 non
3178 3838 3415 3893 mentior.
3444 3837 3687 3905 Quatuor
3706 3851 3819 3893 mo-

2230 3927 2312 3983 dis
2343 3926 2536 3983 fratres
2565 3930 2856 4001 appellari,
2904 3931 3027 4001 quis
3055 3930 3295 3986 dubitat?
3325 3930 3530 3998 Primo,
3582 3940 3769 3986 natura
3797 3944 3813 3985 :

2229 4022 2490 4091 secundo,
2518 4024 2839 4095 cognatione
2872 4039 2887 4081 :
2918 4024 3099 4091 tertio,
3126 4033 3285 4093 gente
3316 4040 3329 4077 :
3358 4035 3573 4094 quarto,
3603 4023 3810 4079 all‘ectu.

2230 4114 2386 4173 Unde
2411 4118 2643 4173 Jacobus
2685 4117 2979 4174 secundum
3006 4118 3383 4188 cognationem
3413 4116 3579 4173 frater
3606 4114 3810 4171 Domini

2227 4208 2425 4266 dicitur
2452 4228 2467 4267 :
2512 4212 2764 4283 quoniam
2793 4210 2863 4267 de
2910 4210 3075 4265 Maria
3104 4210 3379 4281 Cleophm,
3413 4224 3603 4266 sorore
3631 4207 3811 4263 matris

2228 4301 2466 4369 Domini,
2495 4312 2651 4360 natus
2680 4319 2802 4361 esse
2830 4309 3185 4359 monstratur.

2299 4395 2499 4453 Deinde
2527 4397 2640 4451 veni
2658 4398 2713 4451 in
2736 4407 2907 4468 partes
2946 4396 3118 4468 Syria:
3140 4405 3189 4452 et
3209 4393 3426 4452 Cilicia.
3459 4395 3621 4451 Eram
3648 4403 3808 4450 autem

2144 4485 2426 4560 Dignatus
2472 4491 2605 4559 facie
2649 4488 2898 4545 Ecclesiis
2942 4488 3166 4545 Judww.
3216 4488 3519 4546 Notandum
3550 4490 3676 4561 quia
3719 4504 3808 4559 per

2224 4580 2514 4638 triennium
2544 4579 2805 4637 Ecclesiis
2833 4581 3035 4637 Judazm
3057 4588 3173 4638 erat
3195 4583 3426 4652 ignotus.

2297 4672 2425 4740 Qua:
2439 4681 2589 4726 erant
2612 4674 2665 4727 in
2692 4671 2919 4728 Christo.
2950 4673 3180 4728 Tantum
3203 4683 3374 4727 autem
3395 4672 3635 4725 auditum
3660 4670 3808 4725 habe-

2223 4762 2345 4817 bant
2377 4780 2395 4816 :
2416 4765 2665 4835 quoniam
2693 4766 2782 4836 qui
2812 4764 3210 4837 persequebatur
3236 4781 3329 4820 nos
3348 4764 3643 4833 aliquando,
3673 4780 3807 4817 nunc

2218 4858 2530 4927 evangelisat
2569 4858 2748 4928 fidem,
2770 4875 2927 4931 quam
2952 4859 3240 4930 aliquando
3272 4855 3607 4931 expugnabat.
3638 4855 3805 4911 Seor-

2217 4962 2363 5016 sum,
2389 4948 2479 5018 qui
2507 4964 2571 5005 ex
2598 4949 2799 5006 Judzeis
2826 4959 3001 5019 erant,
3030 4951 3296 5009 Ecclesia:
3323 4949 3673 5015 habebantur,
3702 4963 3803 5006 nec

2217 5040 2303 5097 his
2332 5042 2424 5113 qui
2453 5054 2607 5098 erant
2632 5059 2697 5100 ex
2723 5044 2999 5115 gentibus,
3024 5044 3406 5102 miscebantur.

2286 5133 2356 5187 Et
2378 5135 2433 5189 in
2461 5151 2541 5190 me
2564 5135 2920 5205 clariﬁcabant
2941 5135 3129 5191 Deum.
3160 5136 3239 5194 De
3260 5152 3319 5193 re
3338 5134 3547 5192 difﬁcili
3572 5135 3801 5191 maxima

2216 5228 2457 5285 nascitur
2481 5230 2766 5285 admiratio
2799 5248 2811 5282 :
2844 5240 2901 5286 et
2928 5229 3247 5285 laudabatur
3274 5229 3418 5285 Deus
3462 5228 3552 5299 qui
3583 5228 3688 5284 hoc
3713 5244 3800 5284 so-

2214 5320 2297 5377 lus
2323 5330 2507 5393 posset
2531 5320 2769 5379 efﬁcere.
2800 5322 2876 5378 De
2904 5320 3055 5378 falsis
3081 5322 3359 5389 fratribus,
3392 5331 3449 5377 et
3474 5320 3543 5377 de
3568 5320 3729 5378 Petro
3751 5320 3800 5375 in

2211 5413 2647 5484 circumcisione,
2679 5414 2846 5471 Paulo
2873 5428 3002 5471 vero
3031 5415 3084 5470 in
3105 5414 3355 5485 gentibus
3383 5411 3671 5469 ordinatis.

2833 5506 3060 5564 CAPUT
3101 5506 3164 5562 ll.

2282 5601 2486 5659 Deinde
2512 5612 2626 5675 post
2650 5621 2811 5660 annos
2838 5605 3247 5676 quatuordecim.
3270 5602 3502 5673 Quando
3533 5603 3603 5663 de
3628 5602 3804 5664 oneri-

2210 5693 2311 5754 bus
2340 5696 2473 5770 legis
2498 5699 2727 5771 quaestio
2754 5698 3090 5757 movebatur.
