4008 6188
125 320 228 384 809

824 322 1379 386 COMMENTARIUS
1419 326 1485 384 IN
1526 321 1916 383 EPISTOLAM
1958 322 2049 381 AD
2087 324 2426 388 GALATAS.
2464 330 2621 388 CAP.
2651 328 2717 385 Il.

3322 331 3425 389 810

197 424 399 496 Iterum
416 437 1147 512 ascendiIerosolymamcum
1170 441 1433 511 Barnaba,
1456 451 1717 512 assumpto
1746 442 1799 501 Α
1894 440 2045 507 Quod
2075 441 2227 496 etiam
2250 443 2507 497 sollicitus
2534 444 2609 515 fui
2634 444 2731 495 hoc
2758 442 2925 512 ipsum
2947 444 3137 513 facere.
3169 442 3282 499 Hoc
3311 452 3416 512 est,

126 544 173 590 et
198 534 329 589 Tito.
355 534 473 591 Non
498 534 773 591 voluntate
800 550 942 601 mea,
976 535 1071 593 sed
1101 536 1312 608 imperii
1336 535 1507 593 divini
1540 548 1727 591 neces-

125 628 308 684 sitate.

198 722 419 777 Ascendi
467 732 640 777 autem
708 723 992 778 secundum
1044 726 1432 782 reuelationem.
1490 724 1604 781 Hoc
1655 724 1732 780 ait

128 814 438 885 Apostolus.
470 814 605 869 Cum
651 816 919 883 venirem,
975 816 1168 889 inquit,
1196 817 1593 890 Jerosolymam
1639 831 1730 873 se-

127 906 358 962 cundum
408 907 792 965 revelationem
856 908 1001 975 Dei,
1049 913 1455 983 congregationi
1502 912 1729 966 fratrum

128 1016 225 1071 per
252 1001 665 1057 aedificationem
710 1017 883 1057 meam
917 1002 1127 1058 reddidi
1153 1005 1451 1068 rationem,
1483 1017 1728 1059 seorsum

128 1103 183 1148 et
206 1094 471 1163 apostolis
505 1111 520 1148 :
556 1109 662 1150 non
694 1105 751 1149 ut
779 1096 847 1151 ab
874 1095 979 1151 illis
1004 1095 1057 1149 in
1090 1096 1272 1166 aliquo
1301 1097 1615 1159 instruerer,
1641 1093 1732 1163 qui

128 1186 354 1256 plenam
380 1186 590 1242 fueram
612 1188 841 1258 gratiam
877 1196 1205 1243 consecutus
1238 1206 1252 1242 :
1280 1187 1383 1242 sed
1418 1194 1476 1241 ut
1504 1184 1731 1240 manife—

129 1287 331 1335 starem
360 1280 443 1336 eis
462 1289 614 1335 recto
635 1278 849 1347 ordine,
874 1295 961 1336 me
988 1278 1190 1335 Christi
1216 1278 1567 1349 Evangelium
1594 1292 1735 1348 prte-

128 1371 335 1428 dicare.

205 1463 271 1518 Et
301 1466 497 1518 contuli
532 1480 648 1518 cum
686 1458 797 1518 illis
822 1464 1161 1534 Evangelium
1188 1507 1202 1532 ,
1232 1464 1372 1536 quod
1413 1465 1641 1536 praedico
1681 1464 1735 1519 in

132 1556 379 1627 gentibus.
413 1555 529 1611 Non
579 1556 777 1625 didici,
831 1556 927 1613 sed
973 1558 1178 1613 contuli
1224 1558 1607 1629 Evangelium,
1638 1572 1737 1629 per

133 1648 274 1719 quod
306 1658 497 1720 gentes
526 1650 642 1704 sola
673 1648 779 1704 fide
806 1649 1111 1706 salvantur.

205 1741 452 1797 Seorsttm
481 1749 653 1795 autem
683 1740 765 1795 his
795 1741 887 1812 qui
916 1741 1222 1795 videbantur
1256 1740 1459 1809 aliquid
1488 1757 1616 1796 esse.
1659 1739 1738 1796 Ne

132 1832 257 1889 illos
280 1833 534 1903 discipuli
559 1832 627 1887 de
658 1832 956 1903 Evangelio
982 1832 1233 1888 dubitare
1262 1840 1534 1902 putarent.

204 1925 290 1980 Ne
317 1928 453 1997 forte
478 1926 531 1979 in
562 1940 781 1979 vacuum
803 1940 1081 1990 currerem,
1113 1934 1201 1978 aut
1228 1925 1591 1979 cucurrissem.
1627 1924 1741 1980 Hoc

132 2034 240 2076 non
272 2027 359 2074 est
384 2017 699 2083 dubitantis,
729 2017 824 2074 sed
858 2018 1035 2089 potius
1058 2016 1453 2072 confirmantis.

206 2110 316 2167 Sed
343 2126 506 2180 neque
529 2109 698 2176 Titus,
728 2111 817 2180 qui
842 2127 1035 2164 ntecum
1058 2120 1189 2174 erat,
1217 2126 1335 2163 cum
1363 2118 1489 2164 esset
1514 2111 1741 2181 gentilis,

137 2202 432 2273 compulsus
462 2212 534 2256 est
563 2202 880 2256 circumcidi.
910 2202 968 2256 ln
998 2217 1226 2257 vacuum
1252 2204 1511 2257 cucurrit.

209 2295 317 2351 Sed
367 2304 580 2368 prapter
630 2296 1046 2351 subintroductos
1092 2297 1253 2367 falsos
1290 2300 1498 2367 fratres.
1550 2295 1747 2352 Reddit

139 2405 333 2448 causas
362 2405 462 2446 cur
493 2389 837 2447 circumcidit
864 2390 1041 2446 Titum
1075 2410 1086 2444 :
1117 2407 1224 2447 non
1253 2392 1375 2461 quia
1400 2390 1477 2445 illi
1509 2390 1745 2445 circum-

140 2482 273 2539 cisio
326 2481 650 2554 prodesset,
702 2481 798 2537 sed
850 2490 909 2537 ut
935 2482 1251 2539 scandalum
1294 2482 1589 2538 imminens
1611 2482 1750 2537 vita-

149 2583 319 2630 retur.

212 2667 317 2733 Qui
364 2666 772 2723 subintroierunt
824 2670 1096 2739 explorare
1149 2668 1436 2725 libertatem
1481 2678 1744 2736 nostram,

141 2776 299 2834 quam
340 2760 586 2816 habemus
612 2763 663 2816 in
702 2761 909 2816 Christo
938 2761 1068 2817 Iesu
1102 2780 1120 2818 :
1152 2772 1205 2817 ut
1235 2780 1329 2819 nos
1358 2765 1413 2818 in
1457 2764 1751 2819 servitutem

143 2854 455 2925 redigereut.
480 2852 593 2921 Qua
622 2853 852 2909 absoluti
882 2869 1069 2910 sumus
1093 2870 1123 2909 a
1147 2855 1278 2926 jugo
1309 2856 1458 2927 legis.

217 2945 418 3013 Quibus
440 2961 605 3014 neque
632 2946 703 2998 ad
730 2944 911 3000 horum
941 2948 1188 3001 cessimus
1215 2947 1547 3017 subjectioni,
1585 2954 1639 2999 ut
1664 2962 1750 3001 ve-

146 3040 270 3094 ritas
295 3038 566 3111 Evangelii
593 3050 888 3111 permaneat
932 3041 1073 3113 apud
1102 3057 1209 3095 vos.
1245 3041 1317 3097 Ut
1344 3040 1643 3111 periculum
1671 3042 1753 3096 vi-

148 3139 383 3188 taremus
412 3150 424 3186 :
453 3142 510 3188 et
550 3142 737 3189 essent
764 3133 815 3187 in
850 3134 1005 3189 nobis
1039 3134 1131 3205 qui
1158 3134 1443 3191 veritatem
1469 3134 1748 3206 Evangelii

150 3226 560 3281 confirmarent.

217 3319 291 3373 Ab
317 3320 396 3373 his
428 3328 602 3374 autem
649 3320 737 3389 qui
780 3320 1087 3375 videbantur
1133 3336 1242 3375 esse
1284 3320 1504 3392 aliquid.
1539 3320 1638 3376 Hic
1664 3336 1759 3376 eos

152 3410 443 3482 significat,
500 3409 594 3482 qui
638 3411 859 3467 Galatas
901 3410 1183 3481 judaizare
1212 3413 1589 3481 compulerunt
1620 3429 1632 3464 :
1665 3410 1759 3482 qui

151 3501 441 3574 aliquando
477 3501 722 3575 insignes
746 3505 887 3559 inter
915 3503 1212 3574 discipulos
1234 3505 1609 3574 apostolorum
1641 3504 1761 3559 fue-

152 3602 271 3649 rant
304 3613 318 3650 :
347 3594 554 3667 quique
576 3596 828 3665 praesenti
860 3604 1111 3665 tempore
1134 3611 1163 3650 a
1194 3596 1301 3652 fide
1331 3596 1665 3663 Christiana,
1691 3595 1759 3651 ad

152 3686 592 3743 observationem
626 3686 906 3743 Iudaicam
932 3688 1343 3743 convertebant.

225 3780 415 3847 Quales
444 3780 730 3849 aliquando
759 3781 973 3852 fuerint,
1002 3782 1135 3835 nihil
1179 3798 1294 3835 mea
1342 3783 1573 3836 interest.
1620 3780 1761 3835 Deus

154 3874 286 3928 enim
314 3890 597 3945 personam
634 3873 856 3927 hominis
895 3890 999 3926 non
1047 3874 1256 3944 accipit.
1302 3871 1421 3927 Non
1450 3871 1581 3927 mihi
1631 3888 1761 3927 cura

156 3976 253 4033 eet,
288 3966 413 4038 quia
446 3980 569 4020 cum
602 3964 835 4020 Domino
858 3963 1273 4018 ambulaverunt
1308 3981 1321 4017 :
1351 3966 1474 4033 quia
1505 3978 1604 4018 nec
1628 3971 1763 4018 tem-

156 4072 253 4128 pus
280 4058 608 4129 prtejudicat
640 4056 792 4121 fidei,
827 4070 927 4110 nec
954 4069 1186 4125 persona
1218 4055 1411 4110 labori.

225 4150 361 4203 Mihi
386 4158 557 4203 autem
582 4149 670 4217 qui
698 4147 1005 4201 videbantur
1032 4163 1141 4201 esse
1175 4146 1395 4216 aliquid,
1420 4148 1551 4201 nihil
1578 4159 1761 4203 contu-

159 4244 319 4297 lerunt
349 4259 369 4298 :
408 4241 502 4297 sed
528 4257 557 4296 e
579 4250 757 4296 contra
789 4257 906 4295 cum
936 4241 1200 4308 vidissent,
1232 4242 1371 4310 quod
1409 4242 1659 4297 creditum
1690 4252 1763 4298 est

160 4338 279 4391 mihi
303 4335 654 4408 Evangelium
684 4335 950 4405 prteputii.
978 4333 1048 4391 Ut
1080 4335 1367 4406 praedicem
1403 4335 1455 4391 in
1486 4336 1759 4407 gentibus,

161 4427 297 4484 sicut
326 4428 436 4484 illis
466 4426 694 4484 Iudaeis.

230 4523 376 4579 Sicut
399 4533 446 4580 et
476 4522 638 4579 Petro
666 4523 1092 4581 circumcisionis.
1122 4524 1225 4593 Qui
1254 4526 1390 4592 enim
1420 4536 1665 4599 operatus
1688 4538 1762 4584 est

1832 532 1975 603 quod
2010 534 2063 589 in
2086 537 2232 590 omni
2267 551 2407 607 pene
2434 536 2626 592 scribit
2648 534 2908 604 Epistola.

1905 624 2035 680 Cum
2081 638 2252 683 autent
2283 630 2501 684 venisset
2549 627 2751 698 Cephas
2782 628 3128 695 Antiochiam,
3165 629 3216 681 in
3246 630 3428 698 faciem

1831 718 1879 773 ei
1900 720 2063 774 restiti
2090 736 2107 774 .'
2128 722 2251 791 quia
2274 720 2694 793 reprehensibilis
2718 729 2849 774 erat.
2877 719 3189 775 Galatarum
3210 720 3437 775 infirmiv

1833 818 1919 866 tas
1946 813 2226 883 compellit
2255 828 2381 869 cum
2414 827 2662 879 narrare,
2709 811 2852 882 quod
2900 827 2999 867 nec
3030 811 3131 881 ipsi
3162 812 3439 881 apostolo-

1836 919 1953 959 rum
1995 906 2225 974 principi
2269 906 2432 961 Petro
2472 906 2807 976 pepercerit,
2839 906 3123 960 veritatem
3153 904 3438 975 Evangelii

1838 1012 1943 1051 non
1996 997 2165 1054 libere
2221 998 2534 1055 defendenti
2571 1016 2583 1051 :
2615 998 2755 1053 sicut
2802 998 2967 1053 etiam
3019 998 3086 1051 ad
3133 997 3435 1067 profectum

1835 1089 2246 1147 Corinthiorum
2274 1091 2901 1157 manifestatvisionem,
2932 1106 3094 1161 quam
3121 1091 3276 1145 annis
3308 1105 3440 1161 qua-

1839 1182 2141 1239 tuordecirn
2171 1184 2464 1240 celaverat.
2494 1184 2608 1240 Hoc
2633 1195 2815 1240 autem
2847 1194 3016 1240 totum
3048 1184 3147 1250 ait,
3169 1193 3229 1238 ut
3259 1193 3442 1239 osten-

1838 1275 1933 1330 dat
1974 1291 2269 1346 numquam
2301 1277 2732 1332 circumcisionis
2764 1277 2929 1333 fuisse
2974 1277 3264 1344 factorem,
3298 1276 3443 1348 quod

1838 1368 1908 1425 de
1952 1368 2044 1423 illo
2087 1367 2207 1425 falsi
2240 1370 2467 1440 apostoli
2500 1368 2901 1440 contingebant.
2938 1369 3091 1426 Unde
3119 1380 3175 1426 et
3202 1370 3326 1426 alibi
3355 1370 3442 1425 di—

1839 1462 1915 1517 cit
1942 1480 1954 1517 :
1979 1462 2095 1533 Ego
2126 1471 2329 1528 autem,
2364 1464 2581 1528 fratres,
2613 1463 2657 1516 si
2686 1463 3161 1519 circumcisionem
3184 1463 3440 1533 prtedico,

1841 1554 1972 1625 quid
2002 1554 2179 1611 adhuc
2205 1555 2643 1625 persecutionem
2675 1555 2887 1624 patior?

1916 1648 2077 1704 Prius
2116 1650 2275 1716 enim,
2307 1665 2462 1721 quant
2495 1649 2720 1703 venirent
2761 1648 2976 1719 quidam
3006 1664 3038 1701 a
3072 1647 3292 1717 Iacobo,
3335 1667 3450 1703 cum

1845 1745 2083 1815 gentibus
2111 1745 2309 1797 edebat.
2350 1743 2540 1798 Sciens
2567 1742 2667 1797 sibi
2695 1751 3001 1808 ostensum,
3033 1752 3094 1797 ut
3122 1743 3327 1799 nullius
3357 1758 3452 1813 ge-

1774 1837 1824 1897 B
1852 1834 2001 1889 neris
2021 1834 2297 1888 hominem
2326 1842 2552 1888 vocaret
2581 1833 2939 1887 immundum.

1921 1926 2051 1981 Cum
2082 1936 2252 1981 autem
2279 1927 2555 1991 venissent,
2585 1925 2917 1979 subtrahebat
2957 1936 3004 1981 et
3043 1928 3344 1997 segregabat
3374 1945 3450 1997 se,
3483 1954 3487 1959 ·

1851 2022 2036 2075 timens
2063 2036 2149 2077 eos
2188 2020 2277 2088 qui
2304 2034 2366 2073 ea:
2394 2019 2785 2072 circumcisione
2806 2028 2954 2073 erant
2988 2035 3006 2072 :
3046 2027 3094 2072 et
3132 2021 3454 2075 simulationi

1849 2116 1964 2185 ejus
1991 2118 2357 2165 consenserunt
2388 2110 2558 2182 caeteri
2586 2107 2781 2162 Iudtei.
2811 2108 2932 2165 Non
2964 2109 3083 2164 ideo
3111 2109 3457 2179 reprehensi-

1850 2204 1974 2260 bilis
2020 2213 2137 2260 erat
2160 2244 2174 2269 ,
2228 2202 2353 2273 quia
2403 2216 2526 2257 cum
2558 2201 2665 2255 illis
2696 2200 2891 2256 edebat
2921 2219 2934 2254 :
2985 2201 3080 2257 sed
3111 2202 3233 2272 quia
3267 2211 3455 2272 postea

1852 2307 2077 2368 propter
2110 2295 2361 2350 homines
2382 2309 2443 2350 se
2473 2292 2844 2349 subtrahebat.

1925 2389 2014 2443 Ita
2046 2398 2104 2443 ut
2126 2396 2173 2443 et
2204 2387 2472 2442 Barnabas
2495 2388 2765 2442 duceretur
2806 2387 2869 2440 ab
2896 2388 3038 2442 eisin
3062 2388 3207 2443 illam
3234 2390 3452 2443 simula-

1855 2486 2061 2555 tionem,
2097 2484 2198 2551 Qui
2223 2498 2433 2538 mecum
2464 2481 2528 2536 ad
2569 2490 2759 2551 gentes
2780 2481 2997 2549 missus,
3035 2484 3168 2539 nihil
3191 2484 3333 2542 inter
3358 2500 3453 2541 eos

1854 2579 2121 2635 docuerat
2151 2591 2275 2633 esse
2302 2575 2654 2633 discriminis.

1932 2670 2038 2725 Sed
2069 2686 2186 2723 cum
2214 2670 2473 2735 ridissem,
2498 2668 2636 2739 quod
2659 2684 2759 2723 non
2784 2677 2916 2724 recte
2934 2670 3259 2726 ambularent
3281 2674 3350 2726 ad
3377 2688 3461 2727 ve-

1855 2767 2065 2819 ritatem
2105 2764 2399 2835 Evangelii.
2433 2764 2697 2831 Quamvis
2742 2764 2844 2818 hoc
2877 2775 3096 2835 propter
3146 2767 3462 2822 scandalum

1858 2859 2067 2914 faceret
2097 2857 2408 2912 Iudaeorum
2440 2874 2451 2909 :
2484 2865 2663 2911 tamen
2696 2855 2911 2926 publice
2937 2858 3087 2912 illum
3118 2861 3371 2925 conveni,
3408 2866 3464 2913 ut

1855 2948 2060 3004 Iudicis
2085 2948 2367 3019 superbia,
2398 2956 2452 3002 et
2476 2947 2727 3018 gentibus
2753 2948 3067 3016 desperatio
3101 2951 3407 3006 tolleretur.

1930 3039 2058 3094 Dixi
2090 3040 2278 3109 Ceplue
2310 3056 2487 3092 coram
2533 3038 2786 3095 onmibus.
2834 3039 3119 3096 Publicum
3149 3043 3463 3098 scandalum

1859 3149 1966 3191 non
1992 3141 2205 3205 poterat
2231 3134 2436 3202 private
2458 3132 2655 3189 curari.

1779 3225 1826 3287 C
1933 3227 1994 3282 Si
2020 3236 2073 3280 tu
2096 3242 2214 3280 cum
2239 3225 2463 3281 Iudteus
2486 3227 2578 3280 sis.
2610 3225 2667 3281 Si
2694 3236 2749 3281 tu
2781 3241 2889 3281 non
2920 3237 3094 3295 tenes,
3128 3228 3270 3298 quod
3304 3237 3465 3286 natus

1864 3334 1923 3375 es
1954 3338 1965 3373 :
2000 3318 2273 3390 quomodo
2305 3319 2425 3373 illos
2460 3317 2598 3373 facis
2638 3328 2824 3373 tenere
2853 3319 2998 3388 quod
3024 3320 3134 3373 nati
3167 3336 3273 3376 non
3304 3324 3472 3378 sunt?

1863 3413 2150 3469 Rationem
2184 3412 2383 3478 reddit,
2416 3426 2523 3466 non
2550 3410 2805 3479 injuriam
2836 3410 2981 3466 facit.

1937 3504 2215 3561 Gentiliter
2260 3504 2412 3568 vivis,
2458 3510 2506 3555 et
2552 3517 2654 3555 non
2680 3500 2920 3555 Judaice.
2956 3502 3072 3558 Non
3102 3520 3169 3559 ex
3214 3507 3472 3577 operibus

1864 3597 2024 3668 legis,
2060 3595 2157 3652 sed
2187 3593 2299 3649 sola
2324 3592 2432 3647 ﬁde
2455 3592 2600 3649 sicut
2626 3602 2837 3663 gentes,
2872 3594 3040 3651 vitam
3064 3596 3115 3651 in
3137 3595 3355 3655 Christo
3382 3600 3472 3657 in-

1865 3688 2084 3743 venisse
2114 3694 2167 3741 te
2193 3684 2359 3740 nosti.

1942 3777 2212 3845 Quomodo
2240 3784 2417 3850 gentes
2440 3776 2580 3847 cogis
2600 3777 2922 3849 judaizare?
2955 3777 3064 3834 Cur
3093 3780 3368 3839 subtrahis
3396 3791 3468 3851 te,

1871 3879 2142 3939 tamquam
2171 3884 2201 3923 a
2232 3866 2651 3937 peccatoribus?

1942 3961 2057 4017 Nos
2087 3971 2275 4015 natura
2316 3960 2517 4028 Iudaei,
2548 3970 2597 4015 et
2636 3978 2741 4016 non
2788 3980 2851 4017 ea:
2888 3964 3125 4035 gentibus
3159 3978 3470 4035 peccatores.

1869 4057 2194 4114 Peccatores
2220 4065 2401 4112 tamen
2434 4071 2651 4112 eramus
2685 4060 2846 4129 :quia
2885 4060 3154 4116 conclusit
3191 4060 3471 4134 Scriptura

1869 4151 2052 4205 omnia
2083 4150 2183 4204 sub
2204 4157 2446 4219 peccato.

1944 4242 2178 4298 Scientes
2202 4249 2375 4295 autem
2404 4241 2545 4311 quod
2572 4258 2674 4297 non
2692 4244 3009 4314 justiﬁcatur
3029 4245 3184 4301 homo
3210 4262 3276 4300 ex
3296 4249 3466 4316 operi-

1870 4338 1963 4393 bus
1982 4338 2134 4411 legis,
2168 4339 2267 4393 nisi
2296 4356 2385 4408 per
2406 4338 2564 4409 fidem
2593 4338 2719 4392 Iesu
2749 4338 2942 4394 Christi
2968 4356 2988 4395 :
3009 4351 3055 4394 ct
3082 4356 3173 4392 nos
3194 4340 3247 4392 in
3269 4338 3473 4395 Christo

1868 4432 1996 4487 Iesu
2023 4434 2302 4499 credimus,
2336 4441 2392 4484 ut
2414 4433 2764 4503 justi/icemur
2801 4449 2864 4486 ex
2889 4433 2994 4501 ﬁde
3023 4432 3235 4496 C/tristi,
3279 4441 3325 4484 et
3367 4448 3469 4487 non

1868 4542 1933 4581 ea:
1962 4527 2202 4596 operibus
2244 4524 2391 4597 legis.
2421 4522 2646 4595 Pr0pter
2675 4525 2813 4592 quod
2837 4540 2899 4577 ca:
2927 4523 3161 4594 aperibus
3191 4523 3338 4592 legis,
3370 4540 3474 4578 non

165 4612 317 4671 Petro
365 4619 419 4672 in
469 4618 816 4690 apostolatum
847 4618 1279 4686 circumcisionis,
1314 4631 1559 4688 aperatus
1607 4632 1679 4677 est
1711 4632 1755 4677 et
1785 4607 1834 4667 D
1852 4618 2230 4691 justiﬁcabitur
2280 4616 2448 4670 onmis
2496 4630 2639 4669 caro.
2690 4614 2865 4683 Opera
2907 4614 3082 4683 legis:
3123 4614 3468 4670 circumcisio

165 4707 287 4761 mihi
326 4709 456 4764 inter
484 4718 681 4781 gentes.
717 4708 785 4762 Et
816 4725 932 4763 cum
976 4711 1329 4782 cognouissent
1371 4714 1614 4782 gratiam,
1645 4730 1760 4785 qute

170 4798 289 4854 data
308 4814 381 4857 est
401 4803 547 4857 mihi.
578 4803 634 4858 In
662 4803 813 4859 nullo
844 4818 964 4859 sum
999 4805 1090 4859 illo
1119 4804 1345 4862 inferior
1371 4823 1387 4865 :
1414 4807 1539 4877 quia
1563 4808 1631 4864 ab
1650 4825 1758 4865 uno

171 4890 280 4948 Deo
306 4909 489 4951 sumus
515 4896 566 4951 in
593 4895 900 4952 ministerio
930 4896 1186 4953 ordinati.

241 4984 488 5057 Iacobus,
520 4999 567 5045 et
598 4989 821 5062 Cephas,
853 4999 899 5045 et
926 4990 1183 5058 Ioannes,
1230 4993 1319 5063 qui
1348 4993 1648 5049 uidebantur
1676 5011 1762 5050 co-

174 5078 360 5134 lumnte
383 5098 507 5136 esse.
533 5082 708 5153 Super
736 5098 870 5153 quas
900 5091 1017 5138 erat
1044 5082 1288 5138 Ecclesia
1312 5086 1654 5142 confirmata.

245 5166 461 5227 Dextras
483 5174 751 5229 dederunt.
784 5175 859 5230 Ita
892 5190 993 5231 nos
1021 5175 1220 5232 docere
1239 5176 1461 5233 debere.

251 5260 382 5314 Mihi
411 5274 456 5317 et
478 5264 753 5337 Barnabte,
793 5268 1049 5324 societatis
1082 5278 1177 5324 :ut
1218 5286 1311 5324 nos
1350 5271 1404 5324 in
1433 5278 1626 5341 gentes,
1661 5271 1765 5340 ipsi

180 5360 352 5405 autem
379 5353 430 5406 in
458 5356 911 5415 circumcisionem.
938 5360 1115 5417 Ambo
1144 5362 1287 5418 enim
1316 5362 1469 5419 missi
1501 5371 1660 5419 erant
1689 5364 1769 5418 si-

185 5442 321 5507 mul,
353 5452 410 5496 ut
436 5448 685 5515 gentibus
707 5452 1087 5521 praedicarent.

258 5530 476 5586 Tantum
500 5546 551 5588 ut
576 5556 860 5611 pauperum
882 5562 1128 5602 memores
1174 5564 1420 5605 essemus.
1464 5549 1564 5617 Qui
1589 5548 1774 5606 omnia

189 5636 286 5678 sua
315 5622 716 5695 distribuentes,
748 5635 813 5689 ad
842 5639 1211 5707 apostolorum
1257 5642 1424 5710 pedes
1466 5644 1636 5711 pretia
1679 5643 1775 5699 de-

192 5716 478 5785 poncbant.
531 5717 623 5773 Vel
661 5720 907 5792 fquorum
966 5730 1109 5786 bona
1137 5733 1349 5791 fuerant
1386 5750 1417 5792 a
1459 5733 1662 5792 Judmis
1706 5736 1789 5792 in-

191 5824 317 5868 vasa
352 5828 366 5867 :
398 5812 533 5869 sicut
566 5812 786 5885 legimus
816 5820 880 5876 ad
909 5823 1186 5881 llebrzcos.

465 5910 728 5975 Par-non.
780 5914 995 5980 XXX.

1865 4719 1919 4768 et
1940 4710 2245 4776 sabbatum,
2272 4708 2388 4763 dies
2411 4707 2556 4773 festi,
2580 4714 2636 4760 et
2681 4714 2898 4771 caetera,
2948 4722 3066 4775 qua:
3097 4721 3203 4761 non
3249 4716 3471 4776 propter

1851 4803 2140 4874 justitiam,
2173 4800 2270 4857 sed
2298 4800 2366 4854 ad
2396 4797 2751 4854 edomandam
2804 4798 2983 4868 populi
3035 4799 3285 4854 duritiam
3332 4810 3463 4856 sunt

1866 4896 2144 4953 mandata.

1944 4988 2097 5057 Quod
2125 4988 2171 5041 si
2192 4994 2483 5056 quaerentes
2514 4984 2803 5057 justiﬁcari
2826 4986 2879 5037 in
2908 4984 3131 5053 Christo,
3164 4986 3351 5041 inventi
3390 5005 3479 5043 su-

1868 5098 1983 5137 mus
2010 5090 2056 5135 et
2089 5080 2191 5149 ipsi
2234 5085 2530 5149 peccatores
2560 5093 2577 5131 :
2606 5076 2856 5145 numquid
2891 5074 3123 5129 Christus
3151 5081 3345 5149 peccati
3385 5081 3486 5134 mi-

1872 5176 2029 5231 nister
2056 5172 2170 5227 est?
2199 5170 2363 5224 Absit.
2414 5170 2471 5225 Si
2504 5170 2648 5225 enim
2679 5178 2870 5239 gentes
2901 5168 3036 5224 fides
3078 5170 3194 5224 sola
3229 5185 3334 5225 non
3367 5172 3479 5227 sal-

1872 5276 2005 5336 vat,
2038 5280 2140 5322 nec
2169 5279 2267 5320 nos
2303 5281 2317 5318 :
2350 5262 2478 5334 quia
2508 5278 2575 5319 ex
2622 5261 2880 5331 operibus
2924 5274 3084 5317 nemo
3128 5261 3473 5332 justiflcatur.

1876 5360 2022 5430 Ergo
2037 5358 2216 5414 adhuc
2229 5364 2546 5428 peccatores
2557 5367 2765 5421 sumus,
2790 5362 2844 5409 et
2857 5352 3104 5409 Christus
3138 5362 3481 5423 peccatorum

1881 5452 2132 5507 minister
2160 5458 2263 5516 est,
2290 5456 2563 5517 tamquam
2592 5461 2698 5502 non
2716 5447 2903 5501 valens
2935 5454 3151 5515 peccata
3176 5444 3477 5514 indulgere.

1955 5544 2021 5599 Si
2062 5542 2199 5596 enim
2229 5556 2345 5610 qua:
2375 5539 2631 5607 destruxi,
2661 5539 2851 5593 iterum
2880 5539 2989 5593 haec
3014 5537 3303 5605 recedi/ica,
3337 5554 3475 5607 prae:

1885 5638 2227 5694 varicatorem
2240 5650 2321 5688 me
2341 5633 2621 5688 constituo.
2647 5631 2703 5688 Si
2727 5632 2975 5687 destruxi
2997 5630 3235 5697 Iudaeos,
3261 5637 3317 5685 et
3340 5646 3473 5687 nunt

1891 5731 1973 5803 (ut
2004 5729 2078 5785 illi
2109 5726 2320 5798 dicunt)
2350 5726 2501 5797 ipsos
2534 5725 2831 5797 l'OiEdlﬁCO,
2870 5740 3009 5781 meae
3040 5723 3318 5782 sententia:
3350 5739 3490 5796 prae-

1890 5824 2161 5881 varicator
2187 5819 2454 5878 invenior.
