4008 6188
525 254 624 313 811

601 368 712 437 Ego
760 367 898 421 enim
941 376 1030 431 per
1059 360 1139 428 leg

530 432 674 531 quod
704 459 857 519 dicit,
901 468 995 523 per
1036 452 1206 517 legem
1250 440 1478 502 Christi,
1520 435 1624 504 legi
1674 432 1840 502 Moysi
1874 434 2124 482 mortuus

533 573 675 612 sum.
722 554 829 607 Aut
852 558 1000 603 certe
1032 560 1128 613 per
1159 544 1330 612 ipsam
1374 534 1548 605 Moysi
1573 534 1771 600 legem,
1805 525 1940 595 legis
1980 522 2125 591 ejus-

534 648 657 701 dem
704 658 822 695 sum
860 611 1333 692 observationibus
1367 626 1631 681 liberatus
1662 640 1673 673 :
1713 618 1965 688 quohiam
1996 611 2128 666 scri-

539 749 688 808 ptum
715 743 801 789 est
828 733 882 787 in
908 729 1097 784 eadem
1129 727 1248 795 lege
1279 740 1293 777 :
1322 720 1456 788 Quia
1478 714 1752 772 Abraham
1782 725 1848 765 ex
1876 708 1980 763 llde
2016 706 2131 777 jus-

535 800 771 888 iiﬁcatus
812 836 915 892 est,
940 832 1126 879 etnon
1158 835 1225 874 ex
1258 815 1514 888 operibus
1544 809 1701 879 legis.
1750 805 1882 861 Item
1912 817 2008 872 per
2052 800 2131 857 le-

535 939 654 995 gem
708 919 934 981 Christi.
964 915 1068 986 legi
1111 913 1332 974 litteris,
1368 917 1421 962 et
1463 901 1633 974 Moysi
1660 898 1765 969 legi
1794 894 1964 951 veteri
2011 906 2130 947 sum

536 1028 787 1075 mortuus
821 1032 832 1068 :
865 1013 991 1082 quia
1024 1010 1141 1079 ipsa
1176 1020 1237 1061 se
1269 1009 1605 1059 cessaturam
1634 1009 1758 1051 esse
1787 986 2059 1059 praedixit.

612 1110 679 1167 Ut
717 1109 825 1163 Deo
868 1081 1053 1159 vivam.
1096 1100 1235 1169 Quia
1266 1098 1439 1167 legem
1478 1104 1631 1147 suam
1682 1081 1985 1141 innovavit.

609 1201 818 1257 Christo
845 1194 1133 1263 cruciﬁxus
1164 1206 1281 1245 sum
1332 1185 1493 1240 cruci.
1559 1179 1831 1237 Omnibus
1873 1171 2133 1245 peccatis,

537 1295 735 1366 quibus
767 1292 854 1346 lex
892 1300 973 1345 est
1005 1288 1152 1349 data,
1178 1298 1297 1338 sum
1337 1287 1585 1335 mortuus
1622 1292 1633 1327 :
1668 1287 1802 1343 ergo
1846 1270 1935 1325 lex
1976 1266 2135 1322 minT-

542 1406 629 1447 me
680 1396 765 1443 est
796 1382 1128 1440 necessaria.

620 1482 753 1535 Vivo
782 1486 952 1533 autem
981 1491 1083 1527 non
1123 1450 1413 1541 ego.Vetus
1452 1464 1639 1519 homo.

622 1573 761 1628 Vivit
798 1586 913 1624 vero
967 1568 1020 1619 in
1050 1579 1126 1617 me
1157 1560 1418 1617 Christus.
1468 1556 1527 1610 In
1586 1554 1677 1607 illo
1696 1549 1829 1606 vivit
1857 1545 2135 1609 Christus,

547 1671 600 1724 in
645 1681 754 1737 quo
800 1662 1047 1718 Christus
1078 1664 1287 1727 vegetat
1323 1661 1477 1707 actus
1522 1658 1577 1704 et
1619 1647 1809 1701 vitam.

1564 231 1622 286 S.
1668 224 2049 283 ΙΙῘΕΠΟΝῊΙΙ
2089 218 2367 276 ορεῐιωι
2410 214 2773 271 ΜᾹΝΤΙΞΞᾹ.

1145 369 1223 408 em
1254 350 1355 422 legi
1379 353 1613 399 mortuus
1649 356 1784 393 sum.
1842 337 1959 390 Hoc
2010 343 2115 396 est,
2148 333 2198 392 Α
2300 328 2401 394 Qui
2424 344 2544 397 ergo
2576 326 2751 379 tribuit
2781 324 2921 379 vobis
2948 322 3209 393 spiritum,
3242 329 3291 375 et
3334 325 3586 390 aperatur
3621 315 3846 369 virtutes

3734 204 3846 259 8H

2228 425 2281 475 in
2326 422 2465 473 robis
2494 434 2513 473 :
2536 418 2864 497 cxpperibus
2904 416 3052 487 legis,
3085 432 3154 467 an
3186 430 3251 467 ex
3291 412 3479 464 auditu
3522 409 3678 473 fidei,
3710 409 3846 460 sicut

2227 515 2477 583 scriptum
2500 522 2595 565 est.
2627 509 2889 583 Spiritum
2922 518 3167 563 sanctum
3213 505 3330 562 sola
3378 503 3487 558 ﬁde
3516 499 3837 570 accepistis,

2230 610 2320 680 qui
2373 624 2477 662 non
2520 607 2621 660 nisi
2664 621 2691 659 a
2722 606 2881 673 justis
2910 604 3215 675 accipitur:
3243 602 3423 668 jnstos
3473 610 3664 654 autem
3722 597 3843 651 sine

2231 703 2367 772 legis
2398 701 2658 755 oneribus
2685 712 2811 752 esse
2834 711 2928 751 vos
2958 705 3192 751 constat.

2305 792 2571 847 Abraham
2594 788 2817 845 credidit
2849 787 2980 852 Deo,
3006 798 3055 842 et
3080 794 3383 856 reputatum
3416 792 3490 839 est
3520 782 3605 837 illi
3633 780 3708 835 ad
3725 785 3844 855 jus-

2235 887 2423 940 titiam.
2448 883 2527 938 lta
2558 894 2610 938 et
2639 882 2795 938 vobis
2822 881 2889 935 ad
2916 880 3184 952 justitiam
3215 877 3330 931 sola
3359 874 3567 930 sullteit
3610 873 3768 928 ﬁdes.

2308 977 2616 1048 Coguoscite
2646 991 2789 1044 ergo,
2830 972 2954 1040 quia
2984 975 3075 1041 qui
3101 986 3164 1025 ea:
3191 969 3295 1039 [ide
3327 976 3472 1032 sunt,
3505 965 3562 1020 hi
3609 976 3732 1020 sunt
3750 966 3847 1032 ﬁlii

2238 1069 2480 1124 Abi-alue.
2514 1068 2641 1124 Sive
2666 1063 2863 1131 Juda‘i,
2892 1064 3006 1119 sive
3027 1060 3227 1123 Grzeci,
3274 1075 3382 1115 non
3408 1060 3713 1114 carnaliter
3743 1057 3847 1112 cir-

2237 1162 2487 1216 cumeisl.

2314 1255 2599 1310 Providens
2640 1262 2811 1308 autem
2853 1252 3156 1322 Scriptura,
3189 1248 3311 1319 quia
3344 1262 3409 1301 ea:
3436 1246 3540 1316 [ide
3585 1244 3850 1317 justiﬁcat

2240 1362 2416 1423 gentes
2441 1350 2599 1413 Deus,
2633 1346 2996 1417 praznuntiavit
3030 1344 3251 1396 Abraha:
3275 1357 3293 1400 :
3320 1341 3445 1411 quia
3472 1340 3849 1393 benedicentur

2240 1445 2294 1497 in
2327 1452 2375 1497 te
2403 1458 2576 1495 omnes
2607 1450 2804 1511 gentes.
2830 1438 2950 1493 Non
2980 1451 3085 1491 una
3128 1450 3261 1505 gens
3303 1433 3545 1501 Judaica,
3598 1431 3699 1487 sed
3730 1446 3856 1486 om-

2242 1554 2341 1595 nes
2367 1553 2490 1608 qua!
2520 1552 2586 1592 ex
2614 1535 2875 1606 operibus
2906 1533 3043 1605 legis
3070 1541 3217 1587 sunt.

2317 1630 2490 1701 Igitur
2544 1629 2632 1700 qui
2680 1644 2747 1682 ea:
2792 1627 2895 1696 [ide
2949 1634 3094 1690 sunt,
3144 1623 3495 1678 bertediccntr-r
3541 1638 3658 1675 cum
3700 1619 3856 1691 ﬁdeli

619 1719 771 1826 Qitod
812 1765 983 1809 autem
1028 1765 1168 1805 nunc
1199 1750 1311 1800 vivo
1344 1746 1399 1797 in
1430 1758 1606 1805 carne,
1640 1740 1695 1791 in
1748 1734 1853 1802 ﬁde
1905 1733 2017 1785 viro
2043 1730 2141 1800 ﬁlii
2175 1722 2217 1783 Β
2245 1722 2528 1777 Abraham.
2561 1720 2677 1775 Non
2701 1721 2847 1775 enim
2870 1719 3208 1774 circumcisa:
3240 1726 3364 1772 sunt
3388 1725 3601 1789 gentes,
3629 1724 3690 1769 ut
3724 1726 3855 1785 pos-

549 1856 665 1910 Dei.
700 1853 755 1907 In
789 1850 902 1903 sola
930 1846 1033 1900 [ide
1070 1862 1080 1896 :
1113 1843 1239 1913 quia
1275 1838 1405 1891 nihil
1433 1835 1607 1889 debeo
1636 1829 1741 1901 legi
1771 1828 2031 1895 antiqute.

622 1945 723 2014 Qui
750 1942 932 1997 dilexit
982 1953 1085 2001 me,
1140 1944 1185 1987 et
1216 1930 1434 1985 tradidit
1484 1927 1712 1996 seipsum
1742 1935 1836 1993 pro
1864 1934 1967 1972 me.
2024 1915 2142 1971 Non

548 2011 855 2113 pecuniam,
889 2047 991 2085 non
1018 2025 1234 2096 aliquod
1269 2022 1414 2077 aliud
1461 2018 1719 2090 pretium,
1753 2011 1849 2068 sed
1882 2026 1962 2065 se.

624 2132 744 2186 Non
765 2127 954 2200 abjicio
982 2122 1202 2191 gratiam
1226 2116 1339 2169 Dei.
1367 2114 1483 2168 Non
1507 2112 1679 2167 debeo
1702 2121 1824 2163 esse
1850 2104 1926 2159 illi
1956 2102 2144 2172 ingra-

545 2238 634 2281 tus
667 2243 679 2277 :
710 2223 800 2293 qui
827 2199 918 2275 me
964 2224 1174 2271 tantum
1208 2208 1420 2274 dilexit,
1454 2215 1511 2261 ut
1550 2220 1648 2274 pro
1670 2217 1757 2257 me
1786 2199 1950 2254 etiam
1970 2209 2145 2251 more-

547 2286 968 2381 t-ctur.-Abjecta
1003 2308 1145 2363 enim
1188 2313 1271 2359 est
1295 2300 1490 2372 gratia,
1518 2298 1562 2353 si
1591 2295 1721 2350 mihi
1750 2292 1866 2348 sola
1891 2305 1997 2345 non
2031 2286 2144 2343 sul-

551 2412 683 2464 licit.

619 2503 679 2558 Si
700 2502 837 2556 enim
870 2513 958 2570 per
981 2496 1142 2566 legem
1158 2490 1389 2565 justitia,
1422 2502 1541 2557 ergo
1564 2484 1728 2556 gratis
1751 2480 1991 2536 Christus
2008 2492 2147 2530 mor-

543 2610 663 2651 tuus
692 2604 783 2647 est.
809 2591 871 2647 Si
898 2590 982 2644 lex
1014 2594 1231 2658 poterat
1255 2579 1577 2652 justiﬁearo,
1603 2572 1879 2646 superﬂue
1901 2575 2149 2625 mortuus

548 2702 631 2747 est
676 2688 946 2743 Christus.

744 2741 772 2771 ⁵
1162 2744 1389 2804 CAPUT
1442 2741 1531 2798 HL

625 2870 670 2926 0
698 2866 947 2923 iuseusati
976 2862 1202 2917 Galatas.
1243 2858 1361 2913 Non
1395 2864 1479 2911 est
1508 2850 1847 2909 contrarium
1895 2845 2149 2903 Salvato-

551 2968 625 3019 ris
658 2960 846 3022 verbo,
889 2970 999 3025 quo
1048 2955 1272 3007 fratrem
1328 2950 1535 3003 fatuum
1587 2943 1772 2999 vocari
1818 2938 2147 3011 prohibuit:

553 3071 663 3111 non
694 3051 839 3106 enim
872 3046 959 3101 hic
984 3045 1184 3099 dicitur
1213 3043 1334 3096 sine
1363 3052 1548 3094 causo.

2247 1821 2352 1873 sint
2378 1834 2447 1873 ex
2477 1817 2737 1887 operibus
2761 1814 3033 1870 benedici.

2322 1911 2642 1978 Quicumque
2669 1908 2807 1965 enim
2831 1922 2894 1963 ex
2920 1907 3157 1978 aperibus
3190 1906 3318 1977 legis
3338 1914 3479 1971 sunt,
3504 1904 3599 1958 sub
3628 1902 3851 1956 maledi-

2251 2014 2333 2060 cto
2356 2015 2493 2058 sunt.
2526 2002 2793 2072 Scriptum
2837 2011 2908 2054 est
2956 2002 3112 2054 enim.
3145 2000 3281 2068 Quia
3314 2001 3381 2053 ita
3416 1998 3704 2069 prtevaluit
3724 2010 3853 2049 con-

2247 2096 2479 2153 suetudo
2512 2096 2791 2166 peccandi,
2823 2104 2878 2149 ut
2909 2109 3068 2149 nemo
3089 2094 3199 2162 jam
3227 2092 3469 2159 perﬁciat
3501 2090 3702 2161 legem.

2322 2192 2635 2245 Maledictus
2670 2190 2858 2249 omnis,
2905 2189 2992 2256 qui
3016 2204 3118 2242 non
3148 2187 3491 2253 permanserit
3522 2186 3573 2239 in
3616 2183 3855 2241 erunibus

2248 2303 2362 2358 qua'
2386 2287 2581 2355 scripta
2608 2294 2730 2338 sunt
2760 2284 2814 2337 in
2844 2282 2976 2337 libro
2999 2282 3146 2355 legis,
3175 2292 3228 2336 ut
3257 2282 3417 2351 faciat
3447 2297 3527 2335 ea.
3579 2278 3696 2334 Hoc
3745 2290 3852 2347 est,

2249 2382 2339 2453 qui
2364 2397 2469 2436 non
2503 2382 2681 2434 omnia
2716 2393 2885 2450 usque
2912 2378 2977 2431 ad
3004 2377 3163 2431 ﬁdem
3208 2376 3341 2445 legis
3371 2374 3627 2430 mandata
3660 2390 3843 2429 serva-

2250 2478 2408 2530 verit.
2444 2472 2718 2541 Qumritur
2749 2486 2880 2525 sane
2910 2469 3012 2523 hoc
3045 2470 3187 2536 loco,
3214 2469 3257 2522 si
3292 2467 3427 2522 ﬁdes
3455 2468 3572 2521 sola
3608 2464 3849 2520 sufﬁciat

2250 2564 2599 2621 Christiano:
2629 2571 2683 2618 et
2723 2571 2903 2616 utrum
2925 2575 3033 2615 non
3066 2562 3135 2614 sit
3164 2558 3510 2623 maledictus,
3552 2558 3643 2628 qui
3670 2571 3841 2609 cvan-

2250 2662 2422 2733 gelica
2456 2666 2723 2729 praecepta
2755 2664 3092 2711 contemnet.
3152 2652 3258 2709 Sed
3286 2651 3421 2707 ﬁdes
3449 2653 3514 2705 ad
3544 2653 3647 2705 hoc
3684 2648 3853 2720 proli-

2252 2756 2347 2821 cit,
2383 2762 2442 2808 ut
2486 2754 2539 2807 in
2573 2748 2824 2821 primitiis
2848 2747 3195 2805 credulitatis
3225 2746 3547 2801 accedentes
3590 2743 3656 2797 ad
3682 2743 3847 2797 Deum

2248 2848 2533 2921 justiﬁcet,
2569 2845 2613 2901 si
2644 2845 2903 2912 deinceps
2932 2844 2985 2897 in
3021 2840 3413 2912 justiﬁcatione
3453 2846 3842 2911 permaneant:

2254 2954 2510 3001 urterum
2541 2942 2657 2995 sine
2704 2938 2960 3010 operibus
3002 2936 3149 3004 ﬁdei,
3183 2951 3289 2989 non
3324 2934 3479 3003 legis,
3510 2945 3725 2987 mortua
3768 2940 3849 2985 est

2263 3040 2415 3093 ﬁdes.
2476 3035 2577 3103 Qui
2620 3034 2763 3088 enim
2811 3046 2914 3084 non
2974 3028 3149 3084 (redit
3203 3026 3489 3089 mandatis,
3536 3036 3588 3079 et
3627 3039 3723 3077 eos
3764 3020 3853 3093 qui

630 3145 759 3214 Quis
787 3158 873 3196 vos
902 3136 1198 3211 fuscinavit.
1253 3133 1357 3186 Per
1401 3130 1545 3199 vulgi
1577 3126 1828 3187 verbum,
1878 3121 2145 3178 invidiam

2274 3128 2530 3200 Evangelii
2564 3133 2835 3197 prmeepta
2865 3130 3244 3187 contemnunt,
3285 3120 3603 3174 maledictos
3627 3131 3769 3181 esse,
3794 3124 3854 3171 et

556 3238 917 3311 signiﬁcavit:
952 3233 1095 3287 sicut
1125 3227 1199 3282 ait
1241 3225 1540 3281 Salomon:
1571 3216 1881 3274 Fuscinatio
1927 3213 2147 3285 nugaci-

557 3332 687 3390 tutis
718 3330 973 3385 obscurat
996 3326 1157 3379 bona.

633 3423 756 3479 Non
782 3418 986 3474 obedire
1015 3411 1255 3469 veritati?
1285 3409 1418 3462 Ante
1446 3421 1669 3477 quorum
1700 3401 1884 3457 oculos
1913 3399 2153 3455 Christus

555 3517 713 3574 Jesus
743 3511 1062 3585 proscriptus
1084 3515 1179 3560 est.
1212 3502 1420 3569 Quibus
1447 3513 1544 3571 per
1576 3510 1753 3551 meam
1807 3491 2148 3564 prasdleatio-

555 3608 766 3665 nemita
784 3603 1125 3661 manifestata
1144 3606 1233 3652 est
1253 3593 1438 3665 passio
1451 3592 1591 3663 ejus,
1614 3600 1672 3644 ut
1703 3590 1877 3658 ipsum
1908 3595 2033 3640 ante
2057 3596 2155 3638 vos

560 3698 801 3771 pendere
828 3694 1113 3764 putaretis.
1134 3687 1480 3756 Proscriptus
1512 3694 1615 3747 est,
1642 3680 1971 3737 sententiam
2001 3675 2155 3732 dam-

560 3788 797 3846 nationis
823 3782 1053 3851 accepit.

632 3882 699 3935 Et
730 3881 779 3932 in
802 3876 942 3930 vobis
970 3871 1276 3939 crucifixus.
1307 3866 1479 3936 Quasi
1503 3865 1651 3937 apud
1679 3879 1774 3921 vos
1803 3862 1987 3919 omnia
2016 3860 2154 3916 facta
2197 3878 2203 3883 '

558 3978 687 4032 sint.
712 3972 843 4026 Sive
870 3968 973 4032 sic,
1019 3978 1180 4033 quem
1228 3975 1360 4017 vero
1400 3974 1495 4029 pro
1537 3958 1819 4026 damnato,
1852 3966 1905 4011 et
1936 3964 2154 4011 mortuo

558 4071 726 4126 etiam
777 4076 922 4120 nunc
964 4058 1130 4113 vllem
1179 4056 1412 4120 habetis,
1439 4054 1571 4109 dum
1600 4052 1806 4123 putatis
1847 4067 1971 4107 eum
2004 4049 2159 4105 vobis

563 4177 672 4217 non
704 4155 953 4211 sufﬁcere
975 4148 1039 4203 ad
1069 4148 1320 4202 salutem.

636 4250 753 4307 Hoc
782 4247 952 4305 solum
976 4259 1010 4297 tt
1038 4239 1181 4296 vobis
1206 4239 1323 4293 volo
1351 4238 1573 4292 discere.
1608 4236 1723 4291 Hoc
1755 4250 1920 4290 unum
1950 4249 2046 4290 vos
2074 4232 2159 4287 ln-

565 4356 805 4411 terrogo.

635 4434 719 4490 Ex
750 4429 988 4502 operibus
1018 4426 1145 4497 legis
1172 4424 1413 4493 spiritum
1441 4422 1735 4493 accepistis,
1779 4438 1848 4475 an
1882 4436 1947 4476 ex
1975 4419 2159 4475 auditu

564 4531 728 4601 ﬁdei?
781 4528 838 4585 Si
867 4541 932 4580 es
978 4521 1174 4579 merito
1220 4519 1341 4575 ﬁdei
1379 4518 1631 4588 spiritum
1680 4516 1988 4585 accepistis,
2027 4515 2156 4587 quid

566 4622 722 4680 nobis
750 4622 834 4676 lex
865 4617 1096 4687 amplius
1120 4614 1322 4684 poterit
1344 4610 1514 4667 dare?

638 4716 728 4771 Sic
752 4711 898 4767 stulti
929 4709 1071 4776 estis,
1103 4716 1154 4759 ut
1173 4721 1289 4760 cum
1314 4704 1504 4772 spiritu
1527 4703 1804 4774 cmperitis,
1838 4719 1978 4757 nunc
2006 4719 2161 4760 carne

570 4801 993 4863 tonsummemini
1016 4801 1040 4854 ?
1066 4798 1200 4859 Cum
1251 4811 1351 4851 nec
1377 4795 1551 4851 Judaei
1582 4797 1739 4851 aliter
1770 4796 2020 4865 spiritum
2072 4812 2163 4852 ac-

570 4901 794 4968 cipiunt,
833 4912 992 4965 quam
1016 4908 1109 4963 per
1141 4892 1301 4946 ﬁdem
1328 4890 1555 4953 Christi,
1594 4907 1689 4946 vos
1719 4894 2031 4956 econtratio
2063 4909 2162 4965 Pu‘

570 4991 694 5044 latis
724 4987 875 5045 \ohis
896 4985 1151 5054 Spiritum
1179 4999 1285 5038 non
1317 4982 1569 5039 sufﬁcere
1599 4985 1720 5039 sine
1739 4986 1876 5054 lege.

640 5078 810 5135 Tanta
835 5077 975 5149 passi
1003 5077 1125 5132 estis
1161 5076 1276 5129 siue
1313 5092 1494 5142 causa,
1528 5074 1573 5128 si
1622 5087 1795 5130 tamen
1826 5077 1936 5131 sine
1980 5094 2159 5134 causa.

568 5174 839 5239 Ostendit,
866 5173 991 5243 quia
1018 5173 1070 5226 in
1102 5170 1309 5227 Galatia
1344 5169 1649 5239 constituti,
1687 5186 1789 5241 pro
1815 5168 2019 5228 Christi
2059 5173 2165 5229 ﬁde

572 5270 718 5342 passi
769 5278 897 5325 sunt
954 5264 1413 5335 persecutionem.
1461 5262 1591 5317 Item
1650 5273 1794 5319 tanta
1839 5265 1958 5320 sine
2000 5280 2164 5321 causa

572 5381 673 5434 pro
715 5362 933 5419 Christo
965 5356 1259 5423 tolerastis,
1314 5357 1363 5410 si
1408 5369 1517 5411 non
1558 5356 1752 5411 iterum
1800 5373 1900 5428 pro
1943 5358 2166 5413 Christo

571 5456 876 5526 corrigatis.
913 5450 1039 5506 Sive
1068 5448 1213 5519 quod
1238 5448 1345 5513 hic,
1399 5450 1445 5503 si
1476 5458 1680 5515 tamen,
1732 5464 1838 5504 non
1871 5450 2167 5509 dubitantis

571 5562 755 5601 sermo
782 5545 871 5603 sit.
905 5540 1001 5597 sed
1024 5542 1205 5610 potius
1229 5541 1606 5595 conﬁrmantis
1634 5557 1650 5595 :
1674 5541 1973 5596 secundum
1996 5542 2124 5597 illud
2149 5562 2163 5597 :

571 5638 615 5688 si
650 5645 826 5691 tamen
854 5636 1061 5703 justum
1103 5642 1186 5685 est
1204 5632 1349 5700 apud
1380 5633 1568 5703 Deum,
1595 5634 1915 5704 retribuere,
1942 5638 2030 5706 qui
2065 5652 2167 5693 nos

574 5724 832 5781 tribulam
862 5721 1295 5779 tribulationem.

2253 3226 2503 3282 Salvator
2528 3220 2767 3285 edocuit,
2797 3218 2985 3272 dicens
3015 3234 3026 3269 :
3052 3215 3326 3271 Discedite
3358 3229 3386 3267 a
3419 3229 3525 3277 me,
3560 3210 3853 3279 maledicti,

2256 3321 2309 3374 in
2334 3320 2514 3385 ignem
2543 3324 2825 3369 mternum.
2850 3312 2915 3366 Et
2944 3309 3178 3366 Jacohus
3206 3308 3502 3380 apostolus,
3529 3306 3687 3359 unius
3709 3320 3858 3361 mat:-

2258 3412 2367 3468 dati
2424 3421 2907 3481 transgressorem,
2967 3405 3209 3463 omnium
3259 3418 3410 3459 remn
3462 3415 3584 3455 esse
3626 3398 3852 3457 demou-

2258 3503 2471 3563 stravit.

2334 3595 2594 3664 Quoniam
2646 3602 2821 3648 autem
2875 3592 2928 3644 in
2978 3589 3088 3661 lege
3148 3601 3299 3642 nemo
3333 3584 3668 3658 justiﬁcatur
3719 3581 3856 3650 apud

2260 3689 2429 3744 Deum
2454 3687 2786 3758 manifestum
2809 3692 2903 3738 est.
2941 3681 3076 3749 Quia
3107 3692 3266 3735 nemo
3301 3676 3449 3731 illum
3481 3685 3661 3731 servat
3702 3672 3853 3730 :ideo

2260 3782 2462 3837 dictum
2488 3787 2593 3845 est,
2627 3775 2766 3846 quod
2790 3775 2905 3829 sola
2936 3772 3039 3827 ﬁde
3063 3765 3392 3843 justiﬁcandi
3418 3775 3604 3822 essent
3630 3766 3853 3820 creden-

2262 3888 2363 3932 tes.
2408 3876 2540 3930 ltem
2574 3871 2689 3927 vult
2733 3866 3049 3931 ostendere,
3104 3865 3226 3937 quia
3276 3878 3342 3918 ex
3396 3859 3663 3929 operibus
3720 3856 3848 3927 legis

2261 3973 2430 4045 Moysi
2472 3966 2758 4041 justiﬁcari
2792 3964 2958 4021 homo
2995 3976 3105 4017 non
3142 3959 3331 4029 possit,
3369 3956 3471 4015 nisi
3504 3954 3755 4009 habuerit
3803 3961 3854 4008 et

2266 4068 2468 4121 ﬁdem:
2503 4077 2625 4134 qum
2663 4060 2878 4115 veniam
2921 4057 3013 4110 dat
3054 4051 3295 4109 credenti
3326 4048 3377 4104 in
3407 4050 3539 4103 Deo.
3571 4046 3693 4101 Non
3717 4046 3852 4101 enim

2264 4162 2356 4232 qui
2387 4157 2617 4213 credunt
2649 4156 2699 4209 in
2721 4152 2962 4213 Christo,
2990 4148 3110 4202 sine
3144 4146 3261 4216 lege
3290 4143 3481 4197 vivere
3511 4148 3754 4210 possunt.

2342 4253 2476 4319 Quia
2517 4252 2696 4322 justus
2726 4262 2790 4300 ex
2818 4243 2923 4315 ﬁde
2949 4242 3089 4297 vivit.
3139 4235 3383 4298 Perfecta
3418 4233 3553 4295 lides
3592 4241 3693 4301 est,
3753 4243 3857 4285 non

2268 4346 2443 4400 solum
2470 4341 2769 4405 Christum,
2803 4335 2899 4392 sed
2928 4343 2982 4390 et
3001 4333 3219 4387 Christo
3246 4328 3493 4386 credere.

2344 4436 2450 4489 Lex
2496 4441 2666 4486 autem
2718 4446 2817 4483 non
2868 4437 2940 4495 est
2990 4442 3054 4479 ea:
3098 4423 3219 4495 ﬁde.
3282 4421 3402 4476 Non
3447 4416 3712 4490 justiﬁcat
3751 4412 3857 4471 sola

2272 4528 2426 4584 ﬁdes.

2348 4616 2456 4674 Sed
2478 4615 2566 4683 qui
2590 4613 2766 4687 fecerit
2796 4627 2875 4679 ea,
2894 4609 3019 4663 viret
3052 4608 3103 4661 in
3134 4606 3260 4660 illis.
3292 4603 3405 4660 Suo
3435 4601 3624 4656 labore
3653 4597 3862 4671 conqui-

2274 4719 2359 4766 rat
2392 4706 2680 4777 justitiam,
2708 4713 2759 4758 et
2790 4702 2933 4754 vivet
2962 4699 3015 4753 in
3039 4709 3323 4751 aeternum.

2348 4799 2583 4855 Christus
2613 4814 2707 4851 nos
2748 4792 2959 4848 redemit
2986 4790 3049 4843 de
3075 4788 3351 4842 maledicto
3394 4782 3541 4855 lrgis,
3575 4783 3752 4850 factus
3774 4797 3864 4849 pro

2276 4897 2422 4953 nobis
2448 4892 2795 4948 maledictum.
2827 4887 2927 4955 Qui
2953 4885 3053 4939 sub
3085 4881 3374 4937 maledicto
3405 4891 3509 4935 neu
3543 4882 3664 4928 erat
3693 4890 3707 4927 :
3735 4875 3865 4940 quia

2278 5007 2374 5061 per
2405 4988 2584 5043 omnia
2616 4985 2788 5054 legem
2819 4978 3087 5050 implevit.
3116 4975 3181 5030 Et
3206 4975 3327 5029 ideo
3356 4967 3593 5026 indebito
3636 4966 3868 5021 maledi-

2276 5059 2364 5137 cto
2412 5079 2530 5148 ejus
2579 5088 2821 5131 noswum
2853 5070 3092 5125 debitum
3123 5074 3534 5138 compensatum
3566 5069 3671 5125 est,
3721 5067 3781 5113 ut
3806 5059 3865 5114 li-

2274 5175 2430 5230 beret
2459 5175 2807 5226 transeuntes
2838 5164 2903 5219 ad
2930 5163 3111 5217 ﬁdem.

2350 5265 2486 5333 Quia
2518 5263 2767 5335 scriptum
2788 5269 2905 5315 est:
2937 5254 3249 5310 Maledictus
3279 5251 3447 5306 omnis
3496 5249 3583 5321 qui
3613 5247 3795 5320 pendet
3814 5246 3863 5299 in

2276 5362 2440 5433 ligno.
2466 5358 2558 5415 Sic
2586 5364 2670 5411 est.
2691 5354 2948 5423 scriptum
2978 5369 2989 5405 :
3015 5348 3187 5419 Sicui
3231 5344 3392 5401 fuerit
3415 5344 3686 5414 judicium
3731 5355 3863 5397 mor-

2277 5432 2368 5521 tis,
2404 5442 2900 5520 suspendetis'enm
2938 5444 2990 5497 in
3026 5443 3194 5512 ligno.
3223 5438 3340 5493 Non
3376 5437 3503 5492 ideo
3524 5432 3857 5497 maledictus.

2278 5547 2401 5613 quia
2442 5543 2689 5611 pendet:
2753 5539 2851 5597 sed
2903 5538 3025 5593 ideo
3082 5534 3301 5607 pendet,
3360 5532 3484 5602 quia
3532 5529 3863 5585 maledictus.

2251 5635 2532 5692 'Christus
2563 5648 2717 5705 ergo,
2749 5632 2835 5688 cui
2891 5646 2997 5686 non
3026 5636 3142 5684 erat
3181 5625 3446 5696 judicium
3504 5624 3719 5689 tnortis,
3776 5635 3866 5675 nec

2278 5742 2438 5788 causa
2454 5727 2751 5785 subeundae
2772 5724 3034 5793 crucis,et
3056 5717 3327 5779 maledicti
3341 5725 3551 5784 reatus,
3580 5731 3683 5793 pro
3719 5715 3868 5774 nobis
