4008 6188
137 215 242 274 815
342 226 349 231 ’

814 220 1354 280 COMMENTARIUS
1391 219 1461 277 ΙΝ
1499 219 1733 279 ΕΡιέτῦ

1854 223 1889 280 ιι
1927 224 2020 281 AD
2059 225 2408 287 GALATAS.
2449 228 2607 288 CAP.
2647 231 2736 292 IV.

3328 240 3436 298 8M

137 333 485 392 maledictum
501 337 743 407 suscepit
777 340 935 409 :quia
962 354 1154 395 omnes
1186 339 1461 395 maledicti
1487 354 1726 403 eramus,
1757 342 1810 402 Α
1909 339 2051 396 Deus
2082 353 2252 396 autem
2282 345 2436 398 unius
2455 355 2554 399 est.
2581 345 2696 401 lloc
2721 345 2843 402 ideo
2867 346 3037 418 addit,
3086 365 3155 407 ne
3185 353 3305 422 quis
3337 371 3440 425 pu-

135 438 186 482 et
209 427 382 482 debiti
407 430 571 501 ligno,
603 442 657 485 et
681 431 1100 486 idcomalcdieti
1133 450 1144 484 :
1176 431 1298 500 quia
1331 446 1438 486 non
1476 447 1731 500 perman-

136 520 306 574 simns
343 520 396 574 in
429 521 680 576 omnibus
707 536 830 592 qua)
860 522 1066 593 scripta
1096 532 1252 578 erant
1283 522 1338 576 in
1368 523 1508 593 lege.

211 613 279 668 Ut
307 615 358 668 in
376 617 609 685 gentibus
629 616 916 670 benedictio
941 616 1169 671 Abrahce
1186 618 1329 686 ﬁeret
1350 617 1403 671 in
1417 615 1624 671 Christo
1644 615 1736 670 Je-

137 726 218 762 su.
263 707 333 764 Ut
377 710 491 763 sola
543 710 646 765 lide
675 719 864 780 gentes
905 710 1360 766 benedicerentur
1399 712 1452 765 in
1483 710 1730 774 Christo,

136 803 273 857 sicut
296 802 630 870 promissum
661 799 834 857 fuerat
865 803 1118 857 Abrahae.

209 894 276 949 Ut
292 895 717 963 pollicitationem
728 897 943 968 spiritus
960 897 1278 965 accipiamus
1301 912 1392 968 per
1407 896 1583 964 ﬁdem.
1601 892 1734 962 Qua

136 1002 230 1059 per
251 986 460 1043 loelem
486 988 812 1060 prephetam
842 990 992 1044 omni
1043 991 1193 1044 carni
1227 988 1495 1059 promissa
1548 996 1651 1052 est,
1679 985 1732 1040 id

134 1090 239 1149 est,
273 1082 534 1137 universo
569 1083 761 1152 generi
806 1082 1108 1138 hominum.

207 1173 444 1242 Fratres,
481 1177 766 1232 secundum
793 1177 1053 1232 hominem
1106 1176 1224 1230 dies
1256 1189 1276 1229 :
1305 1184 1478 1228 tamen
1505 1171 1732 1226 hominis

135 1271 492 1340 conﬁrmatum
525 1280 907 1325 testamentum.
965 1269 1219 1324 llutnano
1266 1274 1390 1320 utor
1429 1262 1680 1331 exemplo
1715 1279 1726 1315 :

141 1363 439 1430 comparari
467 1364 612 1416 enim
646 1362 877 1415 humana
927 1359 1148 1425 divinis,
1183 1367 1407 1428 propter
1431 1353 1734 1411 evidentio-

143 1468 258 1510 rem
285 1453 621 1510 itellectum
654 1462 887 1524 possunt
921 1469 933 1507 :
962 1451 1164 1522 aquari
1197 1466 1304 1506 non
1331 1457 1584 1522 possunt.

208 1545 376 1602 Nemo
401 1548 623 1619 spernit,
658 1556 751 1601 aut
773 1547 1164 1616 superordinat.
1194 1545 1418 1599 Abrahar
1441 1543 1594 1599 diem
1610 1552 1730 1598 sunt

134 1641 519 1711 promissione,
548 1650 596 1694 et
629 1641 816 1695 semini
838 1644 972 1713 ejus.
1003 1637 1125 1694 Non
1167 1638 1297 1692 dicit
1338 1647 1384 1692 et
1425 1636 1729 1704 seminibus,

1839 439 1977 488 taret
2027 433 2304 488 Christum
2354 437 2423 490 ab
2456 438 2664 492 unitate
2704 437 2898 494 divina:
2957 453 3163 498 naturae
3220 451 3435 516 penitus

1837 538 1958 582 esse
1986 523 2224 581 divisum
2261 545 2271 579 :
2300 529 2424 598 quia
2469 529 2789 586 mediatoris
2810 533 3142 602 suscepisset
3170 538 3432 599 oiiicium.

1907 613 2022 669 Lex
2075 632 2201 688 ergo
2238 617 2481 674 adversus
2526 621 2782 691 promissa
2809 621 2942 676 Dei?
2983 626 3169 692 Absit,
3200 628 3261 682 Si
3297 634 3436 687 enint

1837 705 1963 760 data
1991 719 2120 763 esset
2142 709 2246 776 lex,
2274 726 2393 781 quae
2419 723 2588 783 posset
2607 713 2886 784 vivi/icore,
2922 731 3036 770 vere
3065 735 3130 772 ea;
3155 720 3267 791 lege
3305 736 3438 781 esset

1826 799 2058 870 justitia.
2107 799 2259 857 Sient
2304 802 2373 858 ad
2412 803 2689 860 Romanos
2743 807 2817 861 ait
2848 824 2860 862 ε
2889 808 3045 877 Quod
3096 811 3436 881 impossibile

1835 900 1957 947 erat
2004 893 2133 964 legi,
2165 894 2220 949 in
2267 911 2377 966 quo
2409 896 2812 970 inilrmabatur,
2862 901 3094 971 scilicet,
3139 920 3312 978 quam
3339 926 3438 966 nc-

1835 984 1984 1040 mine
2010 988 2352 1044 servabatur.

1909 1078 2016 1134 Sed
2066 1083 2321 1137 conclusit
2357 1083 2638 1155 Scriptura
2692 1091 2869 1146 omnia
2908 1091 3002 1146 sub
3054 1103 3268 1166 peccato
3314 1111 3331 1150 :
3381 1106 3437 1151 ut

1835 1172 2110 1239 promissio
2139 1189 2205 1227 ea:
2247 1173 2353 1243 ﬁde
2400 1175 2535 1232 Iesu
2587 1177 2784 1236 Christi
2826 1181 3046 1238 daretur
3087 1187 3434 1250 credentibus.

1837 1262 2441 1334 Advenienterristo,
2479 1265 2568 1340 qui
2607 1272 2709 1327 sub
2738 1273 2859 1343 lege
2889 1274 3020 1331 Mosi
3071 1288 3250 1345 erant,
3303 1296 3438 1336 con-

1833 1353 1970 1408 clusi
2015 1361 2145 1410 sunt
2194 1368 2440 1427 peccato,
2497 1361 2541 1414 sl
2589 1363 2726 1416 ultra
2757 1366 2814 1423 in
2868 1365 3003 1436 legis
3048 1369 3439 1434 observatione

1835 1461 2163 1516 permanere
2190 1451 2485 1508 voluerint.
2527 1455 2663 1523 Quia
2699 1457 2970 1515 maledicti
3023 1465 3111 1531 qui
3137 1464 3344 1518 umbrae
3369 1466 3441 1521 le-

1831 1542 1913 1609 gis
1960 1541 2362 1609 deservierunt,
2392 1548 2625 1605 veritate
2659 1559 2951 1620 praesente.
3013 1553 3140 1610 Item
3166 1559 3428 1624 ostendit,

1833 1636 2092 1704 quoniam
2139 1654 2246 1694 non
2307 1641 2485 1709 potuit
2551 1642 2823 1712 inveniri,
2878 1647 2967 1718 qui
3012 1647 3241 1705 daretur
3303 1668 3429 1708 cre-

135 1734 276 1804 quasi
325 1733 378 1785 in
404 1732 584 1787 multis
614 1748 633 1787 :
655 1732 744 1786 sed
765 1731 913 1803 quasi
952 1731 1162 1796 inuno,
1201 1741 1247 1784 et
1269 1730 1448 1783 semini
1497 1739 1605 1793 tuo,
1639 1728 1728 1797 qui
1759 1717 1810 1779 Β
1836 1727 2088 1784 dentibus
2123 1747 2136 1784 :
2169 1742 2229 1787 ut
2273 1747 2502 1790 necesse
2551 1746 2704 1794 esset
2754 1740 2870 1794 sola
2904 1740 3027 1799 .iide
3067 1744 3274 1800 salvari
3326 1763 3441 1803 crc-

136 1825 393 1880 Christus.
429 1826 565 1892 Quia
597 1833 718 1894 post
755 1834 964 1899 tantum
993 1823 1258 1892 temporis
1309 1821 1433 1876 data
1488 1821 1576 1876 lex
1620 1830 1726 1875 est.

203 1917 325 1971 Hoc
349 1927 523 1970 autem
571 1918 688 1972 dico
728 1925 1092 1972 testamentum
1122 1916 1494 1982 conﬁrmatum
1537 1931 1570 1968 a
1599 1914 1732 1970 Deo.

133 2011 189 2067 in
221 2012 446 2067 Christo
474 2010 630 2066 Jesu.

205 2105 336 2172 Quae
363 2113 480 2176 post
503 2104 906 2176 quadringentos
932 2113 978 2157 et
1005 2103 1218 2174 triginta
1263 2118 1446 2171 annos,
1475 2102 1617 2170 facta
1662 2111 1739 2157 est

135 2199 219 2252 lex
247 2213 265 2252 :
294 2213 400 2252 non
426 2198 633 2252 irritum
679 2198 803 2269 facit
845 2197 915 2251 ad
939 2196 1289 2252 concitandam
1316 2196 1732 2266 promissionem.

136 2288 215 2344 Ne
259 2290 380 2358 quis
425 2298 581 2359 putet
636 2303 760 2344 esse
792 2289 1157 2354 contrarium,
1196 2288 1451 2357 quoniam
1495 2287 1548 2341 in
1595 2286 1737 2341 libro

139 2381 419 2439 Geneseos
461 2382 528 2436 ad
556 2381 830 2436 Abraham
886 2397 915 2436 a
964 2382 1074 2436 Deo
1127 2381 1372 2436 dicitur:
1413 2381 1559 2436 Scito
1597 2394 1739 2452 prte-

139 2489 369 2530 noscens
403 2515 418 2540 ,
482 2473 628 2544 quod
693 2473 1038 2544 peregrinum
1108 2474 1350 2531 futurum
1413 2476 1484 2528 sit
1544 2488 1735 2528 semen

137 2573 286 2620 tuum
320 2567 375 2621 in
409 2575 550 2620 terra
583 2581 690 2622 non
730 2581 823 2620 sua
846 2583 859 2619 :
885 2577 940 2624 et
976 2566 1264 2635 snbjicient
1310 2580 1406 2620 eos
1457 2565 1731 2633 servituti,

138 2669 192 2715 et
233 2659 480 2730 ailligent
520 2659 944 2730 quadringentos
987 2675 1159 2716 annos
1189 2678 1200 2713 :
1232 2671 1287 2714 et
1325 2661 1415 2715 hic
1444 2660 1737 2730 Apostolus

139 2751 364 2822 triginta
405 2767 579 2806 annos
629 2753 862 2822 amplius
905 2760 1092 2822 ponat.
1149 2751 1306 2821 Quod
1351 2763 1532 2809 autem
1583 2753 1736 2820 dicit,

139 2844 242 2898 hoc
270 2855 376 2912 est,
398 2846 805 2914 septuagesimo
831 2844 1022 2915 quinto
1043 2844 1221 2900 inlatis
1247 2859 1359 2900 sua:
1375 2861 1541 2912 anno,
1570 2845 1736 2899 Abra-

139 2937 262 2993 ham
291 2940 504 3007 accepit
547 2955 574 2990 τι
616 2938 728 2994 1)εο
758 2939 1263 3008 repromissionem,
1293 2955 1321 2992 a
1353 2954 1462 3010 quo
1494 2947 1739 3009 tempore

139 3048 307 3103 usque
337 3033 403 3089 ad
434 3033 650 3087 initium
679 3034 816 3104 legis
849 3035 1120 3099 Mosaicae,
1153 3032 1535 3104 quadringenti
1562 3043 1615 3088 et
1645 3033 1737 3086 tri-

1836 1820 2049 1876 dentes.

1912 1913 2069 1969 Prius
2120 1924 2313 1984 autem,
2363 1935 2521 2000 quam
2547 1924 2740 1978 veniret
2760 1925 2912 1995 ﬁdes.
2939 1926 3261 2002 Priusquam
3286 1933 3446 1992 veni-

1839 2014 1946 2071 ret,
1979 2007 2067 2062 cui
2099 2009 2472 2067 crederemus.

1911 2099 2024 2154 Sub
2045 2098 2156 2172 lege
2185 2103 2620 2176 custodiebantur,
2639 2107 2870 2164 conclusi
2903 2109 2958 2166 in
2981 2127 3094 2166 eam
3115 2112 3293 2184 ﬁdem,
3311 2133 3427 2187 qua:

1838 2189 2276 2250 revelandaerat.
2303 2195 2723 2253 Servabamura
2774 2199 2890 2272 lege
2933 2201 3057 2258 huic
3105 2206 3226 2261 lidei
3260 2249 3275 2274 ,
3320 2224 3443 2280 qua:

1839 2294 1953 2337 erat
1981 2297 2082 2336 suo
2129 2292 2376 2355 tempore
2405 2290 2721 2345 revelanda.
3390 2295 3392 2298 ’

1912 2371 2099 2443 Itaque
2127 2377 2210 2430 lex
2233 2378 2548 2460 ptedagogus
2579 2394 2750 2436 uoster
2778 2384 2876 2456 fuit
2915 2385 2972 2440 in
3017 2385 3227 2444 Christo
3274 2400 3331 2446 ut
3379 2410 3444 2462 c3

1841 2464 1945 2534 ﬁde
1963 2467 2338 2539 justiﬁeemur.
2371 2473 2450 2525 Ad
2488 2472 2828 2544 disciplinam
2864 2493 2964 2532 nos
3008 2482 3210 2537 arctius
3264 2494 3446 2540 rotati--

1845 2569 1962 2614 tans
1999 2578 2011 2614 :
2043 2561 2338 2630 perlectam
2370 2565 2672 2622 doctrinam
2705 2585 2835 2625 vero
2875 2573 3140 2642 magistro
3169 2581 3445 2635 servabat.

1912 2659 1976 2708 At
2005 2657 2091 2709 ubi
2119 2659 2255 2711 venit
2276 2659 2406 2728 ﬁdes
2441 2701 2455 2725 ,
2499 2663 2618 2734 jam
2665 2679 2768 2718 non
2805 2681 2980 2721 sumus
3006 2668 3104 2723 sub
3133 2671 3441 2746 ptpdagogo.

1841 2744 2110 2803 Perfecta:
2156 2750 2338 2807 astatis
2390 2750 2640 2823 discipuli
2685 2770 2792 2811 non
2835 2756 3079 2828 indigent
3126 2744 3440 2836 paedagogo.

1916 2839 2104 2896 Omnes
2135 2843 2272 2896 enim
2294 2842 2392 2912 [illi
2419 2843 2517 2898 Dei
2544 2847 2665 2901 estis
2705 2864 2798 2916 per
2843 2849 3041 2918 ﬁdem,
3098 2859 3217 2921 qua’
3271 2867 3344 2910 est
3392 2859 3446 2912 in

1842 2931 2046 2990 Christo
2069 2937 2218 2990 Jesu.
2243 2937 2552 3010 tEqualiter
2575 2951 2630 2997 et
2657 2941 2831 2998 Jttdmi
2859 2957 2912 3000 et
2934 2956 3123 3016 gentes
3147 2965 3244 3020 per
3269 2952 3443 3012 solam

1845 3027 2002 3084 iidem
2035 3030 2127 3085 lilii
2165 3030 2257 3086 Dei
2288 3034 2444 3098 estis,
2476 3050 2578 3104 qua
2604 3037 2917 3095 credidistis
2944 3038 3186 3100 Christo.

135 3130 280 3200 ginta
310 3131 462 3196 anni,
493 3130 593 3183 hac
621 3129 832 3183 ratione
858 3128 1224 3196 complentur.
1259 3128 1335 3181 Ex
1377 3135 1620 3196 tempore
1653 3141 1738 3180 re-
1763 3102 1808 3165 ε
1922 3122 2243 3193 Quicumque
2299 3129 2436 3181 enim
2486 3129 2541 3182 in
2581 3129 2783 3185 Christo
2806 3129 2933 3187 Jesu
2985 3134 3237 3205 baptizati
3284 3142 3402 3193 estis
3424 3181 3441 3208 ,

135 3221 545 3292 promissionis,
601 3235 773 3291 usque
810 3219 876 3274 ad
923 3220 1285 3274 centesimum
1337 3234 1539 3273 annum
1569 3217 1742 3272 Abra-

137 3313 219 3369 hae
252 3331 265 3366 :
299 3313 520 3384 quando
547 3309 701 3367 lsaac
748 3310 889 3366 ﬁlius
935 3314 984 3365 ei
1022 3321 1180 3366 natus
1211 3309 1328 3377 iuit,
1358 3309 1549 3381 viginti
1577 3310 1739 3381 quin-

136 3420 240 3475 que
272 3407 402 3459 anni
447 3412 825 3460 numerantur.
868 3405 1062 3459 Postea
1107 3401 1299 3474 quinto
1352 3404 1524 3457 a-tatis
1572 3417 1735 3470 anno,

139 3496 286 3554 Isaac
332 3500 595 3568 parvulus
618 3498 687 3552 ab
719 3497 949 3552 lsmaele
990 3497 1156 3566 coepit
1187 3495 1351 3565 afﬂigi
1387 3495 1563 3550 :sicut
1593 3495 1737 3549 idem

135 3592 428 3657 Apostolus
458 3593 511 3646 in
544 3592 640 3645 hac
663 3592 776 3660 ipsa
809 3589 1054 3660 Epistula
1075 3590 1292 3645 scribit.
1328 3587 1624 3644 Evidenter
1650 3604 1740 3642 er-

135 3700 201 3755 go
229 3697 591 3751 monstratur,
634 3686 938 3742 secundum
988 3701 1300 3741 sermonem
1340 3684 1435 3739 Dei
1465 3685 1532 3739 ad
1564 3683 1740 3739 Abra-

137 3779 508 3842 hatniactnm,
561 3789 679 3849 post
709 3791 928 3834 centum
976 3779 1193 3849 triginta
1238 3792 1412 3832 annos
1441 3777 1738 3846 repromis-

137 3869 332 3937 sionis,
393 3885 585 3926 semen
641 3870 761 3940 ejus
802 3868 1274 3939 persecutionibus
1318 3868 1572 3922 laborare
1623 3880 1739 3925 cte-

137 3962 312 4030 pisse.

207 4053 352 4108 Nam
391 4054 438 4107 si
467 4069 532 4106 ea:
554 4052 662 4122 lege
692 4052 994 4119 htcreditas,
1022 4052 1136 4122 jam
1157 4067 1261 4105 non
1288 4066 1352 4104 ea:
1371 4050 1733 4122 promissione.

135 4143 361 4199 Abrahtz
388 4155 564 4197 autent
593 4160 686 4214 per
704 4143 1154 4215 repromissionem
1201 4141 1408 4198 donavit
1430 4142 1593 4198 Deus.
1616 4142 1735 4198 Non

136 4252 232 4307 per
281 4238 480 4307 legem,
515 4251 635 4305 qua:
668 4237 899 4290 necdum
929 4245 1068 4292 erat.

208 4330 348 4397 Quid
377 4329 540 4401 igitur
563 4330 687 4384 lex?
715 4328 894 4396 Quare
911 4344 1038 4400 ergo
1061 4331 1185 4386 data
1211 4339 1294 4385 est
1324 4317 1411 4386 lex
1437 4329 1461 4382 ?

207 4421 437 4494 Propter
471 4423 936 4492 transgressionem
981 4423 1151 4493 posita
1197 4436 1292 4490 est,
1351 4424 1513 4478 donec
1547 4422 1738 4478 veniret

135 4534 302 4572 semen
342 4519 427 4571 cui
460 4517 790 4586 promiserat.
815 4515 1105 4586 Propterea
1136 4517 1259 4572 data
1291 4527 1396 4588 est,
1423 4527 1480 4572 ut
1505 4531 1604 4572 nos
1624 4533 1731 4574 non

139 4609 463 4681 transgredi,
521 4610 606 4665 vel
655 4617 896 4680 cogeret,
948 4612 1032 4666 vel
1076 4610 1318 4677 doceret,
1375 4626 1547 4681 usque
1602 4611 1729 4666 dum

136 4703 382 4759 Christus
399 4703 638 4760 veniret.

208 4797 468 4854 Ordinata
507 4814 598 4868 per
628 4795 863 4869 angelos.
895 4796 1008 4853 Hoc
1037 4796 1159 4853 loco
1185 4799 1396 4865 Mosen,
1422 4797 1516 4854 Dei
1544 4806 1602 4853 et
1625 4798 1734 4854 lie-

138 4890 405 4948 braeoruni
438 4893 820 4962 mediatorcm,
853 4893 1131 4964 signilieat
1155 4895 1329 4966 legem
1357 4909 1456 4964 per
1479 4894 1729 4964 angelum

140 4989 350 5052 Domini
391 4993 670 5064 accepisse
701 5011 712 5045 :
738 4992 878 5048 sicut
911 4993 962 5046 in
987 4992 1127 5047 libro
1168 4995 1402 5047 Actnum
1454 4991 1731 5062 apostolo-

138 5097 256 5136 rum
303 5081 618 5154 Stepbanus
643 5083 814 5140 dicit:
846 5083 944 5148 llic
967 5097 1050 5140 εει
1080 5084 1256 5142 Moses
1283 5084 1373 5155 qui
1403 5083 1506 5139 iuit
1548 5085 1603 5139 iu
1634 5085 1734 5140 Ec-

139 5174 306 5234 clesia
347 5176 400 5228 in
433 5177 733 5236 Solitudine
772 5192 896 5234 cum
938 5178 1157 5249 angelo,
1210 5180 1299 5249 qui
1332 5178 1655 5248 loquebatur
1681 5179 1731 5234 ei

141 5268 193 5321 in
257 5280 439 5322 monte
494 5272 645 5327 Sina.
697 5270 826 5328 item
878 5273 1103 5345 legimus
1143 5274 1365 5345 angelos
1408 5287 1506 5344 per
1553 5273 1725 5344 legem

141 5375 287 5431 saepe
319 5363 513 5431 pepqu
540 5363 778 5424 siluisse.
1387 5415 1400 5426 .

215 5455 281 5510 In
309 5473 463 5512 manu
492 5461 807 5517 mediatoris.
833 5441 962 5520 Sive
982 5464 1114 5520 Mosi
1140 5465 1222 5535 (ut
1243 5462 1461 5535 quidam
1491 5460 1728 5533 putant),

142 5552 260 5606 sive
287 5551 514 5606 Christi.
543 5551 672 5607 Nam
697 5563 751 5610 ct
773 5556 965 5626 Moses,
989 5557 1160 5626 aiunt,
1187 5555 1512 5620 intcheum
1544 5566 1599 5611 et
1631 5568 1732 5624 μου

145 5645 328 5720 pulum
355 5644 564 5699 medius
588 5647 703 5701 luit.

219 5737 481 5794 Mcdiutor
508 5749 677 5794 autem
696 5741 847 5798 utrius
875 5760 977 5800 non
1000 5754 1098 5801 est.
1126 5743 1186 5801 id
1207 5754 1311 5812 est,
1342 5745 1502 5802 unius
1517 5743 1711 5816 partis.

1759 4485 1815 4546 D

1845 3213 2109 3272 Christum
2140 3219 2408 3278 luduistis.
2443 3223 2637 3279 Filium
2667 3227 2760 3281 Dei
2790 3228 3004 3296 induti,
3051 3240 3107 3284 et
3136 3232 3229 3286 toti
3273 3213 3446 3302 metu-

1845 3309 1940 3362 bra
1967 3309 2087 3380 ejus
2111 3310 2313 3381 allecti,
2351 3313 2447 3368 lilii
2475 3315 2570 3369 Dei
2604 3317 2744 3383 sitis,
2773 3334 2996 3398 necesse
3018 3330 3101 3375 est
3134 3341 3145 3378 :
3197 3332 3254 3377 ut
3305 3326 3436 3394 quid

1841 3419 1971 3473 ergo
1994 3403 2145 3463 vobis
2173 3405 2280 3468 lex,
2317 3422 2441 3477 qua:
2470 3407 2643 3461 servis
2661 3418 2713 3463 et
2744 3411 3127 3479 peccatoribus
3157 3414 3280 3470 data
3311 3427 3398 3480 est,
3423 3459 3441 3486 ,

1841 3500 2038 3568 quibus
2065 3515 2164 3568 per
2187 3499 2512 3567 baptismum
2546 3512 2764 3569 precata
2791 3503 3018 3558 remissa
3045 3514 3169 3560 sunt
3197 3507 3220 3559 ?

1916 3589 2040 3645 Non
2061 3601 2133 3643 est
2150 3587 2391 3656 Judccus,
2417 3607 2579 3662 neque
2602 3590 2816 3648 Grtecus
2843 3611 2862 3650 :
2890 3613 2991 3650 non
3011 3609 3086 3652 est
3113 3615 3289 3654 servus
3308 3644 3322 3667 ,
3350 3619 3443 3656 ne-

1839 3697 1938 3752 quc
1967 3681 2094 3735 liber
2122 3697 2140 3734 :
2174 3699 2278 3736 non
2305 3691 2380 3736 est
2429 3685 2688 3740 masculus
2716 3726 2732 3752 ,
2783 3704 2943 3757 neque
2985 3690 3195 3762 femina.
3251 3692 3443 3750 Omnes

1840 3771 1977 3830 enim
2003 3787 2092 3825 vos
2121 3787 2282 3826 unum
2311 3772 2436 3827 estis
2465 3773 2516 3828 in
2549 3773 2756 3830 Christo
2781 3775 2929 3832 Iesu.
2964 3778 3106 3836 Ante
3151 3783 3294 3837 enim
3330 3800 3439 3843 non

1841 3866 2017 3921 solum
2042 3865 2187 3920 inter
2213 3864 2460 3921 Judaeum
2488 3875 2544 3923 et
2564 3866 2837 3936 Graecum,
2867 3871 2964 3926 sed
2987 3874 3150 3928 etiam
3178 3876 3319 3932 inter
3345 3880 3442 3935 tri-

1842 3959 1968 4014 bum
2000 3967 2056 4013 et
2087 3959 2286 4012 tribum
2315 3970 2431 4014 erat
2474 3975 2668 4031 magna
2699 3961 3005 4022 diversitas.

1914 4051 1974 4108 Si
2005 4061 2175 4106 autem
2200 4067 2287 4106 ros
2317 4049 2535 4121 Christi,
2562 4070 2684 4127 ergo
2705 4073 2877 4112 semen
2901 4058 3124 4116 Abrahae
3151 4062 3274 4116 estis
3302 4103 3316 4127 ,
3353 4078 3438 4118 se-

1839 4147 2070 4198 cundum
2090 4145 2483 4217 promissionem
2512 4147 2760 4202 hwredes.
2793 4147 2850 4206 Si
2881 4164 3072 4206 omnes
3102 4169 3262 4207 unum
3312 4169 3438 4209 cor-

1840 4253 1939 4312 pus
1969 4237 2101 4293 estis
2123 4234 2350 4304 Christi,
2385 4237 2616 4293 Abrahaa
2643 4254 2828 4296 semen
2853 4244 3008 4310 eatis,
3038 4252 3094 4298 et
3120 4243 3233 4299 veri
3262 4242 3437 4300 haere-

1838 4331 1977 4385 des:
2010 4346 2117 4385 non
2145 4345 2212 4386 ex
2243 4331 2448 4386 carnali
2478 4332 2686 4388 semine
2715 4377 2728 4402 ,
2763 4333 2859 4390 sed
2892 4351 2958 4390 ex
2989 4334 3172 4391 divina
3203 4339 3437 4406 promis-

1838 4426 1989 4482 sione
2018 4425 2284 4499 generati.

2447 4497 2676 4554 CAPUT
2717 4499 2807 4555 ιν.

1913 4613 2049 4668 Dico
2077 4624 2252 4668 autem
2283 4629 2300 4667 :
2331 4613 2541 4682 Quanto
2569 4621 2795 4686 tempore
2834 4611 2998 4667 haeres
3029 4611 3283 4684 parvulus
3317 4625 3427 4683 est,

1842 4706 1978 4762 nihil
2002 4707 2180 4775 differt
2207 4724 2238 4760 a
2272 4722 2450 4772 servo,
2483 4722 2600 4760 cum
2629 4707 2695 4760 sit
2725 4705 2965 4758 dominus
2996 4705 3225 4758 omnium
3271 4721 3290 4759 :
3343 4708 3433 4762 sed

1838 4799 1932 4854 sub
1963 4799 2219 4853 tutoribus
2255 4807 2305 4852 et
2335 4795 2598 4851 actoribus
2627 4805 2704 4850 est
2728 4838 2740 4859 ,
2807 4811 2965 4866 usque
3005 4796 3074 4849 ad
3116 4797 3434 4867 prwﬁnitum

1844 4902 2042 4962 tempus
2071 4909 2102 4945 a
2136 4900 2300 4958 patre.
2335 4889 2470 4956 Quia
2498 4887 2839 4943 dominatum
2870 4888 3142 4960 quondam
3173 4889 3433 4946 sacerdo-

1841 4997 1945 5056 tes,
1970 4995 2027 5042 et
2055 4983 2682 5060 principesexcrcebant
2717 5001 2729 5034 :
2769 4998 2906 5054 quos
2940 4990 3146 5037 tutores
3183 4995 3234 5037 et
3284 4993 3435 5041 acto-

1839 5098 1928 5139 res
1955 5080 2208 5152 appellat.
2239 5075 2399 5132 Modo
2424 5087 2604 5131 autem
2632 5092 2738 5131 non
2765 5075 3057 5146 dominari,
3077 5077 3174 5132 sed
3206 5077 3436 5136 iormam

1840 5171 2365 5249 prreberejubentur
2397 5186 2412 5228 :
2444 5169 2566 5238 quia
2600 5168 2943 5224 saeerdorale
2994 5183 3164 5240 genus
3211 5185 3428 5236 sumus,

1785 5263 1792 5268 ’
1839 5281 1895 5328 et
1922 5269 2105 5325 omnia
2136 5265 2504 5323 communiter
2555 5263 2819 5319 habemus
2855 5281 2866 5316 :
2909 5259 3158 5336 quamvis
3186 5276 3282 5332 per
3314 5261 3436 5316 illos

1839 5363 2206 5436 percipiamus
2233 5366 2594 5414 sacramenta.

1908 5459 1995 5514 Ita
2012 5467 2059 5513 et
2089 5471 2180 5509 nos
2202 5469 2320 5508 cum
2348 5469 2569 5507 essemus
2588 5449 2815 5524 parvuli,
2841 5449 2936 5505 sub
2961 5447 3224 5506 elementis
3246 5449 3430 5504 mundi

1836 5571 2037 5611 eramus
2067 5551 2360 5607 servientes.
2396 5546 2612 5602 Dierum
2658 5543 2917 5600 videlicet
2969 5553 3024 5598 et
3079 5551 3383 5612 temporum
3411 5583 3428 5607 ,

1832 5664 1956 5724 qua:
1986 5647 2201 5708 fuerant
2229 5657 2417 5701 eorum
2447 5638 2749 5698 inﬁrmitati
2781 5638 3122 5706 necessaria,
3157 5651 3262 5709 pro
3291 5644 3434 5693 tent-

1834 5739 1988 5815 poris
2014 5739 2298 5812 qualitate.
