4008 6188
572 192 679 249 815

1611 186 1668 242 S.
1714 184 2096 242 HIERONYMI
2135 182 2420 242 OPERUM
2460 178 2823 238 MANTISSA.

3781 175 3887 235 816

642 304 710 359 At
731 304 819 360 ubi
842 304 974 359 venit
998 300 1264 375 plenitudo
1288 299 1551 373 temporis,
1584 297 1723 350 misit
1779 295 1917 352 Deus
1970 296 2170 351 Filium
2194 301 2248 362 Α
2273 295 2416 367 quod
2448 294 2603 361 dicit,
2636 307 2723 349 me
2753 289 3042 348 imitamini
3072 290 3353 363 gentiliter
3388 290 3674 348 viventem
3708 306 3726 346 :
3758 292 3887 363 quia

575 416 746 455 suum.
771 399 1061 470 lmpletum
1082 398 1193 466 jam
1225 405 1342 449 erat
1366 403 1600 462 tempus,
1630 390 1847 461 quando
1873 391 2049 461 legem
2074 405 2171 462 per

574 492 775 548 malam
803 486 1249 546 consuetudinem
1280 500 1443 539 neruo
1474 491 1685 554 poterat
1721 482 2021 537 custodire.

649 583 870 637 Factum
912 597 976 635 ea:
1013 579 1248 633 muliere.
1281 577 1480 632 Dicens
1535 574 1736 630 factum
1778 588 1849 630 ex
1892 573 2167 643 muliere;

573 688 764 732 sexum
810 670 1125 741 signiﬁcat,
1156 684 1264 724 non
1306 666 1740 738 corruptionem.
1790 663 2064 721 Caeterum
2116 675 2175 721 ut

573 765 864 823 manifeste
885 762 1201 819 ostenderet
1230 770 1413 816 natum
1443 776 1509 817 ex
1540 760 1755 830 virgine
1778 800 1795 827 ,
1823 758 1936 827 ait,
1966 773 2034 814 es
2063 774 2174 814 mu-

572 862 709 917 liere
740 878 755 919 :
788 876 896 915 non
927 874 1027 930 per
1056 858 1367 914 mulierem.
1418 856 1475 910 In
1506 870 1574 911 eo
1600 864 1785 911 autem
1813 854 1959 926 quod
1995 854 2128 910 dicit
2154 896 2169 919 ,

575 969 645 1010 ex
674 952 926 1019 muliere,
963 958 1235 1006 monstrat
1259 964 1370 1005 non
1401 963 1553 1004 more
1580 947 1745 1003 solito
1785 962 1851 1003 ex
1903 957 2173 1003 conventu

573 1048 677 1102 viri
701 1055 755 1103 et
782 1046 1019 1113 feminae,
1045 1044 1139 1101 sed
1171 1059 1269 1115 per
1298 1044 1562 1115 Spiritum
1591 1051 1837 1099 sanctum
1867 1084 1882 1109 ,
1914 1058 1978 1098 ex
2002 1050 2175 1098 matre

572 1149 788 1197 tantum
808 1137 1087 1195 Christum
1111 1138 1543 1194 incarnationem
1575 1137 1811 1192 hominis
1842 1138 2171 1207 suscepisse.

572 1233 708 1289 Nam
757 1233 902 1290 idem
950 1232 1247 1304 Apostolus
1288 1232 1356 1287 ad
1402 1230 1713 1287 Corinthios
1762 1230 2010 1285 scribens
2057 1229 2172 1284 ait:

568 1327 723 1385 Sicut
753 1327 951 1383 mulier
983 1342 1049 1383 ex
1081 1326 1222 1393 viro,
1256 1324 1329 1379 ita
1361 1334 1415 1381 et
1446 1326 1528 1379 vir
1554 1340 1650 1395 per
1678 1323 1987 1379 mulierem.
2020 1321 2176 1378 Unde

576 1419 720 1474 sicut
745 1418 797 1474 in
828 1416 1099 1489 principio
1115 1417 1488 1486 generationis
1514 1458 1529 1481 ,
1570 1415 1767 1470 mulier
1796 1429 1861 1469 ex
1886 1414 2000 1468 viro
2029 1428 2179 1468 sum-

571 1522 667 1583 pta
701 1520 784 1567 est
816 1529 829 1565 :
855 1512 927 1566 ita
949 1520 1005 1567 et
1036 1509 1284 1564 Christus
1310 1508 1605 1563 secundum
1636 1522 1883 1577 carnem,
1913 1521 1979 1562 ex
2004 1513 2177 1561 matre

576 1613 790 1659 tantum
817 1612 921 1660 est.
958 1603 1149 1658 Omnis
1176 1612 1356 1657 autem
1385 1600 1605 1656 residua
1630 1600 1865 1654 humana
1895 1598 2177 1669 generatio

2273 402 2327 447 et
2352 404 2451 460 ego
2503 387 2778 460 gentiliter
2812 386 2937 442 vivo
2969 428 2985 453 ,
3035 385 3255 442 Iudaica
3291 386 3688 443 observatione
3707 384 3886 456 depo-

2270 485 2395 549 sita,
2422 483 2561 538 sicut
2590 482 2879 552 Apostolus
2909 482 2961 536 in
3003 482 3104 536 hac
3152 480 3342 537 eadem
3397 479 3659 552 Epistola
3719 480 3884 537 Petro

2272 578 2520 648 apostolo
2548 577 2681 633 dicit
2708 594 2724 633 ε
2757 576 2813 632 Si
2847 584 2905 632 tu
2934 591 3055 632 cum
3088 575 3164 631 sis
3194 574 3416 631 Iudaeus
3435 616 3452 643 ,
3481 575 3783 648 gentiliter
3804 576 3889 631 'vi-

2273 670 2375 741 vis,
2408 670 2682 741 quomodo
2708 670 2859 741 cogis
2884 678 3073 741 gentes
3094 669 3422 726 Judaizare‘l

2345 761 2585 831 Fratres,
2616 762 2825 817 obsecro
2852 778 2961 832 vos,
3000 760 3135 817 nihil
3164 778 3246 816 me
3293 762 3525 818 lasistis.
3569 761 3646 819 Ut
3691 762 3889 820 merito

2274 858 2477 929 putetis
2504 872 2593 914 me
2614 856 3057 927 inimicitiarum,
3080 865 3136 913 et
3164 870 3274 913 non
3295 856 3491 913 salutis
3504 864 3889 915 vestrazcausa

2275 951 2505 1007 moveri.

2349 1043 2509 1098 Scitis
2536 1053 2709 1099 autem
2732 1045 2855 1114 quia
2877 1061 2969 1116 per
3005 1045 3363 1114 inﬁmitatem
3387 1046 3592 1116 ‘earnis
3624 1045 3889 1119 evangeli-

2276 1137 2387 1190 ς.αυὶ
2416 1138 2556 1192 vobis
2566 1138 2911 1208 jampridem.
2935 1136 3032 1195 Vel
3066 1152 3163 1209 per
3195 1139 3508 1210 passionem
3528 1179 3543 1206 ,
3587 1138 3675 1195 vel
3727 1138 3889 1194 etiam

2280 1244 2375 1299 per
2398 1231 2704 1286 naturalem
2732 1230 3112 1288 inﬁrmitatem
3144 1247 3159 1287 :
3191 1232 3317 1302 quia
3352 1231 3679 1288 thesaurum
3703 1232 3893 1302 gratia:

2278 1322 2332 1377 in
2360 1321 2507 1377 vasis
2537 1322 2800 1379 ﬁctilibus
2828 1321 3125 1393 bajulabat.

2350 1411 2421 1466 Et
2450 1415 2783 1468 tentationem
2811 1421 3027 1468 vestram
3056 1414 3109 1467 in
3132 1429 3290 1469 carne
3305 1430 3418 1468 mea
3441 1431 3543 1469 non
3570 1414 3857 1486 sprevistis
3876 1457 3888 1481 ,

2279 1521 2441 1577 neque
2462 1506 2752 1577 respuistis.
2785 1505 3125 1577 lncrepando
3148 1506 3250 1562 hoc
3262 1507 3548 1577 Apostolus
3571 1508 3728 1574 dicit,
3761 1507 3892 1577 quia

2280 1612 2400 1654 cum
2432 1597 2592 1653 ﬁdem
2626 1598 2829 1654 Christi
2857 1599 3004 1669 apud
3035 1598 3259 1655 Galatas
3282 1599 3646 1670 praedicaret,
3694 1612 3895 1670 perse-

572 1713 685 1754 non
716 1709 799 1754 est
826 1713 893 1753 ex
923 1696 1153 1752 muliere
1179 1714 1191 1751 :
1219 1695 1520 1751 secundum
1544 1692 1794 1764 Apostoli
1815 1692 2045 1759 dictum,
2077 1690 2173 1746 sed
2202 1695 2253 1758 B
2277 1693 2550 1748 cntionem
2573 1692 2642 1747 ab
2670 1690 2969 1747 incredulis
3022 1691 3234 1749 civibus
3272 1706 3460 1749 eorum
3500 1705 3703 1763 passus
3755 1700 3847 1747 est
3875 1706 3890 1744 :

569 1804 671 1860 per
696 1790 983 1846 mulierem
1011 1806 1023 1841 :
1051 1798 1113 1843 ιιι
1138 1788 1344 1843 clareat
1364 1786 1644 1858 generatio
1663 1785 1942 1841 hominum
1964 1799 2031 1840 ex
2060 1782 2178 1838 viro

574 1896 677 1954 per
702 1881 987 1937 mulierem
1010 1881 1211 1936 creari.

642 1974 871 2027 Factum
891 1971 985 2027 sub
1009 1971 1119 2041 lege
1142 2010 1157 2037 ,
1188 1978 1243 2023 ut
1266 1986 1352 2025 eos
1370 1971 1458 2041 qui
1482 1970 1574 2024 sub
1602 1970 1713 2041 lege
1741 1978 1889 2024 erant
1913 2011 1929 2037 ,
1954 1967 2178 2023 redime-

571 2074 671 2121 ret.
695 2064 949 2121 Christus
972 2062 1075 2118 sub
1106 2063 1225 2134 lege
1243 2062 1418 2119 l‘actus
1448 2072 1555 2129 est,
1589 2071 1646 2117 ut
1671 2073 1951 2133 peccatum
1975 2062 2027 2116 in
2054 2076 2179 2116 car-

568 2172 642 2213 ne
671 2156 933 2224 vincens,
967 2153 1256 2211 credentes
1287 2156 1342 2211 in
1374 2170 1431 2210 se
1463 2171 1490 2209 a
1528 2155 1664 2225 legis
1704 2154 1938 2210 vinculis
1976 2153 2177 2209 libera-

566 2252 674 2307 ret.
700 2250 823 2321 ipse
841 2259 1025 2305 autem
1050 2249 1151 2304 sub
1177 2249 1295 2319 lege
1320 2247 1525 2303 tamdiu
1554 2248 1650 2303 fuit
1676 2290 1690 2315 ,
1728 2247 1904 2304 donec
1933 2247 2178 2317 baptiza-

565 2353 675 2412 tus,
692 2345 817 2399 novi
835 2342 1175 2399 Testamenti
1193 2340 1458 2411 inciperet
1473 2339 1831 2409 Evangelium
1849 2339 2173 2410 praedicare.

565 2434 705 2492 Item
730 2436 775 2491 si
798 2435 901 2492 sub
922 2436 1043 2506 lege
1061 2432 1238 2489 factus
1269 2449 1377 2487 non
1407 2442 1572 2501 esset,
1590 2431 1807 2487 Judacos
1830 2434 2040 2489 salvare
2066 2447 2176 2488 non

569 2541 786 2604 poterat
817 2550 830 2587 :
891 2540 1082 2604 gentes
1112 2544 1244 2586 vero
1274 2535 1495 2600 poterat
1528 2528 1739 2597 positus
1763 2526 1865 2583 sub
1887 2526 2005 2599 lege
2033 2527 2176 2584 redi-

568 2640 745 2681 mere.

643 2715 711 2771 Ut
754 2716 1089 2787 adeptionem
1139 2712 1372 2783 ﬁliorum
1428 2712 1795 2783 reciperemus.
1853 2710 1975 2766 Non
2024 2709 2172 2767 enim

566 2822 761 2865 omnes
786 2808 1189 2877 recepissemus
1215 2802 1591 2875 adoptionem,
1628 2803 1677 2858 si
1706 2803 1884 2858 factus
1914 2801 2016 2858 sub
2053 2803 2174 2873 lege

568 2915 679 2959 non
703 2908 869 2956 esset.

646 2990 905 3058 Quoniam
933 3000 1103 3044 autem
1134 2990 1253 3044 estis
1286 2987 1387 3058 filii
1416 2988 1518 3042 Dei
1543 3030 1557 3053 ,
1587 2989 1727 3042 misit
1758 2988 1901 3043 Deus
1928 2989 2171 3059 spiritum

2284 1799 2339 1846 et
2366 1788 2722 1844 nihilominus
2748 1788 2851 1859 ipsi
2885 1788 3169 1843 tentationi
3200 1797 3256 1843 et
3289 1788 3456 1843 variis
3500 1786 3719 1857 injuriis
3766 1800 3893 1857 per-

2282 1882 2553 1938 miserunt
2580 1882 2905 1952 Apostolnm
2935 1881 3243 1952 subjacere.
3287 1880 3423 1938 Item
3452 1879 3675 1951 grandis
3704 1889 3888 1937 tenta-

2284 1977 2357 2031 tio
2386 1985 2493 2043 est,
2522 1976 2569 2031 si
2599 1975 2682 2031 vir
2710 1985 2931 2030 sanctus
2960 1984 3054 2030 aut
3082 1975 3408 2043 inﬁrmetur,
3433 1984 3528 2030 aut
3548 1974 3777 2046 impune
3799 1976 3891 2031 lte-

2279 2065 2457 2122 datur.
2486 2066 2594 2123 Sed
2623 2066 2746 2122 ideo
2775 2065 2877 2122 ista
2901 2067 3010 2137 pati
3042 2066 3374 2136 permittitur
3401 2081 3433 2122 a
3463 2065 3603 2134 Deo,
3630 2074 3691 2122 ut
3714 2066 3887 2122 virtu-

2281 2170 2391 2217 tem
2418 2177 2517 2231 per
2537 2160 2907 2217 inﬁrmitatem
2934 2160 3223 2230 perﬁciat:
3258 2169 3317 2215 et
3372 2171 3431 2216 ut
3474 2161 3884 2229 corruptionem

2280 2253 2421 2309 hanc
2450 2255 2800 2322 sentientem,
2825 2252 3200 2324 incorruptam
3232 2253 3423 2321 vitam,
3451 2254 3651 2326 majori
3679 2253 3881 2323 studio,

2278 2357 2333 2404 et
2362 2362 2553 2403 amore
2575 2346 2910 2418 perquirant.

2351 2441 2457 2497 Sed
2484 2441 2616 2496 sicut
2642 2439 2882 2512 angelum
2907 2436 3007 2494 Dei
3031 2439 3305 2506 excepistis
3340 2455 3439 2496 me.
3485 2438 3624 2495 Cum
3677 2454 3737 2494 se
3780 2454 3877 2494 an-

2276 2533 2417 2604 gelis
2452 2542 2826 2604 comparatum
2854 2532 3071 2602 gaudet,
3102 2531 3295 2603 probat
3316 2532 3539 2604 angelos
3569 2532 3881 2589 hominibus

2276 2639 2402 2681 esse
2430 2624 2687 2695 majores.

2347 2717 2497 2773 Sicut
2526 2717 2789 2772 Christum
2808 2715 3011 2772 Iesum.
3039 2715 3158 2772 Non
3185 2715 3363 2773 solum
3382 2757 3399 2785 ,
3444 2724 3505 2773 ut
3531 2716 3811 2789 angelum.

2351 2808 2452 2864 Ubi
2473 2819 2543 2864 est
2566 2826 2687 2881 ergo
2716 2809 2974 2864 beatitudo
3000 2811 3216 2865 vestra?
3270 2809 3445 2878 Quam
3502 2824 3651 2866 nunc
3699 2809 3880 2866 taliter

2275 2901 2621 2972 suscepistis.

2349 2993 2725 3049 Testimonium
2751 2994 2886 3048 enim
2915 2994 3156 3067 perhibeo
3186 2996 3323 3050 vobis
3348 3011 3368 3050 :
3397 2995 3519 3064 quia
3546 2996 3593 3051 si
3622 2996 3740 3067 fieri
3787 3014 3879 3068 po-

566 3084 700 3139 Filii
729 3084 811 3139 sui
840 3083 894 3138 in
922 3083 1082 3137 corda
1107 3091 1276 3136 vestra
1303 3082 1611 3135 clamantem
1632 3124 1645 3149 ,
1692 3080 1832 3133 Abba
1852 3121 1867 3146 ,
1900 3091 2068 3152 pater.
2095 3081 2171 3135 Es

2291 3087 2480 3154 luisset,
2516 3088 2691 3142 oculos
2720 3097 2917 3143 vestros
2961 3089 3265 3155 eruissetis,
3317 3094 3367 3143 et
3413 3088 3681 3144 dedissetis
3729 3091 3874 3145 mihi.

567 3174 673 3231 hoc
695 3189 795 3232 nos
821 3175 1018 3245 probat
1061 3173 1202 3229 ﬁlios
1245 3186 1369 3229 esse
1414 3171 1554 3242 Dei,
1605 3172 1863 3242 quoniam
1917 3173 2171 3243 spiritum

566 3268 775 3326 Christi
798 3269 1132 3339 accepimus.

641 3361 829 3434 Itaque
846 3364 965 3434 jam
994 3370 1193 3416 nonest
1220 3376 1417 3427 servus,
1449 3358 1539 3414 sed
1568 3358 1898 3429 ﬁlius:quod
1927 3359 1973 3434 si
1997 3360 2170 3429 ﬁlius,

569 3470 617 3516 et
643 3459 805 3514 [neres
830 3474 918 3529 per
943 3456 1129 3511 Deum.
1163 3454 1300 3522 Quid
1330 3454 1410 3509 vis
1436 3453 1629 3509 iterum
1671 3467 1864 3508 servus
1906 3429 2059 3521 esse,
2083 3453 2173 3524 qui

563 3552 678 3622 jam
707 3551 847 3605 ﬁlius
876 3558 929 3604 et
956 3548 1132 3603 haeres
1165 3547 1261 3603 es?
1293 3547 1423 3601 [tem
1454 3545 1540 3601 hic
1575 3544 1861 3602 manifeste
1889 3544 2123 3602 ostendit
2153 3588 2168 3614 ,

567 3646 693 3714 quia
714 3652 857 3697 totus
886 3642 1133 3711 populus,
1158 3655 1302 3695 unus
1325 3638 1465 3694 ﬁlius
1493 3646 1733 3694 vocatur.

644 3734 748 3790 Sed
771 3743 890 3786 tunc
919 3734 1124 3802 quidem
1154 3735 1451 3803 ignorantes
1502 3730 1665 3785 Deum
1709 3731 1791 3786 his
1845 3734 1933 3803 qui
1985 3741 2172 3786 natura

568 3844 674 3882 non
702 3837 819 3880 sunt
848 3826 943 3893 dii,
975 3824 1289 3879 serviebutis.
1312 3824 1591 3878 Convertit
1626 3839 1684 3880 se
1711 3824 1778 3878 ad
1806 3825 1954 3893 illos,
1980 3824 2072 3896 qui
2101 3841 2171 3881 ex

565 3917 819 3990 gentibus
848 3915 1213 3980 crediderant,
1244 3924 1296 3969 et
1322 3915 1504 3984 arguit
1534 3915 1818 3985 illos,quia
1847 3914 1962 3971 dies
1980 3916 2170 3983 festos,

566 4021 623 4068 et
655 4019 896 4080 tempora
924 4006 1237 4062 Judaeorum
1269 4007 1565 4062 observare
1594 4007 1816 4074 vellent,
1843 4008 1983 4063 sicut
2014 4019 2172 4063 antea

568 4103 728 4159 idolis
753 4103 1011 4156 lacerant.
1046 4098 1178 4153 Nam
1204 4098 1405 4155 Judaeis
1430 4100 1517 4153 isti
1544 4099 1661 4153 dies
1694 4099 1895 4156 idcirco
1925 4101 2173 4157 concessi

567 4204 713 4261 sunt,
742 4209 810 4250 ne
837 4208 934 4250 eos
961 4206 1149 4247 amore
1179 4190 1512 4258 festivitatis,
1547 4191 1704 4246 idolis
1726 4191 2069 4249 exhiberem.

643 4286 803 4342 Nunc
830 4296 1000 4339 autem
1022 4300 1135 4337 cum
1164 4284 1504 4355 cognoveritis
1540 4283 1739 4349 Deum,
1781 4286 1938 4338 immo
1980 4285 2172 4357 cogniti

567 4381 680 4436 sitis
712 4398 744 4433 a
774 4378 905 4434 Deo.
940 4379 1081 4433 Ante
1100 4374 1493 4446 ignorabamini
1528 4376 1594 4431 ab
1634 4375 1751 4441 illo,
1781 4375 1906 4447 quia
1935 4391 2040 4433 non
2072 4393 2169 4433 no-

2278 3178 2527 3235 Ostendit
2559 3188 2758 3250 quanta
2786 3195 2909 3235 eum
2934 3179 3208 3237 charitate
3251 3180 3543 3237 dilexerint
3571 3223 3588 3249 ,
3638 3190 3696 3238 et
3741 3198 3875 3253 quo-

2278 3272 2440 3328 modo
2496 3288 2555 3328 se
2595 3280 2742 3329 totos
2788 3273 2909 3344 ejus
2967 3273 3232 3329 doctrinm
3283 3274 3625 3329 tradiderint.
3681 3272 3876 3347 Utique

2276 3366 2595 3421 charissima
2617 3367 2863 3436 corporis
2892 3366 2979 3421 sui
3004 3369 3250 3423 membra
3280 3366 3460 3423 eidem
3516 3366 3732 3424 tradere
3777 3383 3873 3424 cu-

2280 3460 2513 3529 pierant,
2547 3458 2691 3514 hanc
2719 3458 2888 3514 solam
2919 3459 3251 3531 Evangelico
3278 3460 3471 3516 lumini
3500 3460 3719 3532 dignam
3750 3476 3873 3519 esse

2276 3550 2705 3607 vicissitudinem
2734 3551 3090 3622 arbitrantes,
3121 3553 3165 3609 si
3197 3569 3295 3609 sua
3339 3554 3544 3610 lumina
3598 3554 3652 3611 ei
3694 3554 3871 3612 reddi-

2276 3644 2503 3700 dissent.

2348 3738 2489 3811 Ergo
2512 3740 2746 3796 inimicus
2773 3740 2910 3795 vobis
2931 3741 3103 3811 factus
3127 3759 3265 3809 sum,
3287 3758 3462 3797 verum
3488 3742 3668 3797 dicens
3695 3741 3876 3797 vobis?

2279 3830 2409 3885 llrec
2432 3840 2516 3886 est
2543 3832 2787 3888 conditio
2816 3834 3082 3899 veritatis,
3116 3844 3174 3890 ut
3196 3850 3315 3891 eam
3340 3849 3560 3905 semper
3581 3835 3873 3890 inimicitia:

2277 3933 2574 3994 sequantur
2606 3938 2620 3979 :
2654 3925 2793 3980 sicut
2826 3941 2921 3995 per
2943 3926 3314 3983 adulationem
3344 3925 3873 3997 perniciosam,ami-

2278 4014 2421 4070 cilia:
2443 4017 2863 4086 conquiruntur.
2916 4017 3176 4076 Libenter
3219 4020 3367 4075 enim
3420 4019 3569 4091 quod
3600 4020 3868 4087 delectat,

2277 4109 2498 4165 auditur
2531 4128 2542 4164 :
2579 4118 2635 4165 et
2662 4110 2885 4166 ofl‘endit
2913 4128 3074 4167 omne
3099 4112 3245 4183 quod
3275 4112 3557 4169 nolumus.
3608 4112 3683 4167 lta
3730 4111 3871 4168 enim

2277 4212 2330 4258 et
2362 4202 2415 4257 hi
2446 4202 2677 4273 diligere
2707 4214 2990 4275 coeperant
3019 4206 3230 4262 sabbati
3264 4207 3370 4260 otia
3399 4248 3414 4273 ,
3469 4216 3527 4261 et
3564 4206 3770 4261 dierum
3794 4206 3873 4259 fe—

2276 4304 2485 4351 storum
2517 4298 2702 4366 epulas
2734 4298 3096 4366 praedicantes
3152 4308 3339 4355 contra
3387 4299 3710 4371 Apostolum
3737 4340 3754 4365 ,
3785 4297 3870 4368 qui

2279 4400 2496 4443 omnem
2530 4387 2923 4444 continentiam
2955 4405 3056 4445 suo
3087 4390 3195 4446 illis
3240 4392 3491 4462 exemplo
3514 4391 3867 4447 monstrabat.

567 4478 647 4529 vit
672 4474 884 4543 iniquos
915 4486 931 4527 :
960 4478 1015 4525 et
1044 4483 1151 4523 non
1181 4482 1278 4524 vos
1310 4466 1461 4523 illum
1494 4468 1789 4539 quaesistis,
1810 4469 1906 4525 sed
1938 4469 2030 4527 ille
2070 4485 2168 4527 vos

2344 4481 2686 4535 Afmulantur
2704 4497 2791 4535 vos
2813 4500 2915 4537 non
2943 4483 3068 4538 bene
3097 4501 3116 4539 :
3142 4484 3231 4539 sed
3252 4483 3528 4540 excludere
3557 4502 3644 4539 vos
3668 4486 3867 4549 volunt,

571 4565 813 4639 perditos
834 4561 1137 4634 requisivit.

643 4657 915 4726 Quomodo
943 4656 1305 4710 convertimini
1334 4658 1519 4711 iterum
1550 4656 1618 4710 ad
1671 4657 1881 4727 inﬁrma
1931 4670 1977 4714 et
2012 4676 2169 4732 egena

567 4752 834 4816 elementa,
850 4748 1032 4817 quibus
1053 4748 1222 4802 denuo
1245 4749 1439 4803 servire
1456 4749 1649 4804 vultis?
1669 4750 1963 4806 Evidenter
1980 4760 2166 4808 osten-

568 4843 649 4899 dit
676 4842 966 4913 Apostolus
992 4840 1234 4909 Galatas,
1265 4851 1385 4911 post
1410 4852 1688 4914 acceptam
1731 4844 1893 4901 ﬁdem
1926 4846 2167 4917 Christi,

569 4935 636 4990 ad
666 4934 933 4989 idulorum
964 4934 1157 4989 iterum
1188 4932 1397 4990 redisse
1421 4935 1708 4992 culturam.

643 5023 770 5078 Dies
793 5026 1087 5092 observatis,
1118 5033 1165 5079 et
1196 5043 1424 5094 menses,
1469 5037 1515 5083 et
1562 5039 1791 5099 tempora
1822 5072 1836 5096 ,
1882 5043 1929 5086 et
1975 5048 2158 5087 annos.

570 5116 681 5173 Nos
711 5132 816 5170 non
844 5117 1091 5173 similiter
1121 5117 1474 5175 observamus
1509 5138 1520 5174 :
1565 5137 1673 5176 non
1710 5124 1855 5178 enim
1902 5121 2162 5182 kalendas

567 5212 818 5276 colimus,
848 5225 949 5265 nec
971 5210 1088 5267 dies
1122 5210 1288 5267 festos
1309 5254 1324 5280 ,
1365 5213 1507 5267 sicut
1539 5213 1592 5267 in
1627 5215 1835 5270 luxuria
1866 5227 1921 5272 et
1950 5219 2157 5289 epulis,

563 5304 660 5361 sed
690 5305 743 5359 in
774 5301 1088 5358 sinceritate
1116 5319 1303 5375 azyma
1327 5304 1632 5375 epulamur.

636 5398 814 5453 Timeo
845 5414 906 5451 ne
930 5398 1063 5467 forte
1078 5400 1188 5451 sine
1215 5413 1373 5452 causa
1397 5397 1733 5455 laboraverim
1759 5400 1812 5455 in
1834 5401 1995 5457 vobis.
2018 5402 2163 5459 Nihil

563 5491 708 5545 enim
744 5487 963 5559 prodest
991 5489 1328 5547 Christianos
1359 5506 1456 5547 vos
1488 5490 1659 5548 factos
1681 5532 1698 5563 ,
1752 5492 1797 5549 si
1826 5493 1932 5549 ista
1964 5494 2160 5551 iterum

562 5580 896 5634 observetis.

637 5668 816 5725 Estote
842 5672 969 5726 sicut
1007 5688 1135 5743 ego,
1177 5673 1297 5743 quia
1341 5682 1386 5730 et
1434 5692 1524 5745 ego
1568 5677 1698 5732 sicut
1743 5694 1849 5734 vos.
1894 5678 2008 5735 Hoc
2039 5686 2162 5749 est,

2278 4571 2469 4625 utillos
2495 4570 2834 4629 temulentini.
2868 4573 3155 4643 Aitnulus,
3205 4585 3257 4632 et
3298 4576 3537 4632 imitator
3593 4583 3774 4646 potest
3819 4584 3873 4630 et

2279 4672 2532 4727 inimicus
2580 4673 2830 4746 intelligi.
2863 4676 2953 4731 Sic
2999 4691 3105 4731 non
3148 4676 3288 4733 bene
3321 4675 3626 4743 aemulatur,
3673 4676 3767 4744 qni
3819 4684 3875 4730 ut

2276 4773 2443 4829 alitnn
2472 4774 2711 4845 dejiciat,
2741 4790 2847 4832 non
2876 4785 2933 4832 ut
2961 4778 3077 4848 ipse
3113 4780 3390 4849 proﬁciat,
3422 4778 3734 4835 tumulatur.
3768 4777 3870 4833 ΑΞ-

2279 4874 2555 4930 ntulamini
2585 4885 2763 4930 autem
2793 4876 3027 4932 meliora
3059 4877 3401 4934 charismata.

2347 4973 2551 5028 Bonum
2579 4984 2750 5030 autent
2778 4976 3096 5032 a’mulamini
3133 4978 3187 5033 in
3231 4978 3363 5033 bona
3391 4991 3605 5049 semper,
3663 4985 3711 5031 et
3766 4994 3874 5032 non

2278 5081 2481 5127 tantum
2507 5090 2625 5129 cum
2649 5091 2873 5145 praesens
2900 5093 3013 5131 sum
3034 5078 3177 5147 apud
3205 5094 3313 5133 vos.
3339 5077 3513 5134 Nolite
3539 5075 3664 5133 illos
3705 5092 3873 5135 temu-

2276 5173 2400 5240 lari,
2424 5173 2520 5230 sed
2550 5175 2753 5231 bonum
2783 5192 3000 5247 semper
3019 5177 3375 5247 aemulamini,
3407 5194 3515 5235 non
3546 5177 3600 5234 in
3634 5192 3870 5250 praesen-

2276 5273 2346 5326 tia
2379 5287 2495 5328 mea
2528 5284 2759 5329 tantum.

2350 5373 2535 5430 Filioli
2556 5378 2677 5447 mei,
2703 5394 2829 5448 quos
2866 5377 3050 5433 iterum
3082 5380 3317 5452 parturio
3343 5424 3357 5449 ,
3407 5381 3573 5438 donec
3626 5382 3872 5453 formetur

2271 5473 2510 5530 Christus
2540 5478 2595 5530 in
2626 5479 2785 5533 vobis.
2817 5478 3112 5536 Evidenter
3141 5480 3243 5537 hoc
3273 5482 3543 5538 adversus
3587 5482 3870 5539 haereticos

2269 5577 2417 5632 valet
2446 5594 2459 5630 :
2493 5580 2580 5647 qui
2616 5589 2739 5649 post
2763 5583 3030 5653 baptisma
3061 5582 3411 5654 peccantibus
3433 5624 3449 5650 ,
3494 5576 3870 5656 pcenitentiam

2270 5694 2379 5737 non
2409 5679 2560 5738 dant.
2591 5681 2720 5741 ltetn
2753 5684 2805 5742 in
2840 5684 2931 5742 illo
2983 5700 3108 5745 vere
3146 5682 3399 5744 Christus
3442 5687 3742 5763 formatur,
3785 5689 3871 5762 qui
