4008 6188
118 290 219 348 817

779 290 1330 351 COMMENTARIUS
1368 293 1437 351 IN
1474 293 1866 353 EPISTOL.\M
1907 296 1998 352 AD
2039 294 2383 357 GALATAS.
2426 301 2583 358 CAP.
2625 304 2690 359 V.

3302 307 3408 363 818

116 405 365 462 virtutem
398 404 523 464 ﬁdei
550 407 667 479 ejus
698 408 990 482 intelligit,
1043 419 1100 467 et
1142 411 1195 466 in
1227 425 1335 481 quo
1357 411 1535 467 omnis
1575 426 1705 467 con-
1734 416 1790 474 Α
1812 413 2154 484 susceperit,
2183 388 2357 470 mater
2382 414 2635 473 efﬁcitur.
2666 416 2780 472 Hoc
2822 428 3001 475 autem
3034 421 3177 477 valet
3215 430 3409 477 contra

114 500 347 556 versatio
369 500 485 572 ejus
517 502 839 574 exprimitur
869 512 1031 575 atque
1052 504 1387 575 depingitur.

191 593 388 649 Vellem
411 605 582 649 autem
602 613 712 651 esse
733 598 873 669 apud
894 613 981 652 uos
1011 598 1185 652 modo.
1216 599 1352 666 Quia
1378 608 1581 670 quanta
1605 615 1702 656 vos

114 687 301 743 audire
326 688 634 756 meremini,
669 691 911 748 scribere
938 700 1082 747 tanta
1113 706 1219 748 non
1254 707 1487 763 possum.

184 778 253 832 Et
280 788 483 834 mutare
506 797 679 835 vocem
705 799 893 836 meam.
921 782 1122 840 Vocem
1154 783 1488 841 blandientis
1511 787 1700 857 patris,

114 872 165 927 in
190 874 418 942 rigorem
450 874 689 945 magistri
715 877 913 931 veteris
951 886 1180 933 mutare.

186 965 447 1031 Quoniam
473 968 767 1039 confundor
801 972 855 1024 in
894 970 1060 1025 vobis.
1089 970 1484 1027 Detrimentum
1536 971 1704 1027 disci-

115 1059 364 1130 pulorum
395 1059 648 1116 confusio
674 1070 759 1115 est
786 1062 1032 1133 magistri
1065 1081 1075 1116 :
1115 1064 1257 1118 sicut
1296 1064 1571 1132 profectus
1614 1077 1707 1118 eo-

113 1166 267 1216 rum,
325 1161 409 1207 est
432 1152 602 1223 gloria
644 1154 1015 1223 praeceptoris.
1063 1153 1426 1209 Confunditur
1478 1166 1657 1209 autem
1685 1199 1699 1224 ,

109 1243 232 1314 quia
263 1243 369 1313 jam
399 1244 494 1299 ﬁlii
524 1246 671 1312 facti,
706 1261 922 1301 rursum
949 1246 1093 1301 servi
1129 1261 1252 1302 esse
1282 1246 1592 1316 cupiebant.

179 1335 351 1391 Dicite
371 1338 501 1390 mihi
525 1380 539 1405 ,
568 1338 656 1409 qui
675 1339 771 1393 sub
801 1339 912 1408 lege
939 1336 1095 1393 uultis
1118 1354 1249 1393 esse.
1284 1337 1471 1409 Legem
1495 1356 1597 1392 non
1630 1338 1703 1393 le-

110 1430 293 1501 gistis?
320 1429 590 1501 Scriptum
616 1439 691 1483 est
715 1430 847 1483 enim
866 1471 880 1495 ,
912 1430 1156 1499 quoniam
1178 1429 1443 1485 Abraham
1485 1430 1616 1484 duos
1639 1431 1705 1499 ﬁ-

111 1523 207 1577 lios
231 1520 432 1592 habuit,
466 1539 624 1577 unum
652 1523 716 1576 de
750 1523 969 1591 ancilla,
1002 1532 1050 1576 et
1080 1541 1239 1577 unum
1270 1524 1333 1577 de
1370 1522 1551 1577 libera.
1596 1523 1705 1579 Sed

108 1619 195 1689 qui
214 1620 275 1673 de
304 1616 523 1685 ancilla,
554 1618 837 1672 secundum
866 1634 1073 1672 carnem
1096 1627 1250 1672 natus
1274 1628 1346 1672 est
1370 1636 1387 1672 :
1413 1618 1503 1685 qui
1531 1626 1703 1673 autem

108 1711 169 1764 de
197 1708 382 1776 libera,
408 1726 498 1779 per
523 1710 993 1780 repromissionem.
1023 1708 1239 1778 lsmael,
1270 1708 1450 1763 carnis
1476 1725 1491 1761 :
1524 1708 1695 1775 Isaac,

1806 505 1999 576 dogma
2029 520 2217 562 eorum
2244 507 2339 577 qui
2384 507 2598 574 dicunt,
2641 510 2851 565 animas
2885 510 2952 565 de
3002 511 3145 568 caelo
3187 521 3411 582 propter

1807 606 2111 667 peccatum,
2143 598 2195 652 in
2230 608 2403 654 terras
2429 598 2673 667 demitti,
2698 610 2752 655 et
2782 601 3131 657 nascentibus
3168 586 3413 674 corpori-

1807 688 1907 744 bus
1935 689 2167 746 infundi.
2195 692 2349 758 Quod
2380 701 2559 749 autem
2588 692 2665 748 ait
2693 712 2707 750 :
2736 694 2887 749 Multi
2914 694 3011 750 ﬁlii
3043 695 3273 751 desertae
3296 711 3409 751 ma-

1806 782 1889 851 gis
1909 822 1924 848 ,
1957 797 2118 853 quam
2151 798 2273 853 quae
2300 784 2468 839 habet
2497 786 2691 841 virum.
2728 785 2894 842 Filios
2925 786 3159 851 desertze
3180 828 3196 853 ,
3237 787 3409 855 signi-

1807 871 1935 928 ﬁcat
1983 874 2243 930 Ecclesiae
2290 877 2519 947 pOpulOS
2575 892 2643 933 ex
2698 872 2955 949 gentibus
3020 889 3407 949 congregatos.

1808 965 2107 1021 [labentem
2140 978 2320 1025 autem
2352 970 2525 1025 virum
2548 1012 2564 1039 ,
2616 985 2945 1043 synagogam
2985 971 3296 1027 Judazorum
3329 981 3411 1027 te-

1807 1064 2002 1129 statur,
2036 1060 2178 1115 sicut
2211 1061 2352 1117 Osee
2381 1063 2650 1133 propheta
2680 1072 2945 1119 monstrat
2977 1083 2988 1118 :
3017 1063 3269 1120 Judicate
3296 1079 3412 1119 ma-

1807 1160 1944 1207 trem
1977 1162 2212 1208 vestram
2240 1195 2255 1221 ,
2293 1155 2556 1223 judicate,
2586 1157 2709 1225 quia
2738 1157 2849 1227 ipsa
2878 1173 2986 1213 non
3012 1172 3149 1212 uxor
3176 1173 3320 1224 mea,
3349 1167 3410 1213 et

1806 1258 1907 1313 ego
1938 1259 2047 1298 non
2074 1245 2156 1298 vir
2181 1246 2319 1314 ejus.
2354 1244 2488 1302 Item
2515 1248 2759 1304 Ecclesia
2790 1260 2964 1306 mater
2997 1259 3082 1307 est
3129 1260 3234 1306 tam
3278 1266 3414 1321 gen-

1806 1339 1978 1395 tilium
2013 1340 2349 1396 credentium
2381 1384 2396 1409 ,
2450 1358 2611 1412 quam
2645 1344 2809 1399 etiam
2856 1344 3170 1401 Iudaeorum
3198 1388 3214 1414 ,
3256 1346 3412 1415 cujus

1805 1430 1900 1485 ﬁlii
1953 1432 2097 1487 servi
2153 1447 2275 1487 esse
2325 1447 2433 1487 non
2480 1444 2728 1504 possunt.
2761 1434 2829 1488 Et
2860 1435 2985 1490 ideo
3030 1446 3084 1491 et
3137 1436 3411 1492 mediator

1807 1522 1933 1576 novi
1956 1522 2289 1578 Testamenti
2319 1518 2387 1578 de
2430 1524 2570 1578 caelo
2599 1524 2814 1580 advenit
2842 1525 3127 1581 Pontifex:
3153 1540 3203 1581 et
3232 1526 3410 1581 Evan-

1803 1612 2004 1683 gelium
2034 1628 2140 1669 non
2173 1615 2226 1669 in
2250 1628 2360 1669 uno
2382 1614 2537 1681 loco,
2570 1614 2666 1670 sed
2698 1615 2752 1670 in
2778 1625 2894 1670 toto
2920 1616 3122 1671 mundo
3151 1624 3235 1672 est
3263 1631 3407 1686 prte-

1804 1708 2060 1762 dicatum.

110 1801 250 1857 ﬁlius
284 1801 435 1857 ﬁdei.
468 1801 624 1855 Illum
667 1801 811 1856 enim
853 1800 1131 1856 Abraham
1173 1799 1468 1855 secundum
1511 1815 1699 1854 carna-
1726 1794 1776 1855 Β
1877 1800 2028 1855 Sicut
2050 1802 2297 1872 scriptum
2325 1810 2400 1856 est
2437 1820 2451 1857 :
2479 1802 2703 1871 Laetare,
2728 1802 2947 1868 sterilis,
2977 1819 3092 1875 qua:
3111 1820 3213 1859 non
3246 1807 3410 1877 paris.

106 1893 209 1950 leui
230 1909 386 1950 usum
410 1894 628 1966 genuit:
658 1894 819 1949 istum
841 1901 1029 1948 contra
1063 1900 1311 1947 naturam
1338 1893 1703 1963 promissione

103 1986 363 2056 suscepit.

179 2078 308 2146 Qua:
337 2085 456 2131 sunt
484 2094 577 2148 per
603 2076 910 2149 allegoriam
939 2078 1100 2132 dicta.
1137 2077 1269 2146 Qua:
1313 2076 1532 2148 quidem
1577 2086 1704 2132 sunt

107 2185 202 2241 per
233 2169 550 2242 allegoriam
580 2170 727 2225 dicta
759 2186 774 2224 :
808 2169 913 2224 hoc
936 2179 1041 2234 est,
1074 2169 1178 2223 alia
1201 2185 1267 2224 ex
1298 2169 1424 2224 aliis
1448 2169 1699 2239 ﬁgurata.

111 2260 267 2317 Dedit
295 2270 475 2316 autem
505 2261 749 2332 regulam
778 2259 883 2315 hoc
912 2260 1034 2315 loco
1060 2260 1354 2330 Apostolus
1392 2259 1705 2330 intelligen-

106 2353 158 2408 di
181 2353 504 2423 allegoricas
531 2354 801 2421 rationes,
830 2353 1041 2409 scilicet
1064 2363 1143 2418 ut,
1174 2360 1428 2407 manente
1459 2351 1702 2407 historiae

109 2443 352 2511 veritate,
382 2445 581 2514 ﬁguras
601 2445 808 2500 veteris
838 2441 1172 2499 Testamenti
1194 2443 1730 2513 exponamusNam‘

107 2552 226 2593 cum
256 2538 508 2605 dixisset,
532 2537 806 2593 Abraham
832 2538 970 2593 duas
1014 2552 1222 2593 uxores
1273 2538 1555 2593 verissime
1606 2538 1702 2593 ha-

108 2630 313 2696 buisse,
341 2639 528 2699 postea
553 2630 682 2700 quid
726 2630 1199 2701 prazﬁguraverint
1219 2672 1234 2695 ,
1267 2624 1659 2684 demonstravit
1684 2648 1697 2682 :

109 2731 164 2776 et
193 2721 295 2776 hoc
327 2719 505 2791 ipsum
537 2720 609 2775 ibi
635 2720 784 2791 fecit,
812 2721 901 2775 ubi
928 2721 1108 2791 aliqua
1133 2730 1443 2777 sanctorum
1473 2722 1699 2777 honesta

104 2824 253 2886 gesta
283 2814 597 2872 referuntur
626 2832 639 2869 :
671 2831 776 2869 non
807 2816 896 2870 ubi
930 2825 1147 2886 peccata
1178 2824 1453 2871 notantur.
1514 2816 1687 2872 Caete-

108 2924 226 2964 rum
252 2909 453 2965 delicta
478 2909 661 2964 dicere
687 2924 783 2979 per
810 2908 1087 2980 mysteria,
1104 2919 1196 2964 aut
1222 2908 1698 2979 impossibilitatis,

106 3007 199 3054 aut
221 2998 546 3071 ignorantia:
578 3000 746 3055 Deum
772 3009 858 3054 est
885 2999 1187 3054 criminari.
1217 2999 1318 3065 Qui
1340 3008 1519 3054 autem
1544 2999 1703 3052 aliter

106 3106 199 3147 sua
230 3101 537 3148 monstrare
590 3107 697 3147 non
748 3092 947 3162 poterit
993 3100 1334 3147 sacramenta
1374 3108 1387 3143 τ
1427 3100 1522 3145 aut
1552 3099 1701 3146 certe

1805 1891 2132 1962 Prophetico
2166 1894 2479 1949 testimonio
2508 1894 2702 1964 probat
2732 1896 3016 1951 meliorem
3052 1910 3154 1952 nos
3180 1937 3197 1964 ,
3246 1912 3408 1969 quam

1804 1984 2042 2048 Judceos,
2074 1994 2303 2041 matrem
2328 1987 2550 2043 habere.
2770 1980 2778 1987 ’
3093 2007 3101 2014 δ

1876 2078 2104 2150 Erumpe
2138 2089 2185 2134 et
2215 2081 2414 2149 clama,
2446 2098 2560 2152 qua:
2590 2098 2691 2137 non
2724 2083 2972 2153 parturis.
3017 2082 3253 2154 Clamor,
3311 2098 3415 2156 pro

1806 2174 2089 2243 prephetia
2128 2175 2348 2244 ponitur
2383 2174 2436 2230 in
2469 2175 2571 2231 hoc
2603 2177 2743 2232 loco.

1878 2269 2016 2334 Quia
2044 2270 2193 2322 multi
2221 2270 2437 2325 deserta:
2467 2272 2652 2342 magis.
2678 2271 2791 2327 Hoc
2814 2270 3195 2342 prreﬁgurabat
3226 2270 3407 2340 Anna,

1805 2378 1929 2433 qua:
1950 2361 2090 2417 dixit
2118 2380 2130 2415 :
2157 2361 2371 2419 Sterilis
2402 2379 2523 2434 qua:
2551 2365 2763 2435 peperit
2789 2375 3001 2437 septem
3023 2408 3039 2433 ,
3071 2374 3125 2423 et
3150 2366 3322 2423 fetosa
3352 2368 3406 2421 in

1807 2456 1935 2511 ﬁliis
1965 2456 2235 2511 inﬁrmata
2264 2468 2371 2513 est.

1881 2548 2049 2614 Quam
2086 2550 2200 2619 ejus
2220 2590 2234 2614 ,
2264 2565 2378 2619 qua:
2404 2549 2552 2603 habet
2580 2551 2766 2606 virum.
2798 2550 2931 2618 Quae
2975 2552 3154 2607 virum
3203 2551 3410 2609 habere

1806 2652 2039 2713 putans,
2070 2641 2139 2696 de
2179 2640 2507 2697 ieeunditate
2529 2642 2810 2712 gloriatur.
2857 2645 2964 2698 Aut
3007 2645 3130 2715 quia
3173 2644 3411 2701 habebat

1806 2735 2005 2795 virum.
2038 2740 2328 2802 antequam
2356 2732 2646 2801 ejiceretur
2674 2749 2797 2788 cum
2828 2733 2937 2790 ﬁlio
2964 2750 3085 2790 suo.

1879 2825 1993 2881 Nos
2030 2832 2202 2879 autem
2262 2827 2455 2896 fratres
2508 2827 2813 2898 secundum:
2848 2826 3003 2881 Isaac
3057 2828 3415 2897 promissionis

1807 2921 1905 2990 ﬁlii
1933 2936 2130 2973 sumus.
2155 2917 2438 2986 Quomodo
2466 2920 2534 2974 de
2566 2919 2712 2976 lsaac
2736 2962 2752 2987 ,
2801 2921 2873 2975 ita
2921 2931 2976 2977 et
3020 2920 3089 2977 de
3137 2921 3296 2977 nobis
3326 2932 3411 2978 est

1806 3012 2040 3069 Abraha:
2073 3014 2501 3083 repromissum,
2545 3014 2689 3083 quod
2718 3015 2927 3073 scilicet
2968 3017 3022 3071 in
3076 3030 3144 3072 eo
3189 3015 3412 3072 benedi-

1805 3106 1992 3162 cenda:
2022 3114 2203 3162 essent
2238 3121 2432 3162 omnes
2460 3116 2672 3177 gentes.

103 3194 300 3256 Ρυιδηδ
322 3185 428 3241 Sibi
471 3184 837 3256 quorumdam
872 3193 1094 3254 Ρθεθτηίὶ
1146 3183 1454 3238 necessaria
1481 3225 1495 3249 ι
1552 3185 1701 3253 Prius
1728 3172 1774 3236 Ο
1880 3199 2001 3255 Sed.
2018 3197 2277 3269 quomodo
2310 3206 2432 3251 tunc
2462 3199 2536 3264 is,
2587 3198 2675 3269 qui
2710 3199 2993 3253 secundum
3020 3214 3228 3252 carnem
3256 3205 3410 3251 natus

103 3275 192 3333 illa
217 3280 551 3350 generaliter
579 3279 927 3347 condemnet,
961 3277 1055 3333 sed
1082 3288 1137 3333 et
1176 3286 1366 3347 postea
1397 3276 1701 3347 reprehen-

104 3368 280 3425 dendo
337 3381 500 3442 atque
531 3371 856 3427 vindicando
880 3369 1173 3433 ostendat,
1218 3368 1307 3423 illa
1346 3382 1451 3422 non
1486 3376 1704 3438 propter

104 3480 199 3520 sua
229 3466 483 3538 mysteria
507 3466 622 3521 ﬁeri
657 3465 891 3520 voluisse
916 3482 931 3519 :
961 3470 1227 3535 praecepta
1245 3476 1371 3517 vero
1386 3460 1705 3518 difﬁcilein-

108 3558 286 3613 veniet
312 3556 582 3629 Apostoli,
616 3557 793 3614 taliter
816 3555 1135 3629 exponentis
1162 3600 1176 3625 ,
1225 3569 1294 3610 ne
1323 3568 1508 3609 eorum
1538 3554 1701 3609 vitam

107 3650 378 3706 videretur
404 3666 693 3708 enervare.

176 3742 305 3798 Haec
330 3745 464 3799 enim
492 3755 609 3799 sunt
641 3743 743 3797 duo
773 3742 1095 3799 Testamenta
1122 3759 1142 3798 :
1168 3741 1335 3800 Vetus
1382 3751 1438 3799 et
1465 3758 1662 3798 novum
1687 3784 1700 3807 ,

105 3835 346 3907 singulos
377 3838 611 3909 populos
651 3839 988 3909 generantia.

178 3929 349 3984 Unum
371 3932 581 4002 quidem
607 3930 662 3984 in
688 3940 857 3985 monte
874 3930 1091 3998 Sina,in
1112 3930 1404 3984 servitutem
1433 3946 1700 4001 generatis.

113 4020 282 4076 Judaei
309 4034 457 4077 metu
482 4023 830 4091 praesentium
862 4021 1200 4091 cogebantur
1232 4062 1246 4088 ,
1301 4030 1364 4074 ut
1406 4022 1529 4075 ferte
1564 4034 1577 4073 :
1610 4033 1708 4073 nos

108 4128 231 4168 vero
254 4113 500 4183 praemiis
528 4112 817 4167 invitamur
852 4123 908 4167 ut
940 4112 1093 4166 liberi
1121 4153 1135 4176 ,
1174 4122 1228 4166 et
1258 4111 1332 4165 illi
1377 4112 1530 4182 quasi
1558 4112 1707 4165 servi

111 4214 312 4269 prteter
336 4202 564 4258 moralia
592 4212 857 4272 pra-cepta
884 4244 899 4270 ,
945 4205 1109 4257 etiam
1166 4202 1399 4258 diversis
1447 4202 1707 4272 operibus

110 4296 539 4364 premebantur:
575 4294 733 4350 nobis
754 4304 936 4350 autem
989 4295 1142 4365 quasi
1190 4294 1315 4349 ﬁliis
1345 4336 1360 4359 ,
1412 4296 1707 4350 moralibus

110 4387 335 4441 monitis
372 4385 722 4455 adirnpletis,
771 4386 989 4442 sectilia
1014 4401 1178 4442 onera
1219 4385 1561 4441 auferuntur.
1601 4386 1705 4441 Sed

115 4477 190 4533 illi
212 4466 593 4534 sacerdotibus
624 4479 736 4533 suis
781 4495 850 4533 cx
893 4478 1073 4534 debito
1122 4481 1461 4549 servientes,
1510 4478 1704 4535 tributa

112 4572 268 4627 etiam
298 4573 534 4629 reddere
564 4572 897 4642 cogebantur
944 4589 958 4625 :

112 4669 239 4723 nihil
269 4670 561 4738 debentes,
587 4670 860 4724 antistites
881 4678 1098 4723 nostros
1133 4668 1437 4724 voluntarie
1471 4669 1705 4723 honora-

117 4777 255 4820 Inus.
1188 4774 1191 4775 '
1666 4772 1667 4775 ‘

185 4854 404 4919 Quaest
433 4855 595 4927 Agar.
629 4855 793 4927 Cujus
821 4865 1003 4927 typum
1040 4856 1226 4909 habuit
1250 4870 1541 4926 synagoga.

185 4944 314 5000 Sina
344 4950 477 5002 enim
506 4966 650 5003 mons
672 4958 743 5003 est
775 4950 829 5003 in
855 4948 1068 5016 Arabia,
1095 4950 1183 5018 qui
1206 4951 1513 5020 conjunctus
1539 4957 1611 5001 est
1638 4948 1708 5014 ei,

113 5053 226 5105 qua:
255 5056 388 5094 nunc
441 5051 519 5097 cst
567 5040 879 5096 Jerusalem.
934 5040 1014 5095 Ex
1064 5040 1415 5109 qualitatibus
1464 5041 1703 5095 locorum

116 5130 226 5183 vult
249 5130 475 5202 intelligi
506 5132 879 5189 diversitatem
911 5132 1409 5187 Testamentorum.

189 5221 257 5275 Et
282 5226 428 5278 servit
458 5243 572 5280 cum
598 5227 721 5298 ﬁliis
748 5230 876 5283 suis.
903 5226 1037 5283 Cum
1073 5228 1197 5283 ﬁliis
1223 5227 1547 5295 Jerusalem,
1573 5243 1707 5298 gen-

118 5312 265 5367 tibus
295 5315 479 5370 servit.

190 5401 300 5457 Illa
324 5414 495 5459 autem
523 5410 643 5478 qua:
670 5428 873 5467 sursum
907 5421 980 5467 est
1024 5411 1317 5469 Jerusalem
1342 5454 1357 5481 ,
1398 5412 1556 5467 libera
1592 5420 1664 5468 est
1696 5428 1714 5467 :

121 5510 238 5566 qua:
263 5506 337 5548 est
366 5506 533 5551 mater
558 5510 749 5556 nostra.
780 5503 948 5560 Recte
974 5505 1105 5562 dicit
1133 5506 1428 5577 Apostolus
1450 5546 1463 5570 ,
1491 5505 1711 5561 Jerusa-

124 5586 230 5641 lem
260 5585 534 5642 caalestem
583 5593 819 5649 sterilem
864 5611 987 5652 esse
1042 5601 1393 5668 generatione
1439 5597 1669 5652 ﬁliorum
1698 5640 1711 5661 ,

122 5680 248 5748 quia
278 5695 384 5735 non
428 5679 533 5737 illic
579 5698 797 5753 generat
827 5689 969 5746 filios
1003 5709 1015 5745 :
1051 5692 1147 5748 sed
1185 5693 1272 5747 hic
1305 5708 1400 5761 per
1433 5692 1591 5747 ﬁdem
1636 5706 1726 5746 re-

125 5782 282 5831 natos
327 5772 384 5830 in
430 5772 692 5846 Christo,
747 5789 936 5853 postea
978 5784 1243 5859 suscipit,
1292 5794 1346 5840 et
1374 5800 1561 5842 eorum
1589 5799 1726 5858 quos

1807 3292 1997 3361 fuerat.
2026 3290 2257 3361 Semper
2286 3291 2538 3347 carnales
2563 3291 2834 3357 homines,
2868 3305 2963 3345 eos
3009 3290 3101 3359 qui
3151 3290 3410 3359 spiritua-

1810 3385 1931 3437 liter
1962 3391 2089 3438 sunt
2119 3392 2540 3452 persequuntur.
2585 3380 2736 3436 Unde
2783 3381 2978 3434 mirum
3026 3393 3135 3435 non
3182 3389 3309 3446 est,
3359 3382 3407 3436 si

1810 3477 1971 3532 modo
2015 3468 2201 3530 carnei
2258 3484 2314 3528 et
2369 3472 2663 3527 saeculares
2712 3472 2961 3526 homines
2988 3481 3205 3527 sanctos
3237 3472 3409 3526 tribu-

1809 3572 1943 3637 lent,
1969 3579 2023 3625 et
2050 3568 2329 3638 affligant;
2361 3564 2529 3619 immo
2558 3563 2687 3618 inde
2707 3562 3075 3634 cognoscendi
3111 3572 3239 3619 sunt
3273 3564 3408 3635 justi

1809 3676 1951 3728 esse,
1978 3660 2023 3714 si
2053 3676 2080 3713 a
2109 3656 2309 3712 talibus
2340 3653 2739 3725 opprimantur.

1802 3786 1805 3791 -
1882 3749 2289 3821 Persequebatur
2310 3763 2447 3813 eum,
2478 3746 2565 3815 qui
2606 3745 2891 3800 secundum
2915 3749 3177 3819 spiritum.
3212 3748 3268 3803 In
3302 3748 3408 3805 Gc-

1810 3845 1923 3901 nesi
1969 3842 2184 3913 quidem
2228 3841 2330 3894 hoc
2381 3839 2637 3908 scriptum
2667 3845 2771 3892 est.
2801 3838 2935 3905 Quia
2970 3839 3216 3895 illuserat
3251 3841 3402 3898 Isaac

1808 3938 1999 3995 lsmael
2030 3955 2039 3989 :
2068 3935 2163 3991 sed
2195 3932 2486 4005 Apostolus
2504 3931 2740 3987 ostendit
2762 3948 2869 3986 non
2892 3933 3193 4002 simplicem
3222 3935 3405 3991 lusum

1811 4032 1973 4086 fuisse
2000 4071 2015 4094 ,
2047 4042 2206 4099 quem
2237 4024 2675 4095 persecutionem
2719 4023 2976 4095 appellat.
3020 4026 3154 4094 Quia
3202 4028 3410 4103 scurri-

1810 4123 1916 4177 lem
1960 4135 2084 4176 eum
2106 4165 2119 4187 ,
2179 4126 2234 4174 et
2263 4118 2439 4173 levem
2462 4160 2478 4183 ,
2513 4117 2655 4191 sicut
2684 4115 2801 4186 ipse
2823 4129 2972 4183 erat,
3017 4118 3193 4174 facere
3215 4119 3408 4187 cupies

1810 4214 1899 4269 bat
1935 4232 1949 4269 :
1979 4227 2047 4266 ne
2113 4210 2189 4264 illi
2258 4208 2433 4281 possit
2479 4206 2533 4262 in
2587 4208 2905 4263 haereditate
2952 4210 3219 4279 praeferri.
3281 4208 3409 4265 Ideo

1810 4303 2082 4359 Abraham
2114 4301 2420 4372 dejicieudo
2446 4316 2801 4370 eum,vocem
2834 4304 2985 4360 Sara:
3009 4304 3166 4373 jubet
3192 4302 3406 4359 audire.

1883 4395 1972 4451 Ita
2001 4404 2047 4450 el
2075 4413 2233 4450 nunc.
2278 4394 2357 4449 lla
2396 4403 2450 4449 et
2491 4394 2578 4450 isti
2624 4411 2817 4453 servos
2872 4410 3001 4451 suos
3048 4395 3153 4451 sibi
3203 4395 3411 4451 similes

1814 4489 1991 4545 facere
2017 4488 2281 4542 nituntur.

1008 4588 1108 4628 "05
1140 4583 1338 4643 Ιπέἓιει·
1386 4573 1703 4628 “larualem
1730 4551 1785 4613 Β
1890 4583 1998 4640 Sed
2019 4582 2142 4653 quid
2163 4582 2286 4636 dicit
2310 4582 2621 4653 Scriptura?
2673 4580 2822 4654 Ejice
2852 4580 3102 4633 ancillam
3152 4588 3200 4633 et
3239 4580 3412 4649 ﬁlium

1816 4679 1970 4751 ejus:
2005 4692 2107 4729 non
2155 4675 2287 4729 enim
2318 4674 2483 4727 horres
2527 4673 2622 4726 erit
2677 4674 2817 4739 ﬁlius
2867 4672 3101 4739 ancillae,
3144 4687 3261 4725 cum
3301 4672 3415 4741 ﬁlio

1819 4769 2013 4823 liberte.
2044 4767 2397 4835 Quantuinvis
2427 4779 2485 4819 se
2516 4764 2743 4818 extollat
2779 4763 3052 4834 iniquitas,
3083 4764 3279 4818 ancilla
3305 4772 3411 4833 est,

1821 4871 1875 4916 et
1915 4858 2249 4927 subjicienda
2302 4854 2503 4910 sanctis
2560 4856 2699 4909 sicut
2759 4864 2812 4909 et
2875 4854 3046 4909 Judcei
3100 4873 3115 4908 :
3167 4856 3415 4923 quamvis

1823 4953 2054 5008 Abrahae
2084 4952 2222 5004 ﬁlios
2253 4964 2312 5002 se
2336 4949 2542 5017 jactant
2570 4988 2583 5011 ,
2636 4947 2891 5016 quamdiu
2930 4948 3025 5000 ﬁlii
3055 4947 3272 5001 ancilla:
3298 4946 3416 5002 lue-

1820 5046 1963 5111 rint,
2018 5043 2298 5097 nobiscum
2346 5038 2721 5094 hmreditatem
2774 5040 2975 5094 habere
3026 5054 3132 5094 non
3166 5052 3416 5110 possunt.

1892 5134 2096 5205 Itaque,
2131 5137 2342 5204 fratres,
2370 5148 2472 5184 non
2502 5147 2679 5184 sumus
2710 5131 2915 5185 ancilla:
2940 5131 3059 5199 ﬁlii,
3090 5134 3179 5186 sed
3203 5131 3377 5187 libera:
3397 5150 3415 5187 :

1819 5243 1921 5296 qua
1948 5225 2177 5278 libcrtate
2198 5239 2291 5276 nos
2322 5222 2560 5276 Christus
2585 5221 2833 5275 liberavit.
2874 5220 2991 5276 Non
3020 5222 3282 5277 debemus
3317 5238 3418 5276 an-

1822 5317 2004 5373 cillam
2027 5316 2205 5384 sequi,
2235 5324 2411 5369 matre
2451 5313 2637 5368 relicta
2661 5354 2675 5379 ,
2709 5313 2834 5384 quia
2872 5312 2999 5368 licet
3045 5313 3288 5383 ejusdem
3318 5313 3428 5367 viri

1824 5411 1987 5466 fuerit
2014 5424 2173 5475 uxor,
2210 5418 2387 5463 tamen
2419 5407 2486 5461 ad
2514 5415 2762 5476 tempus,
2813 5407 2941 5477 quia
2970 5405 3124 5462 Sarai
3203 5415 3417 5477 tempus

1826 5501 2062 5559 nondum
2094 5510 2318 5555 venerat
2346 5497 2668 5570 generandi.

2450 5592 2676 5647 CAPUT
2720 5593 2782 5648 V.

1900 5690 2046 5746 State
2074 5732 2088 5756 ,
2142 5698 2188 5743 et
2245 5687 2406 5741 nolite
2460 5687 2641 5740 iterum
2680 5688 2809 5759 jugo
2854 5686 3115 5741 servitutis
3156 5687 3440 5744 contineri.

1828 5786 1981 5844 State
2026 5784 2078 5841 in
2132 5782 2235 5841 ﬁde
2288 5779 2613 5855 Evangelii,
2661 5780 2771 5854 jam
2824 5781 2975 5838 enim
3034 5788 3249 5853 tempus
3300 5780 3433 5853 legis
