4008 6188
580 277 687 334 819

1605 272 1662 328 8.
1706 270 2088 327 HIERONYMI
2126 267 2410 328 OPERUM
2452 270 2823 330 MAN'I‘ISSA.

3728 333 3731 335 .
3784 276 3883 332 820

580 389 792 445 efﬂuxit
816 406 829 443 :
851 388 1021 444 nolite
1041 387 1230 458 jugum
1257 398 1381 439 cum
1410 382 1613 439 Judaais
1642 381 1879 450 trahere,
1905 380 2047 452 quod
2077 395 2178 438 nec
2203 382 2257 445 Α
2362 382 2467 436 Vos
2487 384 2620 437 enim
2644 384 2697 437 in
2723 384 3005 439 libertatem
3034 388 3197 439 vocati
3220 386 3341 440 estis
3365 427 3381 452 ,
3424 387 3613 457 fratres
3643 405 3660 442 :
3688 396 3884 444 tantum

582 484 683 553 ipsi
718 483 857 537 ferre
888 489 1137 550 possant.

657 574 792 629 Ecce
820 589 913 642 ego
940 570 1140 625 Paulus
1179 568 1298 622 dico
1327 567 1490 622 vobis.
1547 565 1662 639 Ego
1714 567 1869 623 vobis
1913 567 2179 624 audenter

580 667 723 732 dico,
757 668 1027 720 neminem
1060 666 1473 734 pertimescens.

656 758 916 824 Quoniam
952 762 997 813 si
1041 756 1519 821 circumcidamini,
1569 752 1807 809 Christus
1856 755 1995 808 vobis
2045 753 2181 809 nihil

582 851 830 925 proderit.
857 851 991 918 Quia
1016 850 1195 907 solum
1227 848 1377 904 illum
1401 849 1468 904 ad
1495 847 1729 904 Salutem
1748 847 1904 904 vobis
1923 847 2178 905 sufﬁcere

582 962 690 1002 non
718 946 937 1015 putatis.

653 1038 921 1108 Testiﬁcor
948 1044 1119 1093 autem
1164 1053 1345 1091 rursus
1386 1036 1526 1091 omni
1551 1035 1754 1092 homini
1787 1034 2181 1090 circumcidenti

579 1148 655 1198 se,
684 1132 931 1202 quoniam
952 1130 1152 1185 debitor
1178 1140 1253 1185 est
1285 1131 1543 1184 universa:
1581 1131 1708 1201 legis
1752 1129 2028 1201 faciendis.
2077 1128 2179 1194 Qui

579 1232 742 1295 caput
780 1239 1005 1295 operum
1050 1223 1187 1293 legis
1214 1225 1482 1291 suscepit,
1530 1239 1758 1280 necesse
1785 1234 1867 1279 est
1894 1231 1953 1279 ut
1980 1232 2176 1280 caetera

582 1322 825 1378 membra
849 1322 1134 1383 sustineat,
1170 1335 1237 1374 ne
1264 1318 1552 1376 maledicto
1585 1319 1884 1385 subiaceat.

656 1413 910 1468 Evacuati
944 1414 1065 1468 estis
1093 1429 1124 1465 a
1160 1410 1367 1466 Christo
1402 1429 1413 1464 :
1441 1413 1527 1482 qui
1555 1412 1609 1465 in
1636 1411 1747 1483 lege
1764 1409 2134 1483 justiﬁcantini
2158 1442 2178 1477 ν

582 1524 615 1561 a
641 1508 813 1576 gratia
839 1506 1125 1560 excidistis.
1156 1503 1215 1559 Si
1243 1504 1294 1557 in
1327 1504 1445 1571 lege
1471 1519 1623 1574 spem
1652 1503 1881 1574 ponitis,
1923 1510 1980 1558 et
2016 1501 2180 1571 justi—

586 1600 752 1654 ﬁcare
779 1612 943 1668 posse
965 1612 1061 1651 vos
1080 1596 1327 1662 creditis,
1384 1596 1651 1651 inﬁrmam
1694 1592 1897 1650 Christi
1950 1592 2178 1663 gratiam

580 1690 838 1759 judicatis
864 1707 877 1742 :
908 1699 963 1744 et
1000 1688 1145 1760 quod
1194 1688 1302 1757 jam
1334 1688 1502 1756 gratis
1524 1688 1805 1741 consecuti
1828 1685 1958 1741 estis
1979 1726 1993 1751 ,
2038 1693 2181 1739 tam-

585 1798 746 1852 quam
778 1797 884 1836 non
911 1780 1175 1837 habentes
1198 1818 1214 1846 ,
1254 1780 1490 1849 propriis
1534 1780 1699 1835 vultis
1753 1777 2031 1833 laboribus
2068 1776 2185 1831 adi-
2214 1765 2263 1826 B
2288 1792 2409 1832 mus
2442 1792 2456 1831 :
2486 1778 2826 1847 proximum,
2859 1777 2997 1830 sicut
3028 1792 3129 1831 nos
3156 1795 3167 1830 :
3204 1778 3483 1832 inimicum
3523 1821 3539 1843 ,

586 1889 743 1945 ptsCt.

661 1967 774 2021 Nos
800 1966 939 2020 enim
961 1966 1150 2036 spiritu
1175 1981 1240 2019 ea:
1263 1964 1368 2035 ﬁde
1395 1981 1535 2036 spem
1560 1964 1784 2035 iustitia:
1807 1972 2182 2032 exspectamus.

588 2058 865 2127 Spirituali
894 2058 1309 2114 conversatione
1337 2057 1593 2126 perfectae
1626 2056 1749 2110 ﬁdei
1773 2070 2057 2124 speramus
2084 2069 2186 2111 nos

583 2152 807 2223 iustitia:
837 2152 1201 2206 immortalem
1242 2161 1561 2221 accepturos
1613 2164 1735 2204 esse
1783 2146 2113 2204 mercedem.

656 2246 799 2301 Nam
852 2247 904 2301 in
963 2245 1168 2301 Christo
1207 2241 1334 2299 Jesu
1363 2289 1378 2312 ,
1433 2260 1594 2312 neque
1634 2244 1958 2297 circumcisio
1987 2240 2188 2309 aliquid

587 2340 744 2409 valet,
770 2355 932 2408 neque
968 2334 1302 2409 praeputium.
1341 2334 1527 2405 Neque
1556 2334 1899 2389 circumcisio
1929 2334 2183 2402 prodest,

588 2450 690 2491 nec
715 2434 1038 2504 pra'putiutn
1072 2440 1234 2485 nocet
1274 2430 1611 2498 temporibus
1648 2426 1995 2483 CltriStianis.

662 2526 768 2580 Sed
790 2524 943 2595 fides,
972 2538 1089 2592 quae
1131 2538 1220 2593 per
1265 2519 1568 2575 charitatent
1615 2528 1881 2590 aperatur.
1944 2519 2086 2589 Ergo
2134 2527 2188 2573 et

587 2616 722 2672 ﬁdes
749 2627 1009 2687 operatur
1042 2629 1138 2684 per
1168 2612 1484 2667 charitatem
1513 2653 1529 2677 ,
1574 2626 1681 2666 non
1740 2626 1837 2681 per
1885 2610 2137 2666 timorem
2169 2626 2185 2673 ;

585 2710 675 2781 qui
709 2709 852 2763 enim
884 2706 1058 2763 credit
1106 2705 1238 2772 Deo,
1270 2702 1498 2759 attendit
1544 2702 1814 2759 mandatis
1869 2720 1880 2756 :
1918 2717 2041 2756 nam
2098 2702 2187 2771 qni

586 2798 759 2855 credit
788 2798 1002 2865 futuris,
1037 2796 1270 2866 amplius
1300 2804 1578 2866 operatur,
1608 2810 1769 2866 quam
1816 2794 1908 2866 qui
1949 2808 2188 2865 pratsen-

589 2901 696 2947 tem
726 2890 919 2944 metuit
943 2902 1184 2959 pinnam.

658 2978 956 3034 Currebatis
1008 2978 1151 3033 bene.
1215 2977 1367 3035 Fidei
1419 2978 1739 3050 gressibus,
1787 2986 1843 3035 et
1890 2978 2188 3035 moralibus

586 3073 912 3142 disciplinis.

2282 492 2346 528 ne
2365 475 2650 530 libertatem
2680 478 2732 531 in
2779 478 3098 533 occasionem
3126 478 3257 533 detis
3284 478 3477 533 carnis.
3533 480 3769 535 Tantum
3822 499 3883 538 ne

2281 585 2383 638 per
2429 571 2771 627 Occasionem
2832 572 3264 627 circumcisionis
3303 572 3373 627 ad
3416 572 3556 643 legis
3603 575 3877 630 servitium

2283 660 2544 715 redeatis.

2355 751 2463 807 Sed
2511 768 2601 820 per
2640 753 2943 807 charitatem
2996 756 3209 821 spiritus
3251 756 3434 811 servile
3480 758 3722 815 invicem.
3768 759 3878 815 Non

2283 847 2591 916 superbiam
2611 862 2705 917 per
2735 849 2971 917 speciem
3003 848 3272 903 libertatis
3305 848 3557 915 insinuo,
3592 851 3687 906 sed
3732 866 3881 923 spon-

2286 953 2503 997 taneum
2557 957 2677 998 esse
2705 943 2828 998 volo
2866 943 3199 1011 servitium,
3246 959 3353 999 non
3407 955 3687 999 coactum.

2358 1035 2539 1091 Omnis
2586 1036 2720 1089 enim
2760 1037 2842 1091 lea:
2882 1037 2937 1091 in
2982 1054 3084 1091 uno
3124 1053 3355 1092 sermone
3406 1038 3673 1110 impletur.
3733 1040 3885 1110 Legis

2283 1128 2448 1181 etiam
2473 1126 2585 1197 ipsa
2616 1128 2843 1182 moralia
2872 1167 2886 1193 ,
2919 1145 3277 1199 quaecumque
3305 1139 3463 1197 sunt,
3505 1148 3617 1186 uno
3668 1146 3887 1202 possmtt

2282 1234 2535 1275 sermone
2557 1220 2831 1285 concludi,
2856 1230 2913 1277 et
2942 1222 2993 1275 in
3026 1237 3135 1276 uno
3168 1225 3270 1277 hoc
3296 1235 3571 1295 praecepto
3598 1229 3885 1296 compleri.

2355 1311 2553 1383 Diliges
2581 1315 2874 1385 proximum
2902 1323 3073 1368 tuum.
3112 1314 3355 1376 Dilectio,
3388 1317 3473 1369 vel
3506 1318 3748 1372 Charitas
3772 1363 3786 1388 ,
3839 1321 3885 1373 iu

2283 1414 2515 1475 quatuor
2545 1406 2717 1461 modis
2745 1408 3001 1462 consistit
3027 1426 3038 1461 :
3071 1407 3174 1462 hoc
3215 1416 3329 1473 est,
3356 1409 3406 1462 in
3433 1410 3525 1464 Dei
3554 1412 3890 1477 dilectione.

2284 1512 2405 1568 qua:
2434 1498 2602 1567 prima
2638 1506 2722 1552 cst
2756 1517 2768 1551 :
2803 1499 3043 1554 secunda
3069 1539 3083 1566 ,
3113 1500 3157 1553 si
3190 1502 3553 1570 nosmetipsos
3584 1505 3890 1559 secundum

2285 1592 2455 1647 Deum
2502 1608 2750 1648 amemus
2782 1609 2797 1657 ;
2856 1594 3015 1647 tertia
3046 1635 3061 1658 ,
3112 1595 3392 1663 proximos
3422 1613 3435 1649 :
3466 1604 3653 1663 quarta
3676 1637 3693 1662 ,
3724 1600 3893 1651 etiam

2288 1682 2557 1739 inimicos.
2594 1684 2762 1738 Deum
2794 1699 2923 1755 ergo
2970 1685 3258 1755 plusquam
3311 1701 3411 1740 nos
3453 1687 3679 1757 diligere
3723 1688 3893 1743 debe-

3596 1786 3659 1833 ιιι
3705 1780 3891 1849 proxi-

2290 1884 2460 1924 mum.
2490 1868 2777 1923 Proximus
2807 1868 3141 1938 diligebatur
3195 1870 3246 1924 in
3295 1871 3417 1941 lege
3449 1888 3461 1924 :
3494 1879 3550 1926 et
3579 1872 3684 1928 nisi
3726 1871 3889 1926 Deum

2289 1963 2468 2030 primo
2498 1959 2852 2016 dllBXCl’ilﬂUS
2874 2004 2888 2029 ,
2925 1975 3024 2014 nos
3057 1962 3278 2016 minime
3307 1976 3601 2029 possumus
3632 1980 3742 2017 non
3774 1981 3891 2033 pec-

2288 2052 2465 2108 cando
2494 2052 2724 2123 diligere
2757 2070 2770 2106 :
2799 2061 2855 2107 et
2884 2066 2984 2106 nos
3007 2052 3296 2123 diligamus
3332 2052 3401 2107 ad
3445 2069 3608 2124 quam
3664 2054 3886 2109 formam

2289 2146 2569 2215 proximos
2592 2142 2865 2213 diligimus
2894 2160 2907 2197 :
2931 2144 3076 2214 quod
3106 2143 3149 2197 si
3183 2143 3461 2213 proximos
3484 2159 3597 2199 non
3624 2159 3886 2209 amamus,

2293 2236 2513 2307 quando
2546 2234 2821 2290 inimicum
2850 2251 3032 2290 amare
3059 2234 3403 2305 poterimus?
3442 2235 3500 2292 Si
3553 2251 3687 2307 ergo
3740 2237 3891 2290 volu-

2292 2346 2412 2386 mus
2457 2331 2806 2386 dilectionem
2867 2329 3064 2385 babcre
3094 2370 3112 2395 ,
3168 2330 3341 2399 primo
3396 2330 3565 2385 Deum
3611 2330 3889 2400 plusquam

2292 2430 2506 2476 nostras
2536 2420 2745 2475 animas
2785 2420 3072 2490 diligamus
3102 2420 3283 2491 :quod
3336 2421 3464 2475 inde
3513 2422 3801 2491 probatur,
3847 2422 3890 2477 si

2291 2528 2513 2587 propter
2534 2515 2705 2570 Deum
2739 2517 2903 2570 etiam
2930 2515 3159 2569 salutem
3197 2525 3439 2569 nostram
3469 2558 3483 2583 ,
3519 2528 3571 2569 et
3604 2516 3750 2585 ipsas
3779 2517 3891 2570 ani-

2291 2624 2407 2664 mas
2436 2617 2874 2663 contemnamus.

2361 2700 2509 2757 Sicut
2540 2703 2782 2773 teipsum.
2806 2700 2909 2768 Qui
2943 2714 3127 2755 secum
3160 2700 3467 2769 proximum
3496 2698 3714 2770 diligit,
3748 2710 3887 2755 utra-

2290 2809 2394 2864 que
2446 2796 2684 2863 complet
2742 2809 2942 2863 genera
2994 2792 3373 2848 mandatorum
3423 2792 3532 2848 :id
3597 2804 3714 2860 est,
3792 2808 3889 2848 nec

2289 2888 2493 2942 malum
2528 2888 2653 2942 facit
2681 2886 2797 2953 ulli,
2830 2887 2924 2942 sed
2955 2887 3154 2941 bunum
3191 2884 3336 2939 facit.

2364 2978 2519 3047 Quod
2550 2980 2594 3034 si
2638 2980 2852 3034 invicem
2886 2979 3135 3033 mordetis
3157 3018 3172 3045 ,
3203 2988 3252 3033 et
3293 2977 3591 3032 comedetis.
3622 2975 3727 3030 Per
3753 2990 3885 3029 con-

2292 3074 2566 3128 tentiones
2608 3074 2807 3143 singuli
2842 3088 2938 3128 vos
2994 3073 3253 3128 meliores
3299 3072 3523 3127 alterius
3566 3070 3885 3141 judicando.

662 3164 788 3230 Quis
817 3181 903 3220 vos
929 3164 1189 3236 impedivit
1219 3164 1422 3218 veritati
1465 3179 1565 3217 non
1614 3161 1863 3217 obedire?
1909 3160 2040 3229 Quis
2092 3162 2183 3218 ille
2211 3148 2257 3215 Ο
2369 3165 2551 3222 Videte
2602 3184 2666 3223 ne
2711 3168 2774 3221 ab
2820 3168 3033 3222 invicem
3098 3168 3497 3221 consumamini.
3545 3166 3685 3222 Dum
3753 3166 3885 3223 διιεῖ

586 3258 688 3314 fuit
708 3258 797 3329 qni
824 3274 920 3313 vos
954 3259 1087 3329 legis
1115 3257 1373 3327 operibus
1401 3255 1720 3326 implicavit,
1753 3264 1810 3311 ιιι
1846 3270 2065 3311 cursum
2095 3271 2185 3313 ve-

583 3359 712 3407 strae
750 3350 875 3406 ﬁdei
908 3349 1236 3421 impediret?

658 3443 871 3497 Nemini
900 3441 1280 3498 consenseritis.
1322 3439 1604 3494 Persuasio
1636 3438 1745 3493 haec
1776 3454 1877 3493 non
1911 3446 1985 3492 est
2030 3453 2093 3492 ea:
2123 3454 2184 3492 eo

581 3540 671 3610 qui
694 3547 836 3591 vocat
866 3554 972 3591 vos.
1023 3536 1135 3593 Nec
1191 3536 1328 3601 illis,
1367 3551 1467 3592 nec
1490 3534 1655 3599 mihi,
1686 3534 1804 3589 sine
1849 3534 2030 3588 verbis
2084 3535 2180 3591 Dei

586 3630 899 3684 consentire
919 3628 1131 3685 debetis
1166 3646 1177 3683 :
1207 3628 1296 3697 qui
1326 3642 1422 3683 vos
1450 3630 1645 3683 iterum
1686 3626 1753 3682 ad
1802 3626 2180 3696 paenitentiam

585 3728 770 3774 vocat.

657 3810 923 3864 Modicum
951 3815 1255 3882 fermentum
1287 3821 1446 3867 totam
1486 3827 1709 3865 massam
1747 3814 2050 3885 corrumpit.
2104 3811 2182 3869 Ne

588 3905 711 3976 quis
758 3903 961 3957 diceret
986 3920 999 3957 :
1054 3903 1162 3958 Cur
1191 3917 1379 3957 omnes
1408 3904 1635 3971 corripis
1659 3944 1673 3968 ,
1698 3903 1822 3958 dum
1853 3921 1957 3958 non
1990 3919 2180 3959 omnes

584 4008 905 4057 erraverunt
928 3999 951 4054 ?
971 3998 1219 4054 Ostendit
1246 3997 1388 4068 quod
1415 3998 1683 4053 modicum
1710 3998 1926 4052 malitia:
1949 3999 2181 4053 fermen-

584 4102 720 4156 tum,
751 4100 917 4146 totam
949 4090 1123 4161 possit
1148 4089 1447 4145 Ecclesium
1481 4099 1534 4144 et
1560 4104 1797 4144 massam
1836 4104 1987 4143 suam
2019 4104 2048 4144 a
2082 4104 2176 4144 vc-

582 4188 746 4242 ritate
770 4199 1142 4254 corrumpere.

654 4280 767 4350 Ego
794 4278 999 4348 confido
1030 4278 1082 4329 in
1111 4269 1274 4341 vobis,
1299 4275 1351 4329 in
1382 4274 1605 4330 Domino
1632 4315 1647 4340 ,
1682 4272 1820 4343 quod
1848 4272 1982 4327 nihil
2027 4272 2177 4327 aliud

578 4371 809 4441 capietis.
840 4369 1013 4437 Quam
1046 4367 1209 4422 habet
1238 4367 1434 4421 veritas
1464 4365 1687 4421 Christi.

654 4463 757 4528 Qui
787 4472 957 4516 autem
986 4459 1256 4514 conturbat
1281 4476 1368 4513 vos
1388 4502 1402 4525 ,
1450 4458 1672 4527 portabit
1712 4458 1973 4531 judicium
1992 4499 2008 4525 ,
2060 4461 2174 4527 qui-

579 4574 794 4628 cumque
815 4566 888 4612 est
918 4555 1030 4611 ille.
1065 4555 1147 4610 Ab
1179 4554 1453 4624 Evangelii
1477 4555 1721 4609 veritate.

642 4653 760 4726 Ego
800 4662 973 4706 autem
996 4691 1013 4718 ,
1062 4653 1249 4723 fratres
1276 4690 1290 4715 ,
1315 4650 1361 4704 si
1380 4649 1816 4703 circumcisionem
1846 4648 2017 4704 adhuc
2038 4666 2172 4720 pra:-

569 4748 709 4815 dico,
732 4744 856 4816 quid
895 4744 1067 4797 adhuc
1091 4742 1497 4813 persecutionem
1528 4742 1696 4810 patior
1718 4741 1741 4799 2
1766 4740 1919 4809 Quod
1968 4740 2035 4795 de
2083 4757 2169 4796 me

570 4840 725 4895 vobis
753 4838 963 4893 mentiti
991 4845 1118 4892 sunt
1140 4834 1567 4905 deceptores,ita
1593 4850 1678 4889 me
1706 4836 1825 4890 aliis
1849 4835 2164 4905 praedicare.

570 4930 707 4998 Quid
742 4930 1177 4999 persecutionem
1204 4930 1396 4995 patior,
1446 4927 1491 4982 si
1529 4928 1695 4997 ipsius
1730 4926 2165 4985 circumcisionis

571 5036 679 5075 non
712 5021 961 5075 inimicus
987 5036 1104 5074 sunt
1127 5059 1140 5084 ,
1173 5030 1230 5073 ut
1258 5019 1599 5074 affirmatur?

638 5109 785 5178 Ergo
812 5118 1111 5164 evacuatum
1138 5121 1211 5164 est
1234 5110 1539 5163 scandalum
1574 5110 1738 5165 crucis
1759 5111 1784 5163 ?
1840 5109 1964 5164 Ideo
2000 5123 2157 5164 scan-

565 5203 748 5257 dalum
780 5202 1058 5270 patiuntur
1092 5219 1104 5253 :
1134 5202 1257 5270 quia
1287 5202 1337 5256 in
1370 5201 1484 5256 sola
1519 5199 1621 5255 lide
1646 5201 1823 5255 crucis
1872 5202 1994 5256 dico
2035 5216 2158 5258 esse

564 5297 815 5349 salutem.

633 5390 842 5446 Utinam
872 5385 1242 5441 abscindantur
1265 5388 1351 5457 qui
1378 5404 1465 5441 vos
1493 5389 1816 5443 conturbant.
1866 5389 1923 5445 Si
1967 5397 2154 5458 putant

560 5486 660 5538 sibi
687 5486 787 5539 hoc
818 5480 1079 5551 prodesse
1104 5523 1119 5544 ,
1169 5497 1275 5535 non
1314 5483 1486 5537 solttnt
1537 5484 2011 5548 circumciduntur,
2055 5483 2149 5541 sed

559 5580 718 5631 etiam
759 5575 1192 5629 abscindantur:
1240 5575 1285 5629 si
1352 5576 1497 5630 enim
1548 5580 1870 5646 exspoliatio
1920 5579 2147 5633 membri

556 5666 786 5731 proﬁcit,
822 5666 992 5719 multo
1016 5667 1185 5736 magis
1213 5664 1456 5720 abolitio.
1487 5666 1717 5735 Quidam
1743 5669 1931 5724 dicunt
1974 5686 1987 5724 :
2034 5669 2147 5727 Uti-

554 5765 680 5806 nam
722 5767 907 5810 errore
960 5753 1156 5827 abscisi
1182 5795 1200 5824 ,
1226 5756 1472 5812 veritatis
1496 5758 1769 5818 radicibus
1806 5761 2139 5819 inserantur.

2285 3262 2444 3316 alteri
2471 3262 2685 3316 occasio
2713 3262 3035 3331 perditionis
3082 3268 3282 3317 exstat.

2357 3353 2488 3408 Dico
2543 3365 2711 3408 autem
2750 3355 2805 3407 in
2846 3351 3050 3407 Christo
3083 3353 3330 3424 :Spiritu
3378 3351 3656 3407 ambulate.
3714 3352 3887 3423 Spiri-

2284 3445 2524 3501 tualibus
2551 3446 2761 3501 actibus
2785 3486 2800 3511 ,
2828 3460 2965 3516 quos
2995 3443 3131 3500 intra
3163 3446 3448 3501 describit.

2355 3537 2424 3592 Et
2463 3539 2725 3594 desideria
2763 3542 2935 3593 carnis
2986 3556 3087 3594 non
3127 3539 3425 3609 perﬁcietis.
3460 3537 3575 3592 Non
3615 3552 3723 3607 quo
3759 3554 3884 3592 caro

2282 3631 2403 3686 sine
2451 3631 2627 3685 anima
2668 3633 3061 3702 concupiscat;
3123 3631 3218 3686 sed
3272 3630 3486 3701 quando
3534 3631 3652 3699 ipsa
3702 3632 3882 3685 anima

2284 3722 2523 3777 carnalia
2560 3722 2792 3792 cogitat,
2822 3738 2953 3778 caro
2998 3722 3244 3778 dicitur:
3280 3723 3499 3791 quando
3550 3737 3678 3777 vero
3722 3724 3883 3786 snit-i-

2284 3816 2448 3869 tnalia
2476 3858 2490 3883 ,
2549 3832 2689 3870 unus
2739 3833 2861 3871 cum
2916 3817 3027 3870 Deo
3082 3816 3137 3870 ﬁt
3181 3815 3427 3884 Spiritus.
3457 3816 3726 3883 Quamdiu
3755 3831 3881 3885 ergo

2282 3909 2480 3977 duplex
2530 3908 2582 3963 in
2626 3908 2779 3964 nobis
2807 3918 2890 3964 est
2940 3908 3271 3962 desitletium
3300 3952 3314 3977 ,
3342 3909 3427 3962 vel
3461 3907 3741 3975 voluntas,
3779 3926 3879 3960 nnu

2282 4000 2596 4069 perﬁcimus
2625 4016 2979 4072 quaecumque
3005 4001 3286 4066 volumus,
3330 4015 3439 4054 uno
3484 3999 3792 4055 aediﬁcante
3827 4000 3879 4054 in

2281 4092 2441 4149 nobis
2464 4136 2479 4161 ,
2519 4103 2575 4148 et
2599 4094 2709 4149 alio
2737 4094 3072 4150 destruente.

2351 4184 2486 4240 Caro
2516 4188 2651 4242 enim
2688 4190 3003 4259 concupiscit
3041 4188 3289 4243 adversus
3340 4188 3622 4257 spiritum,
3666 4188 3883 4253 spiritus

2278 4287 2450 4332 autem
2481 4280 2725 4334 adversus
2753 4297 2981 4335 carnem.
3018 4280 3263 4335 Carnalis
3297 4281 3637 4336 consuetudo
3687 4280 3885 4335 adver-

2278 4383 2371 4423 sus
2402 4370 2691 4439 spirituale
2721 4370 3075 4425 desiderium.

2350 4460 2482 4517 Haec
2500 4463 2635 4517 enim
2658 4463 2755 4516 sibi
2779 4463 2991 4517 invicem
3016 4464 3374 4528 adversantur,
3409 4474 3465 4518 ut
3490 4482 3590 4520 non
3620 4482 3887 4536 qmecum.

2200 4530 2254 4590 υ
2282 4570 2379 4623 que
2401 4555 2568 4618 (ullis,
2601 4552 2694 4608 illa
2717 4556 2944 4625 faciatis.
2976 4556 3089 4611 lloc
3119 4555 3243 4610 facit
3272 4557 3431 4626 ratio,
3463 4568 3521 4612 ut
3552 4530 3663 4613 non
3690 4558 3884 4613 volun-

2283 4654 2443 4699 tatem
2474 4658 2732 4718 sequalur
2762 4648 3007 4703 cll'cctus.

2355 4740 2507 4807 Quod
2550 4743 2592 4794 si
2648 4742 2835 4812 spiritu
2888 4741 3137 4794 ducintini
3165 4784 3178 4807 ,
3224 4757 3325 4793 non
3361 4743 3481 4795 estis
3525 4742 3618 4796 sub
3650 4742 3785 4814 lege.
3822 4744 3885 4799 Si

2281 4850 2378 4889 vos
2409 4834 2782 4904 spiritualibus
2814 4850 2910 4906 per
2938 4835 3121 4889 omnia
3153 4836 3361 4890 actibus
3386 4837 3694 4904 occupetis,
3765 4854 3883 4892 non

2275 4938 2358 4982 est
2379 4928 2534 4981 vobis
2567 4928 2651 4983 lex
2683 4928 2988 4983 necessaria
3016 4969 3030 4993 ,
3076 4943 3196 4997 qua:
3244 4927 3546 4983 carnalibus
3586 4928 3714 4983 data
3765 4942 3878 4985 est.

2344 5016 2626 5089 Manifesta
2647 5030 2765 5074 sunt
2800 5030 2977 5074 autent
3023 5034 3181 5090 Opera
3226 5020 3417 5074 carnis.
3459 5018 3576 5075 Non
3606 5032 3692 5076 est
3723 5021 3882 5077 difﬁ-

2267 5110 2373 5167 cile
2403 5110 2715 5167 discernere
2746 5112 2888 5167 inter
2913 5123 3136 5182 utraque
3167 5129 3356 5181 opera.

2340 5204 2468 5270 Qucc
2517 5215 2637 5259 sunt
2694 5207 3007 5276 fornicatio,
3059 5207 3393 5261 immunditia
3424 5248 3439 5273 ,
3494 5207 3829 5279 impudicitia
3861 5252 3875 5273 ,

2262 5300 2491 5359 luxuria,
2518 5299 2777 5353 idalorum
2807 5303 3045 5364 seri-ilus,
3077 5302 3339 5369 veneﬁcia,
3366 5302 3652 5356 inimicitia
3677 5345 3692 5371 ,
3753 5320 3877 5357 cono

2261 5394 2533 5456 tentiones,
2565 5393 2936 5459 mmulationes,
2968 5394 3081 5459 irin,
3115 5393 3161 5446 ri
3173 5408 3261 5457 tm,
3302 5393 3871 5461 dissensiones,sertw,

2260 5486 2496 5554 invidiae,
2522 5486 2832 5553 homicidia,
2864 5486 3134 5540 ebrietates
3162 5525 3179 5552 ,
3223 5487 3627 5540 comessationes
3649 5529 3665 5553 ,
3709 5496 3759 5543 et
3795 5488 3877 5542 his

2256 5584 2465 5637 similia.
2526 5581 2846 5636 [nimicitias
2893 5592 2946 5637 et
3001 5589 3195 5636 cetera
3251 5582 3571 5649 sequentia,
3628 5582 3876 5636 carnalia

2255 5674 2406 5739 dicit,
2439 5676 2775 5741 quteanimze
2825 5686 2988 5742 sunt,
3047 5690 3153 5729 non
3193 5675 3379 5730 carnis
3415 5694 3426 5728 :
3460 5690 3528 5729 ne
3583 5674 3873 5731 Manichmi

2254 5782 2377 5826 eum
2423 5767 2782 5826 substantiam
2829 5770 3013 5827 carnis
3070 5781 3331 5825 accusare
3397 5758 3698 5839 putarent;
3774 5769 3876 5829 sed
