4004 6300
157 261 274 322 82!

846 263 1395 323 COMMENTARIUS
1435 261 1499 320 ΙΝ
1544 257 1930 326 EPISTOLAM
1972 269 2064 324 AD
2103 268 2448 328 GALATAS.
2487 272 2646 328 CAP.
2687 274 2778 330 Vl.

3366 277 3474 333 89.2

149 389 327 432 omne
370 375 572 432 malum
601 418 616 443 ,
675 376 893 433 carnale
943 377 1212 435 deﬁniunt
1257 398 1270 435 :
1309 395 1472 434 omne
1517 379 1718 435 bonum
1745 423 1761 452 ,
1792 383 1841 444 Α
1871 391 2112 440 mortuos
2140 387 2415 456 sepeliunt
2455 388 2562 443 vivi
2597 406 2608 440 :
2642 390 2765 460 quia
2811 398 2865 448 et
2913 392 3016 465 ipsi
3067 395 3367 466 inﬁrmari,
3420 404 3476 452 et

149 469 478 539 spirituale,
510 469 631 538 quia
651 471 902 528 caeleste.

237 561 367 628 Quw
396 563 620 633 praedico
651 563 818 633 vobis,
865 565 996 618 sicut
1053 566 1296 638 prtrdixi.
1344 568 1420 624 Ex
1461 567 1547 624 his
1575 579 1770 625 etctera

145 655 422 722 colligere
449 665 712 725 poteram,
741 673 861 727 qure
885 659 1190 728 compendii
1213 661 1389 730 gratia
1421 664 1766 729 prtctertnisi.

233 747 495 813 Quoniam
536 748 625 818 qui
672 747 799 802 talia
841 758 1043 819 agunt,
1093 767 1310 822 regnum
1342 749 1438 806 Dei
1458 769 1559 806 non
1587 770 1770 808 consc-

145 852 398 909 quentur.
432 840 738 897 Notandum
771 853 933 915 atque
965 843 1352 915 plangendum,
1373 848 1514 914 quod
1548 856 1771 904 conten-

147 934 334 989 tiosos
350 944 512 1005 atque
544 935 892 1002 dissidentes,
912 938 993 991 vel
1018 936 1308 993 iracundos
1332 982 1348 1006 ,
1389 955 1512 993 cum
1546 939 1772 994 idolola-

147 1026 284 1093 tris,
302 1038 353 1082 et
371 1028 646 1095 veneficis,
669 1039 723 1084 et
739 1029 1040 1097 ltonticidis,
1059 1031 1274 1102 penitus
1288 1032 1513 1086 exclusit
1532 1047 1558 1086 τι
1582 1047 1768 1101 regno.

229 1115 465 1173 Fructus
496 1131 666 1176 autem
696 1121 930 1190 spiritus,
957 1133 1030 1176 est
1073 1123 1318 1177 charitas.
1363 1123 1614 1178 Omnium
1661 1123 1770 1175 vir-

150 1221 343 1267 tutum
381 1212 551 1282 prima
580 1223 662 1268 est
688 1211 925 1268 eharitas
959 1255 974 1281 ,
1012 1229 1176 1285 quam
1225 1213 1280 1269 in
1329 1225 1561 1287 quatuor
1589 1223 1770 1286 partes

147 1301 497 1358 divislbilem
539 1305 942 1360 annotavimns.

223 1391 519 1448 Gaudium.
553 1392 871 1464 Spiriluale.

213 1485 366 1554 Pax,
393 1487 663 1560 patientia.
695 1486 868 1541 Etiam
891 1501 1013 1542 cum
1041 1486 1357 1545 odientibus
1383 1503 1592 1558 pacem.

218 1572 560 1649 Benignitas,
598 1575 819 1633 bonitas.
852 1577 1081 1651 Semper
1111 1579 1250 1634 bene
1277 1579 1416 1635 velle
1436 1575 1644 1638 facere.

212 1662 638 1742 Longanimitas.
679 1669 862 1726 illatas
889 1670 1116 1741 injurias
1155 1669 1426 1728 sustinere
1474 1671 1762 1744 patienter.

217 1761 604 1819 Mansuetudo.
638 1762 784 1819 Nulli
811 1763 1065 1834 lnjuriam
1099 1765 1364 1835 irrogare.

211 1851 409 1910 Fides.
436 1853 536 1911 Vel
567 1853 739 1911 debes
771 1855 1019 1923 credere,
1062 1855 1150 1912 vel
1194 1855 1446 1913 omnibus
1493 1859 1762 1930 promissa

135 1945 458 2018 complere.

221 2039 519 2097 Modestia.
549 2037 662 2096 Nec
687 2039 853 2095 lmsus
883 2037 1067 2096 irasci.

221 2130 584 2187 Continentia.
613 2131 669 2187 In
691 2131 957 2203 conjugiis
984 2130 1380 2202 spiritualibus.

220 2222 481 2277 Castilas.
514 2223 571 2276 in
597 2222 896 2292 virginibus
921 2222 1262 2295 intelligitur.

219 2317 494 2371 Adversus
538 2315 902 2389 hujuscemodi
933 2333 1036 2371 non
1066 2327 1140 2371 est
1180 2317 1282 2372 lex.
1330 2317 1445 2373 Non
1487 2319 1628 2374 enim
1662 2318 1763 2374 ista

139 2407 456 2479 prohibuit;
483 2407 576 2463 sed
611 2417 665 2462 et
689 2409 782 2478 qui
809 2423 1008 2465 novum
1047 2409 1256 2478 implet,
1290 2423 1398 2464 non
1423 2416 1508 2465 est
1533 2410 1635 2466 sub
1664 2425 1760 2466 ve-

141 2502 245 2557 leri
281 2500 660 2555 Testatltettto.

223 2595 335 2662 Qui
366 2602 537 2647 autem
567 2603 684 2646 sunt
727 2593 943 2659 Christi,
979 2611 1186 2649 carnem
1216 2612 1362 2649 suam
1394 2598 1762 2666 cruci/ixerunt

138 2703 264 2742 cum
311 2686 455 2740 vitiis
504 2696 552 2740 et
603 2686 1051 2755 concupiscentiis.
1103 2686 1158 2742 Si
1212 2688 1392 2742 omnia
1437 2689 1599 2743 simul
1632 2685 1760 2746 vitia

139 2779 419 2835 crueiﬁxa
448 2785 597 2844 sunt,
626 2786 682 2833 et
703 2793 830 2834 caro
856 2781 1008 2848 quasi
1058 2780 1300 2850 pendens
1345 2783 1395 2835 in
1447 2782 1614 2853 ligno,
1649 2798 1755 2838 non

143 2873 504 2942 concupiscit
531 2890 541 2924 :
575 2879 636 2926 ut
666 2871 791 2942 quid
820 2873 974 2928 nobis
1000 2874 1108 2934 lex,
1137 2889 1255 2944 qua:
1283 2873 1406 2928 data
1431 2887 1510 2928 est
1544 2875 1607 2929 ad
1634 2877 1760 2931 vitia

146 2962 504 3020 coercenda?
546 2963 719 3020 Simul
753 2961 885 3019 illud
916 2965 1237 3033 notandum,
1268 2965 1412 3036 quod
1436 2981 1526 3020 eos
1557 2963 1762 3022 dixerit

145 3058 358 3113 Christi
386 3072 531 3124 esse,
549 3057 641 3127 qui
664 3071 882 3112 carnem
899 3073 1020 3112 cum
1046 3057 1192 3112 vitiis
1214 3057 1623 3113 cruciﬁxerunl.
1646 3058 1760 3114 lloc

1874 474 2010 528 mori
2038 489 2098 530 se
2129 489 2289 544 posse
2313 478 2565 533 credunt.

1943 565 2085 620 Alter
2114 568 2330 623 alterius
2371 585 2530 624 onera
2570 579 2793 643 portate,
2825 579 2872 626 et
2909 573 2985 626 sic
3014 573 3366 646 ndimplebitis
3397 579 3472 632 le-

1873 673 1988 727 gem
2021 649 2233 711 Christi.
2267 657 2380 714 Lex
2415 659 2641 727 Christi,
2669 661 2904 716 charitas
2934 672 3019 718 est
3044 679 3056 714 :
3085 666 3225 719 sicut
3255 667 3368 734 ipse
3396 669 3478 723 di-

1873 746 1950 802 cit
1984 768 1996 801 ;
2027 747 2336 804 Mandatum
2375 766 2572 806 novum
2603 753 2672 807 do
2698 753 2875 817 vobis,
2911 765 2966 808 ut
3009 769 3106 808 vos
3138 756 3370 811 invicem
3395 759 3479 814 di-

1874 841 2052 911 ligatis
2081 859 2094 895 :
2127 843 2268 898 sicut
2296 853 2346 900 et
2381 859 2481 914 ego
2505 844 2669 902 dilexi
2694 862 2812 902 vos.
2844 846 3150 903 Notandum
3183 851 3327 919 quod
3359 867 3480 923 gra-

1875 931 1945 984 tia
1974 933 2057 985 lex
2090 931 2318 987 dicatur.

1945 1020 2086 1075 Nam
2109 1023 2156 1076 si
2181 1025 2295 1092 quis
2321 1025 2581 1078 existimat
2607 1043 2661 1079 se
2685 1025 2883 1097 aliquid
2913 1043 3041 1096 esse,
3073 1044 3189 1082 cum
3213 1030 3344 1083 nihil
3388 1032 3477 1099 sit,

1871 1112 2054 1184 ipsese
2089 1117 2308 1169 seducit.
2346 1118 2447 1183 Qui
2471 1133 2530 1173 se
2563 1129 2716 1188 putat
2757 1135 2864 1173 nou
2893 1134 3055 1188 posse
3088 1124 3286 1177 tentari
3317 1140 3331 1178 :
3365 1124 3482 1180 sive

1872 1206 1963 1274 qui
2017 1207 2137 1275 plus
2191 1209 2258 1262 de
2311 1225 2372 1264 se
2431 1210 2708 1279 laudanti,
2762 1226 2925 1282 quam
2968 1228 3080 1268 suae
3131 1215 3480 1271 c0nscientite

1871 1297 2068 1352 credit.

1945 1383 2090 1459 Opus
2129 1399 2301 1446 autem
2342 1408 2492 1447 suum
2520 1393 2696 1465 probet
2727 1398 3097 1471 unusquisque.
3129 1399 3473 1458 Testimonio

1869 1480 2244 1539 conscientite.

1939 1571 2010 1628 Et
2039 1574 2112 1629 sic
2141 1575 2194 1630 in
2221 1578 2494 1648 semetipso
2531 1586 2734 1633 tantum
2774 1579 2994 1652 gloriam
3025 1582 3245 1651 habebit,
3282 1594 3332 1640 et
3370 1602 3473 1640 non

1868 1663 1921 1720 in
1950 1665 2138 1720 altera.
2187 1664 2244 1721 in
2295 1681 2390 1723 sua
2431 1669 2762 1726 conscientia
2793 1711 2809 1737 ,
2870 1682 2925 1728 et
2977 1687 3083 1729 non
3133 1675 3189 1730 in
3240 1677 3464 1732 alterius

1789 1761 1836 1824 Β
1863 1755 2168 1814 adulatione
2203 1775 2215 1813 :
2247 1758 2360 1815 sive
2383 1757 2436 1815 in
2485 1775 2582 1816 sua
2612 1761 2852 1833 iustitia,
2884 1780 2990 1821 non
3023 1766 3199 1825 alieno
3222 1779 3466 1840 peccato.

1869 1847 2039 1905 Nemo
2061 1850 2206 1905 enim
2239 1851 2454 1921 proﬁcit
2481 1853 2547 1910 ad
2569 1855 2798 1911 alterius
2819 1856 3209 1917 detrimentum
3239 1879 3253 1926 ;
3286 1877 3388 1920 nec
3410 1880 3476 1920 ex

1869 1939 2018 1997 illius
2047 1941 2250 1998 delicto
2273 1943 2477 2014 iustior
2507 1961 2668 2016 quam
2693 1947 2883 2017 fuerit,
2914 1953 3222 2021 apparebit.

1944 2030 2303 2106 Unusquisque
2339 2037 2476 2090 enim
2503 2052 2631 2092 onus
2681 2055 2830 2094 suum
2879 2043 3124 2109 portabit.
3173 2043 3289 2100 Non
3322 2047 3466 2106 enim

1870 2140 2007 2179 onus
2037 2125 2159 2195 ejus
2189 2124 2370 2182 aufert
2398 2125 2514 2184 laus
2537 2131 2820 2190 sectantis.

1933 2217 2288 2273 Communicet
2330 2227 2506 2274 autem
2530 2223 2595 2285 is,
2625 2224 2717 2293 qui
2742 2225 3091 2280 catechisatur
3117 2226 3286 2296 verbo,
3319 2229 3366 2283 ei
3391 2222 3478 2301 qui

1863 2325 1919 2362 se
1940 2310 2220 2363 catechizat
2251 2313 2303 2364 in
2341 2313 2574 2368 omnibus
2596 2315 2761 2371 bonis.
2801 2315 2934 2372 Sive
2961 2317 3323 2374 obedientiam
3350 2336 3478 2376 ver-

1865 2397 1959 2467 bo,
1991 2408 2045 2457 et
2069 2403 2281 2458 actibus
2318 2406 2701 2471 imitationem,
2733 2409 2852 2464 sive
2883 2409 3239 2467 substantiam
3269 2413 3470 2468 victus.

1939 2491 2119 2548 Nolite
2163 2511 2360 2561 errare,
2389 2496 2532 2552 Deus
2559 2515 2661 2552 non
2706 2501 2978 2556 irridetur.
3014 2503 3187 2558 llonto
3238 2516 3412 2574 potest
3439 2523 3471 2562 a

1863 2598 2137 2657 serpente,
2158 2589 2248 2643 Dei
2283 2591 2576 2646 vindictam
2607 2606 2863 2663 negante,
2897 2596 3134 2664 irrideri,
3162 2599 3305 2654 sicut
3335 2601 3470 2656 Eva.

1863 2679 1995 2734 Nam
2043 2681 2188 2737 Deus
2211 2683 2456 2750 exhibet,
2487 2686 2629 2755 quod
2660 2688 2930 2756 promittit
2959 2705 2972 2743 :
3004 2704 3124 2743 nam
3165 2700 3221 2744 ut
3249 2708 3467 2748 onmem

1863 2775 1980 2841 eius
2008 2774 2260 2832 astutiam
2290 2776 2628 2844 excluderet,
2652 2780 2889 2850 amplius
2914 2779 3090 2850 primo
3116 2785 3466 2852 peccantibus

1863 2865 2124 2931 reddidit,
2175 2883 2337 2939 quam
2382 2871 2656 2941 promisit,
2692 2881 2746 2927 et
2796 2873 2951 2927 uxori
2984 2871 3087 2928 Lot
3133 2875 3295 2930 etiam
3326 2878 3470 2947 quod

1865 2975 1972 3015 non
2001 2960 2244 3032 dixerat,
2277 2962 2427 3018 fecit.

1937 3053 2065 3120 Qua:
2093 3055 2227 3108 enim
2255 3057 2579 3112 seminaverit
2608 3059 2780 3125 homo,
2809 3055 2917 3114 htec
2942 3067 2988 3115 et
3012 3063 3450 3133 metet;quoniam

142 3159 347 3206 contra
381 3149 529 3215 illos,
558 3151 648 3217 qui
683 3149 856 3204 solam
891 3149 1049 3204 ﬁdem
1081 3148 1336 3204 sufﬁcere
1365 3149 1721 3204 arbitrantur.
1787 3143 1834 3216 C
1864 3147 1951 3218 qui
1991 3149 2212 3203 seminat
2238 3150 2291 3203 in
2323 3168 2475 3205 carne
2500 3169 2614 3216 sua,
2646 3153 2709 3207 de
2738 3169 2894 3207 carne
2923 3163 2969 3207 et
3000 3164 3147 3208 metet
3173 3157 3465 3222 corruptio-
3533 3165 3536 3168 ·

782 3281 1010 3339 CAPUT
1043 3282 1134 3338 VI.

225 3426 289 3483 Si
311 3425 508 3496 spiritu
539 3424 778 3490 vivimus,
812 3423 998 3493 spiritu
1019 3429 1066 3476 et
1089 3420 1428 3475 ambulemus.
1456 3417 1512 3476 Si
1537 3433 1633 3490 per
1650 3420 1761 3491 Spi-

147 3521 316 3576 ritum
355 3519 528 3573 vilam
560 3517 844 3582 habemus,
879 3515 1235 3586 Spiritualiter
1267 3519 1671 3584 conversen’tur,
1705 3521 1762 3570 et

147 3629 257 3669 non
287 3611 602 3670 carnaliter
635 3611 738 3682 legi
768 3611 1091 3666 serviamus.

223 3707 354 3762 Non
387 3707 674 3778 efﬁciamur
704 3707 874 3760 inanis
913 3707 1095 3777 gloriae
1127 3705 1322 3776 cupidi.
1354 3704 1532 3759 inanis
1574 3703 1762 3776 glorias

150 3807 235 3858 est
285 3801 546 3870 cupidus,
578 3800 668 3871 qui
701 3799 926 3856 alterius
963 3799 1212 3870 quamvis
1240 3813 1424 3852 veram
1456 3797 1760 3852 doctrinam

149 3909 422 3949 evacuate
473 3903 725 3956 conatur,
756 3903 808 3946 ut
843 3892 1031 3962 plures
1077 3889 1329 3946 videatur
1365 3891 1567 3945 habere
1596 3889 1761 3946 disci-

151 3986 332 4057 pulos:
367 3985 679 4055 huiusmodi
704 3991 882 4039 tamen
903 3999 962 4039 se
985 3984 1304 4039 alterutrum
1328 3983 1394 4036 ad
1427 3981 1761 4037 iracundiam

152 4093 457 4147 provocare
491 4087 927 4132 consueverunt:
959 4076 1216 4145 quamdiu
1245 4074 1347 4130 sibi
1371 4075 1603 4130 invicem
1629 4075 1768 4129 invi-

150 4170 285 4226 dere
319 4185 426 4224 non
460 4169 736 4223 desinunt.
772 4167 948 4223 Inanis
975 4168 1133 4223 aliter
1162 4168 1337 4238 gloria
1370 4176 1473 4232 est,
1503 4168 1549 4222 si
1579 4181 1646 4222 ex
1679 4167 1763 4224 liis

153 4279 276 4332 qua:
317 4277 431 4316 non
478 4260 870 4332 przecipiuntttr
905 4261 958 4316 in
990 4263 1130 4331 lege,
1165 4275 1354 4316 omnes
1383 4276 1644 4332 cogamur
1684 4261 1764 4315 fa-

153 4370 300 4419 cere,
331 4364 600 4425 quantum
640 4369 745 4408 non
796 4353 1020 4408 facimus
1048 4372 1058 4407 :
1091 4363 1143 4408 et
1175 4369 1296 4408 cum
1337 4353 1436 4423 ipsi
1469 4368 1574 4408 non
1607 4363 1765 4423 pote-

157 4444 350 4504 rimus.
389 4445 508 4500 htnc
534 4445 804 4514 superﬂua
834 4446 1098 4501 dicamus.

1862 3256 2000 3294 nem.
2050 3239 2152 3308 Qui
2184 3258 2336 3313 spem
2374 3242 2538 3299 habet
2586 3247 2638 3299 in
2671 3246 3094 3301 circumcisione
3119 3246 3344 3312 carnali,
3377 3245 3463 3301 vel

1862 3335 1950 3404 qui
1985 3335 2110 3389 vitia
2141 3338 2393 3401 seminat,
2425 3346 2594 3393 metet
2624 3353 2863 3407 pceuam.

1941 3427 2042 3496 Qui
2066 3440 2237 3483 autem
2263 3431 2480 3482 seminat
2508 3432 2558 3483 in
2591 3430 2802 3495 spiritu,
2838 3431 2898 3483 de
2919 3428 3109 3498 spiritu
3134 3435 3283 3483 metet
3308 3430 3463 3482 vitam

1861 3528 2124 3574 aeternam.
2160 3519 2292 3587 Quia
2329 3521 2379 3572 in
2413 3519 2683 3589 spirituali
2713 3519 3149 3586 conversatione,
3185 3521 3268 3574 vel
3299 3520 3424 3573 title.

1932 3611 2139 3664 Bonum
2168 3618 2338 3663 autent
2380 3611 2628 3682 facientes
2675 3627 2777 3663 non
2821 3609 3143 3680 deﬁciamus.
3178 3610 3330 3666 Sicut
3360 3609 3462 3667 Ec-

1863 3703 2202 3759 clesiasticus
2231 3701 2353 3758 ait:
2395 3701 2511 3757 Non
2554 3703 2867 3772 impetliaris
2912 3720 3074 3758 orare
3123 3721 3356 3774 semper,
3409 3714 3464 3759 et

1866 3811 1973 3850 non
1998 3797 2240 3851 verearis
2269 3809 2438 3867 usque
2473 3793 2541 3850 ad
2589 3807 2817 3850 mortem
2841 3795 3128 3867 iustificari
3164 3813 3176 3850 :
3205 3796 3461 3868 quoniam

1866 3903 2075 3943 merces
2119 3885 2333 3942 Domini
2388 3895 2570 3943 manet
2614 3889 2666 3943 in
2720 3898 3006 3944 aeternum.
3057 3887 3463 3945 lndeﬁcientem

1865 3983 2009 4038 enim
2061 3981 2324 4050 justitiam
2352 4025 2368 4048 ,
2420 3983 2734 4038 indeliciens
2771 3983 3048 4052 prtemium
3078 3984 3459 4054 subsequitur;

1866 4075 1991 4146 quia
2028 4077 2117 4145 qui
2153 4078 2577 4144 perseveraverit
2611 4090 2780 4146 usque
2807 4077 2858 4129 in
2893 4075 3077 4142 ﬁnem,
3109 4076 3291 4130 salvus
3334 4077 3462 4130 erit.

1938 4163 2188 4240 Tempore
2233 4167 2367 4220 enim
2395 4184 2490 4222 suo
2522 4178 2762 4222 metemus
2809 4185 2912 4222 non
2959 4169 3271 4236 deﬁcientes.
3310 4163 3466 4222 Nune

1869 4267 2081 4328 tempus
2109 4257 2410 4314 seminandi
2443 4271 2549 4324 est,
2576 4277 2682 4314 non
2709 4259 2968 4316 metendi.
3442 4333 3445 4335 _

1941 4349 2082 4421 Ergo
2111 4351 2235 4403 dum
2259 4361 2459 4422 tempus
2490 4351 2758 4406 habemus.
2791 4351 3049 4408 Ultimum
3073 4349 3332 4404 sementis
3361 4336 3468 4403 ltce

1871 4453 2084 4512 tempus
2111 4450 2212 4498 est.
2237 4443 2582 4500 Festinamus
2611 4461 2740 4516 ergo
2781 4458 3003 4513 campos
3031 4456 3218 4496 omnes
3242 4456 3456 4506 serere;
3483 4497 3486 4500 .

225 4535 460 4592 Invicem
482 4545 836 4609 provocantes,
856 4539 1070 4593 invicem
1088 4538 1463 4594 invidentes.Si
1488 4537 1766 4594 irridendo
1799 4531 1847 4591 D
1874 4537 1967 4591 sed
2001 4538 2175 4608 magis
2222 4551 2349 4604 eos,
2403 4536 2494 4609 qui
2542 4545 2671 4592 sunt
2700 4537 2983 4601 uberrimi,
3006 4535 3318 4602 repleamus
3353 4552 3366 4586 :
3399 4550 3467 4590 ne

164 4629 423 4686 seductos
463 4630 536 4686 ad
569 4630 911 4686 iracundiam
957 4634 1280 4702 proVocetis,
1313 4639 1363 4689 et
1391 4633 1468 4688 illi
1499 4631 1654 4688 vobis
1685 4631 1767 4687 iu-

165 4721 406 4778 videant.

239 4811 478 4881 Fratres,
511 4823 565 4870 et
595 4814 642 4869 si
670 4821 1056 4886 prteoccupatus
1097 4816 1252 4884 fuerit
1298 4816 1449 4870 homo
1491 4816 1544 4870 in
1588 4815 1766 4886 aliqua

168 4903 356 4960 delicto
378 4922 395 4958 :
417 4921 504 4961 vos
531 4907 624 4977 qui
651 4907 952 4978 spirituales
979 4906 1120 4972 estis,
1150 4906 1511 4978 hujuscemodi
1530 4906 1768 4961 instruite

172 4996 225 5049 in
255 4999 441 5069 spiritu
485 4999 734 5055 lenitatis.
783 5001 895 5056 iloc
925 5000 1037 5056 illis
1076 5000 1225 5066 dicit,
1260 5002 1351 5071 qui
1396 5015 1503 5055 non
1558 5000 1771 5056 fuerant

179 5091 448 5156 persusi,
479 5099 538 5145 ut
569 5101 880 5162 prteventos
902 5095 1176 5163 corrigam
1209 5099 1512 5147 mansuete.
1547 5092 1691 5148 Sane
1721 5093 1776 5147 in

178 5177 264 5233 bis
292 5187 622 5250 praevenitur
645 5188 880 5243 humana
926 5185 1211 5257 fragilitas,
1242 5201 1362 5257 quia
1389 5185 1596 5242 leviora
1627 5194 1774 5253 sunt,

185 5280 240 5325 et
271 5287 334 5326 ex
380 5276 656 5346 insperato
685 5281 1028 5351 contingunt.
1079 5277 1349 5337 Caeterum
1383 5294 1488 5336 non
1519 5292 1602 5338 εει
1644 5295 1783 5353 prte-

188 5364 396 5430 ventio,
425 5368 523 5423 .ubi
550 5371 750 5443 aliquid
780 5390 903 5430 cum
935 5375 1167 5431 consilio
1207 5374 1298 5431 diu
1340 5375 1598 5431 meditato
1625 5389 1778 5431 com-

193 5451 454 5511 mittitur.

261 5543 600 5608 Considerans
644 5556 885 5626 teipsum,
915 5573 979 5614 ne
1020 5565 1068 5614 et
1095 5569 1151 5614 tu
1183 5561 1411 5617 tenteris.
1465 5560 1603 5630 Quia
1637 5567 1691 5617 et
1723 5570 1782 5617 tu

190 5633 306 5704 ipse
349 5637 508 5694 homo
553 5658 672 5699 cum
704 5649 812 5711 sis,
859 5659 1013 5719 potes
1042 5651 1096 5705 in
1129 5653 1315 5723 aliquo
1345 5653 1635 5724 praeveniri
1664 5695 1678 5720 ,
1727 5659 1785 5708 et

195 5726 464 5801 adiutorio
501 5732 766 5809 indigere,
793 5741 932 5794 s'cut
961 5743 1077 5798 sini
1124 5743 1369 5800 inﬁrmos
1397 5747 1691 5816 sustinent,
1725 5751 1781 5800 et

1873 4629 2194 4701 incipiamus
2219 4639 2466 4702 tempore
2490 4630 2709 4695 messis,
2743 4629 2865 4684 aliis
2893 4625 3320 4693 abundantibus,
3347 4641 3472 4681 esu-

1870 4723 2000 4777 rire.

1945 4815 2231 4889 Operemur
2261 4816 2450 4870 bonum
2499 4816 2567 4870 ad
2605 4831 2801 4878 onmcs,
2829 4813 3056 4868 maxime
3085 4820 3253 4867 autem
3285 4812 3354 4866 ad
3382 4813 3474 4867 do-

1869 4912 2103 4966 mesticos
2153 4909 2295 4981 ﬁdei.
2347 4905 2714 4978 [indigentibus
2761 4905 2991 4975 Judmis,
3044 4915 3099 4962 et
3131 4907 3380 4978 paganis,
3412 4913 3476 4962 et

1880 5001 2132 5058 omnibus
2177 4997 2523 5065 Christianis,
2561 4997 2721 5053 bonis
2753 4999 3016 5069 malisque
3049 4998 3474 5053 misericordiam

1879 5094 2147 5150 faciamus
2177 5110 2188 5144 :
2221 5105 2322 5146 nec
2351 5091 2513 5145 alicui
2535 5090 2677 5160 quod
2703 5091 2965 5146 Dominus
2986 5092 3353 5147 communiter
3379 5092 3477 5146 tri-

1880 5187 2019 5252 huit,
2062 5186 2394 5258 denegemus
2427 5197 2442 5240 :
2476 5185 2712 5239 maxime
2746 5193 2923 5240 tamen
2957 5185 3061 5254 bis,
3095 5186 3185 5257 qui
3237 5183 3474 5256 peculia-

1883 5294 1997 5335 rem
2031 5277 2156 5333 ﬁdei
2183 5274 2445 5333 exbibent
2472 5275 2811 5331 famulatum.
2885 5309 2890 5321 ι

1963 5371 2150 5426 Videte
2179 5369 2422 5442 qualibus
2453 5368 2635 5424 litteris
2665 5368 2849 5439 scripsi
2883 5367 3020 5422 vobis
3050 5385 3162 5422 mea
3189 5385 3368 5422 ntanu.
3397 5365 3483 5422 ln-

1887 5463 2117 5536 telligite
2162 5460 2306 5534 quod
2355 5476 2460 5516 non
2512 5459 2758 5527 timeam,
2790 5459 2881 5532 qui
2928 5461 3140 5516 litteras
3171 5469 3333 5514 manu
3361 5472 3482 5516 mea

1886 5571 2057 5625 nuper
2087 5553 2304 5624 scripsi.

1961 5647 2279 5713 Quicumque
2318 5646 2454 5700 enim
2478 5644 2656 5699 volunt
2692 5643 2898 5714 placere
2920 5644 2972 5698 in
3003 5659 3180 5710 carne,
3212 5641 3267 5698 hi
3300 5653 3490 5716 regunt

1885 5757 1972 5796 vos
2003 5739 2298 5796 circumcidi
2324 5755 2341 5796 :
2364 5745 2562 5798 tantum
2590 5743 2644 5792 ut
2671 5737 2836 5794 crucis
2857 5736 3049 5796 Christi
3079 5739 3484 5811 persecutionem
