  <div class='ocr_page' id='page_1' title='image "/cluster/home/n/w/nwhite01/storage/ocr_20150623/30/uva.x000826572/419.png"; bbox 0 0 4004 6306; ppageno 0'>
   <div class='ocr_carea' id='block_1_1' title="bbox 3259 159 3288 168">
    <p class='ocr_par' dir='ltr' id='par_1_1' title="bbox 3259 159 3288 168">
     <span class='ocr_line' id='line_1_1' title="bbox 3259 159 3288 168; baseline 0 0"><span class='ocrx_word' id='word_1_1' title='bbox 3259 159 3288 168; x_wconf 71' lang='grc'><strong><em>.-</em></strong></span> 
     </span>
    </p>
   </div>
   <div class='ocr_carea' id='block_1_2' title="bbox 496 149 3810 258">
    <p class='ocr_par' dir='ltr' id='par_1_2' title="bbox 496 149 3810 258">
     <span class='ocr_line' id='line_1_2' title="bbox 496 149 3810 258; baseline -0.006 -1"><span class='ocrx_word' id='word_1_2' title='bbox 496 201 603 258; x_wconf 71' lang='lat'><strong>8‘25</strong></span> <span class='ocrx_word' id='word_1_3' title='bbox 1415 170 1422 174; x_wconf 70' lang='grc'><strong><em>⁷</em></strong></span> <span class='ocrx_word' id='word_1_4' title='bbox 1542 189 1598 246; x_wconf 91' lang='lat' dir='ltr'><strong>s.</strong></span> <span class='ocrx_word' id='word_1_5' title='bbox 1644 184 2027 244; x_wconf 72' lang='lat' dir='ltr'><strong>arcnost</strong></span> <span class='ocrx_word' id='word_1_6' title='bbox 2068 182 2353 242; x_wconf 81' lang='lat' dir='ltr'><strong>Ol‘ERUM</strong></span> <span class='ocrx_word' id='word_1_7' title='bbox 2392 181 2757 242; x_wconf 78' lang='lat' dir='ltr'><strong>MANTISSA.</strong></span> <span class='ocrx_word' id='word_1_8' title='bbox 2855 149 2858 153; x_wconf 71' lang='grc'><em>’</em></span> <span class='ocrx_word' id='word_1_9' title='bbox 3259 159 3288 168; x_wconf 74' lang='grc'><em>“</em></span> <span class='ocrx_word' id='word_1_10' title='bbox 3724 177 3810 236; x_wconf 76' lang='lat' dir='ltr'><strong>su</strong></span> 
     </span>
    </p>
   </div>
   <div class='ocr_carea' id='block_1_3' title="bbox 499 291 3815 393">
    <p class='ocr_par' dir='ltr' id='par_1_3' title="bbox 499 291 3815 393">
     <span class='ocr_line' id='line_1_3' title="bbox 499 291 3815 393; baseline -0.007 -19"><span class='ocrx_word' id='word_1_11' title='bbox 499 335 606 375; x_wconf 89' lang='lat' dir='ltr'><strong>non</strong></span> <span class='ocrx_word' id='word_1_12' title='bbox 655 317 942 393; x_wconf 87' lang='lat' dir='ltr'><strong>patiantur.</strong></span> <span class='ocrx_word' id='word_1_13' title='bbox 997 311 1098 381; x_wconf 89' lang='lat' dir='ltr'><strong>Qui</strong></span> <span class='ocrx_word' id='word_1_14' title='bbox 1141 309 1343 367; x_wconf 66' lang='lat' dir='ltr'><strong>Iudaeis</strong></span> <span class='ocrx_word' id='word_1_15' title='bbox 1373 303 1683 362; x_wconf 81' lang='lat' dir='ltr'><strong>carnalibus</strong></span> <span class='ocrx_word' id='word_1_16' title='bbox 1714 302 1931 372; x_wconf 85' lang='lat' dir='ltr'><strong>placere</strong></span> <span class='ocrx_word' id='word_1_17' title='bbox 1957 298 2104 356; x_wconf 88' lang='lat' dir='ltr'><strong>desi-</strong></span> <span class='ocrx_word' id='word_1_18' title='bbox 2131 311 2182 368; x_wconf 77' lang='grc' dir='ltr'><strong>Λ</strong></span> <span class='ocrx_word' id='word_1_19' title='bbox 2209 298 2599 355; x_wconf 90' lang='lat' dir='ltr'><strong>Circumcidite</strong></span> <span class='ocrx_word' id='word_1_20' title='bbox 2643 311 2742 353; x_wconf 77' lang='lat' dir='ltr'><strong>vos</strong></span> <span class='ocrx_word' id='word_1_21' title='bbox 2783 297 2896 356; x_wconf 88' lang='lat' dir='ltr'><strong>Deo</strong></span> <span class='ocrx_word' id='word_1_22' title='bbox 2931 304 3150 356; x_wconf 86' lang='lat' dir='ltr'><strong>vestro:</strong></span> <span class='ocrx_word' id='word_1_23' title='bbox 3184 305 3238 356; x_wconf 91' lang='lat' dir='ltr'><strong>et</strong></span> <span class='ocrx_word' id='word_1_24' title='bbox 3263 291 3664 355; x_wconf 76' lang='lat' dir='ltr'><strong>circumcidito</strong></span> <span class='ocrx_word' id='word_1_25' title='bbox 3693 309 3815 367; x_wconf 74' lang='lat' dir='ltr'><strong>prte-</strong></span> 
     </span>
    </p>
   </div>
   <div class='ocr_carea' id='block_1_4' title="bbox 504 392 2844 482">
    <p class='ocr_par' dir='ltr' id='par_1_4' title="bbox 504 392 2844 482">
     <span class='ocr_line' id='line_1_4' title="bbox 504 392 2844 482; baseline -0.011 -11"><span class='ocrx_word' id='word_1_26' title='bbox 504 392 701 475; x_wconf 83' lang='lat' dir='ltr'><strong>derant</strong></span> <span class='ocrx_word' id='word_1_27' title='bbox 725 455 740 482; x_wconf 95' lang='lat'><strong>,</strong></span> <span class='ocrx_word' id='word_1_28' title='bbox 790 410 970 468; x_wconf 86' lang='lat' dir='ltr'><strong>crucis</strong></span> <span class='ocrx_word' id='word_1_29' title='bbox 1009 406 1209 463; x_wconf 75' lang='lat' dir='ltr'><strong>Christi</strong></span> <span class='ocrx_word' id='word_1_30' title='bbox 1261 400 1696 476; x_wconf 76' lang='lat' dir='ltr'><strong>persecutionem</strong></span> <span class='ocrx_word' id='word_1_31' title='bbox 1727 396 2000 452; x_wconf 89' lang='lat' dir='ltr'><strong>sustinere</strong></span> <span class='ocrx_word' id='word_1_32' title='bbox 2032 394 2100 448; x_wconf 89' lang='lat' dir='ltr'><strong>ti-</strong></span> <span class='ocrx_word' id='word_1_33' title='bbox 2205 394 2416 465; x_wconf 90' lang='lat' dir='ltr'><strong>putium</strong></span> <span class='ocrx_word' id='word_1_34' title='bbox 2441 393 2625 448; x_wconf 84' lang='lat' dir='ltr'><strong>cordis</strong></span> <span class='ocrx_word' id='word_1_35' title='bbox 2657 392 2844 448; x_wconf 82' lang='lat' dir='ltr'><strong>vestri.</strong></span> 
     </span>
    </p>
   </div>
   <div class='ocr_carea' id='block_1_5' title="bbox 504 486 3813 565">
    <p class='ocr_par' dir='ltr' id='par_1_5' title="bbox 504 486 3813 565">
     <span class='ocr_line' id='line_1_5' title="bbox 504 486 3813 565; baseline -0.002 -20"><span class='ocrx_word' id='word_1_36' title='bbox 504 519 742 565; x_wconf 46' lang='lat' dir='ltr'><strong>mentes.</strong></span> <span class='ocrx_word' id='word_1_37' title='bbox 2277 487 2344 541; x_wconf 86' lang='lat' dir='ltr'><strong>Et</strong></span> <span class='ocrx_word' id='word_1_38' title='bbox 2365 487 2672 558; x_wconf 81' lang='lat' dir='ltr'><strong>quicumque</strong></span> <span class='ocrx_word' id='word_1_39' title='bbox 2691 487 2822 540; x_wconf 87' lang='lat' dir='ltr'><strong>hanc</strong></span> <span class='ocrx_word' id='word_1_40' title='bbox 2843 489 3075 560; x_wconf 86' lang='lat' dir='ltr'><strong>regulam</strong></span> <span class='ocrx_word' id='word_1_41' title='bbox 3099 486 3258 540; x_wconf 78' lang='lat' dir='ltr'><strong>secuti</strong></span> <span class='ocrx_word' id='word_1_42' title='bbox 3285 486 3512 557; x_wconf 78' lang='lat' dir='ltr'><strong>fuerint,</strong></span> <span class='ocrx_word' id='word_1_43' title='bbox 3541 500 3656 554; x_wconf 74' lang='lat' dir='ltr'><strong>pax</strong></span> <span class='ocrx_word' id='word_1_44' title='bbox 3680 500 3813 553; x_wconf 79' lang='lat' dir='ltr'><strong>super</strong></span> 
     </span>
    </p>
   </div>
   <div class='ocr_carea' id='block_1_6' title="bbox 577 577 3810 673">
    <p class='ocr_par' dir='ltr' id='par_1_6' title="bbox 577 577 3810 673">
     <span class='ocr_line' id='line_1_6' title="bbox 577 577 3810 673; baseline -0.007 -16"><span class='ocrx_word' id='word_1_45' title='bbox 577 603 759 673; x_wconf 85' lang='lat' dir='ltr'><strong>Neque</strong></span> <span class='ocrx_word' id='word_1_46' title='bbox 788 599 923 652; x_wconf 87' lang='lat' dir='ltr'><strong>cnint</strong></span> <span class='ocrx_word' id='word_1_47' title='bbox 951 595 1040 665; x_wconf 87' lang='lat' dir='ltr'><strong>qui</strong></span> <span class='ocrx_word' id='word_1_48' title='bbox 1071 589 1537 654; x_wconf 77' lang='lat' dir='ltr'><strong>circumciduntur,</strong></span> <span class='ocrx_word' id='word_1_49' title='bbox 1582 586 1743 659; x_wconf 86' lang='lat' dir='ltr'><strong>legem</strong></span> <span class='ocrx_word' id='word_1_50' title='bbox 1763 582 2098 636; x_wconf 82' lang='lat' dir='ltr'><strong>custodiunt.</strong></span> <span class='ocrx_word' id='word_1_51' title='bbox 2206 580 2428 646; x_wconf 47' lang='lat' dir='ltr'><strong>illos,.et</strong></span> <span class='ocrx_word' id='word_1_52' title='bbox 2454 580 2831 636; x_wconf 77' lang='lat' dir='ltr'><strong>misericordia.</strong></span> <span class='ocrx_word' id='word_1_53' title='bbox 2864 579 2997 647; x_wconf 83' lang='lat' dir='ltr'><strong>Quia</strong></span> <span class='ocrx_word' id='word_1_54' title='bbox 3029 580 3082 636; x_wconf 91' lang='lat' dir='ltr'><strong>in</strong></span> <span class='ocrx_word' id='word_1_55' title='bbox 3125 579 3244 636; x_wconf 86' lang='lat' dir='ltr'><strong>sola</strong></span> <span class='ocrx_word' id='word_1_56' title='bbox 3277 578 3385 634; x_wconf 84' lang='lat' dir='ltr'><strong>[ide</strong></span> <span class='ocrx_word' id='word_1_57' title='bbox 3417 592 3556 649; x_wconf 87' lang='lat' dir='ltr'><strong>spes</strong></span> <span class='ocrx_word' id='word_1_58' title='bbox 3586 577 3810 634; x_wconf 80' lang='lat' dir='ltr'><strong>colloca-</strong></span> 
     </span>
    </p>
   </div>
   <div class='ocr_carea' id='block_1_7' title="bbox 502 673 2646 756">
    <p class='ocr_par' dir='ltr' id='par_1_7' title="bbox 502 673 2646 756">
     <span class='ocr_line' id='line_1_7' title="bbox 502 673 2646 756; baseline -0.012 -5"><span class='ocrx_word' id='word_1_59' title='bbox 502 696 563 752; x_wconf 90' lang='lat' dir='ltr'><strong>Si</strong></span> <span class='ocrx_word' id='word_1_60' title='bbox 590 690 934 749; x_wconf 87' lang='lat' dir='ltr'><strong>circumcisio</strong></span> <span class='ocrx_word' id='word_1_61' title='bbox 958 688 1129 756; x_wconf 81' lang='lat' dir='ltr'><strong>legem</strong></span> <span class='ocrx_word' id='word_1_62' title='bbox 1161 685 1362 738; x_wconf 85' lang='lat' dir='ltr'><strong>laceret</strong></span> <span class='ocrx_word' id='word_1_63' title='bbox 1390 679 1692 744; x_wconf 88' lang='lat' dir='ltr'><strong>custodire,</strong></span> <span class='ocrx_word' id='word_1_64' title='bbox 1725 674 1929 747; x_wconf 87' lang='lat' dir='ltr'><strong>aliquid</strong></span> <span class='ocrx_word' id='word_1_65' title='bbox 1953 673 2105 729; x_wconf 88' lang='lat' dir='ltr'><strong>vide-</strong></span> <span class='ocrx_word' id='word_1_66' title='bbox 2209 680 2296 727; x_wconf 88' lang='lat' dir='ltr'><strong>tttr</strong></span> <span class='ocrx_word' id='word_1_67' title='bbox 2318 673 2646 727; x_wconf 84' lang='lat' dir='ltr'><strong>animarum.</strong></span> 
     </span>
    </p>
   </div>
   <div class='ocr_carea' id='block_1_8' title="bbox 501 762 3810 845">
    <p class='ocr_par' dir='ltr' id='par_1_8' title="bbox 501 762 3810 845">
     <span class='ocr_line' id='line_1_8' title="bbox 501 762 3810 845; baseline -0.007 -3"><span class='ocrx_word' id='word_1_68' title='bbox 501 797 658 843; x_wconf 89' lang='lat' dir='ltr'><strong>retur</strong></span> <span class='ocrx_word' id='word_1_69' title='bbox 683 785 885 839; x_wconf 88' lang='lat' dir='ltr'><strong>habere</strong></span> <span class='ocrx_word' id='word_1_70' title='bbox 918 777 1146 835; x_wconf 89' lang='lat' dir='ltr'><strong>rationis</strong></span> <span class='ocrx_word' id='word_1_71' title='bbox 1177 778 1276 831; x_wconf 89' lang='lat' dir='ltr'><strong>ista</strong></span> <span class='ocrx_word' id='word_1_72' title='bbox 1307 772 1609 845; x_wconf 80' lang='lat' dir='ltr'><strong>persuasio.</strong></span> <span class='ocrx_word' id='word_1_73' title='bbox 2280 763 2349 818; x_wconf 87' lang='lat' dir='ltr'><strong>Et</strong></span> <span class='ocrx_word' id='word_1_74' title='bbox 2381 781 2534 838; x_wconf 83' lang='lat' dir='ltr'><strong>super</strong></span> <span class='ocrx_word' id='word_1_75' title='bbox 2563 764 2730 819; x_wconf 83' lang='lat' dir='ltr'><strong>Israel</strong></span> <span class='ocrx_word' id='word_1_76' title='bbox 2757 765 2870 820; x_wconf 86' lang='lat' dir='ltr'><strong>Dei.</strong></span> <span class='ocrx_word' id='word_1_77' title='bbox 2905 765 2996 821; x_wconf 90' lang='lat' dir='ltr'><strong>Dei</strong></span> <span class='ocrx_word' id='word_1_78' title='bbox 3027 774 3110 820; x_wconf 92' lang='lat' dir='ltr'><strong>est</strong></span> <span class='ocrx_word' id='word_1_79' title='bbox 3134 778 3264 836; x_wconf 81' lang='lat' dir='ltr'><strong>ergo</strong></span> <span class='ocrx_word' id='word_1_80' title='bbox 3284 763 3456 818; x_wconf 89' lang='lat' dir='ltr'><strong>Israel</strong></span> <span class='ocrx_word' id='word_1_81' title='bbox 3486 780 3507 817; x_wconf 92' lang='lat'><strong><em>:</em></strong></span> <span class='ocrx_word' id='word_1_82' title='bbox 3534 762 3667 820; x_wconf 82' lang='lat' dir='ltr'><strong>Non</strong></span> <span class='ocrx_word' id='word_1_83' title='bbox 3689 766 3810 821; x_wconf 84' lang='lat' dir='ltr'><strong>enim</strong></span> 
     </span>
    </p>
   </div>
   <div class='ocr_carea' id='block_1_9' title="bbox 577 857 3551 934">
    <p class='ocr_par' dir='ltr' id='par_1_9' title="bbox 577 857 3551 934">
     <span class='ocr_line' id='line_1_9' title="bbox 577 857 3551 934; baseline -0.007 0"><span class='ocrx_word' id='word_1_84' title='bbox 577 879 684 934; x_wconf 86' lang='lat' dir='ltr'><strong>Sed</strong></span> <span class='ocrx_word' id='word_1_85' title='bbox 711 878 885 932; x_wconf 87' lang='lat' dir='ltr'><strong>volunt</strong></span> <span class='ocrx_word' id='word_1_86' title='bbox 912 889 1000 927; x_wconf 89' lang='lat' dir='ltr'><strong>vos</strong></span> <span class='ocrx_word' id='word_1_87' title='bbox 1023 869 1344 933; x_wconf 79' lang='lat' dir='ltr'><strong>circumcidi,</strong></span> <span class='ocrx_word' id='word_1_88' title='bbox 1367 875 1422 919; x_wconf 88' lang='lat' dir='ltr'><strong>ut</strong></span> <span class='ocrx_word' id='word_1_89' title='bbox 1443 866 1493 918; x_wconf 90' lang='lat' dir='ltr'><strong>in</strong></span> <span class='ocrx_word' id='word_1_90' title='bbox 1517 879 1669 918; x_wconf 88' lang='lat' dir='ltr'><strong>carne</strong></span> <span class='ocrx_word' id='word_1_91' title='bbox 1695 869 1859 915; x_wconf 86' lang='lat' dir='ltr'><strong>vestra</strong></span> <span class='ocrx_word' id='word_1_92' title='bbox 1880 859 2106 929; x_wconf 85' lang='lat' dir='ltr'><strong>glorien—</strong></span> <span class='ocrx_word' id='word_1_93' title='bbox 2209 873 2403 915; x_wconf 91' lang='lat' dir='ltr'><strong>omnes</strong></span> <span class='ocrx_word' id='word_1_94' title='bbox 2433 859 2525 929; x_wconf 89' lang='lat' dir='ltr'><strong>qui</strong></span> <span class='ocrx_word' id='word_1_95' title='bbox 2553 869 2768 913; x_wconf 78' lang='lat' dir='ltr'><strong>suntex</strong></span> <span class='ocrx_word' id='word_1_96' title='bbox 2800 857 2987 923; x_wconf 90' lang='lat' dir='ltr'><strong>Israel,</strong></span> <span class='ocrx_word' id='word_1_97' title='bbox 3020 858 3076 912; x_wconf 87' lang='lat' dir='ltr'><strong>hi</strong></span> <span class='ocrx_word' id='word_1_98' title='bbox 3101 867 3228 912; x_wconf 89' lang='lat' dir='ltr'><strong>sunt</strong></span> <span class='ocrx_word' id='word_1_99' title='bbox 3254 857 3551 913; x_wconf 72' lang='lat' dir='ltr'><strong>Israelitaa.</strong></span> 
     </span>
    </p>
   </div>
   <div class='ocr_carea' id='block_1_10' title="bbox 505 949 3815 1029">
    <p class='ocr_par' dir='ltr' id='par_1_10' title="bbox 505 949 3815 1029">
     <span class='ocr_line' id='line_1_10' title="bbox 505 949 3815 1029; baseline -0.007 -2"><span class='ocrx_word' id='word_1_100' title='bbox 505 981 609 1028; x_wconf 86' lang='lat' dir='ltr'><strong>tur.</strong></span> <span class='ocrx_word' id='word_1_101' title='bbox 666 970 734 1025; x_wconf 86' lang='lat' dir='ltr'><strong>Ut</strong></span> <span class='ocrx_word' id='word_1_102' title='bbox 779 968 848 1022; x_wconf 89' lang='lat' dir='ltr'><strong>de</strong></span> <span class='ocrx_word' id='word_1_103' title='bbox 898 979 1062 1020; x_wconf 88' lang='lat' dir='ltr'><strong>carne</strong></span> <span class='ocrx_word' id='word_1_104' title='bbox 1093 969 1271 1016; x_wconf 82' lang='lat' dir='ltr'><strong>vestra</strong></span> <span class='ocrx_word' id='word_1_105' title='bbox 1303 956 1444 1029; x_wconf 90' lang='lat' dir='ltr'><strong>apud</strong></span> <span class='ocrx_word' id='word_1_106' title='bbox 1490 955 1706 1011; x_wconf 64' lang='lat' dir='ltr'><strong>Iudaeos</strong></span> <span class='ocrx_word' id='word_1_107' title='bbox 1754 951 1964 1006; x_wconf 90' lang='lat' dir='ltr'><strong>laudem</strong></span> <span class='ocrx_word' id='word_1_108' title='bbox 2009 950 2106 1004; x_wconf 88' lang='lat' dir='ltr'><strong>ha-</strong></span> <span class='ocrx_word' id='word_1_109' title='bbox 2284 949 2364 1006; x_wconf 89' lang='lat' dir='ltr'><strong>De</strong></span> <span class='ocrx_word' id='word_1_110' title='bbox 2405 961 2588 1006; x_wconf 77' lang='lat' dir='ltr'><strong>cwtero</strong></span> <span class='ocrx_word' id='word_1_111' title='bbox 2635 967 2782 1006; x_wconf 85' lang='lat' dir='ltr'><strong>nemo</strong></span> <span class='ocrx_word' id='word_1_112' title='bbox 2813 950 2939 1005; x_wconf 87' lang='lat' dir='ltr'><strong>mihi</strong></span> <span class='ocrx_word' id='word_1_113' title='bbox 2979 952 3223 1006; x_wconf 86' lang='lat' dir='ltr'><strong>molestus</strong></span> <span class='ocrx_word' id='word_1_114' title='bbox 3265 951 3352 1005; x_wconf 87' lang='lat' dir='ltr'><strong>sit.</strong></span> <span class='ocrx_word' id='word_1_115' title='bbox 3398 949 3522 1022; x_wconf 84' lang='lat' dir='ltr'><strong>Ego</strong></span> <span class='ocrx_word' id='word_1_116' title='bbox 3565 952 3711 1005; x_wconf 73' lang='lat' dir='ltr'><strong>enim</strong></span> <span class='ocrx_word' id='word_1_117' title='bbox 3737 953 3815 1005; x_wconf 84' lang='lat' dir='ltr'><strong>sti-</strong></span> 
     </span>
    </p>
   </div>
   <div class='ocr_carea' id='block_1_11' title="bbox 505 1042 3818 1128">
    <p class='ocr_par' dir='ltr' id='par_1_11' title="bbox 505 1042 3818 1128">
     <span class='ocr_line' id='line_1_11' title="bbox 505 1042 3818 1128; baseline -0.005 -11"><span class='ocrx_word' id='word_1_118' title='bbox 505 1065 670 1120; x_wconf 83' lang='lat' dir='ltr'><strong>beant</strong></span> <span class='ocrx_word' id='word_1_119' title='bbox 703 1080 715 1116; x_wconf 93' lang='lat'>:</span> <span class='ocrx_word' id='word_1_120' title='bbox 751 1061 864 1115; x_wconf 85' lang='lat' dir='ltr'><strong>sive</strong></span> <span class='ocrx_word' id='word_1_121' title='bbox 911 1054 1059 1128; x_wconf 89' lang='lat' dir='ltr'><strong>quod</strong></span> <span class='ocrx_word' id='word_1_122' title='bbox 1106 1051 1404 1123; x_wconf 88' lang='lat' dir='ltr'><strong>discipulos</strong></span> <span class='ocrx_word' id='word_1_123' title='bbox 1441 1047 1508 1104; x_wconf 90' lang='lat' dir='ltr'><strong>ad</strong></span> <span class='ocrx_word' id='word_1_124' title='bbox 1556 1062 1616 1102; x_wconf 90' lang='lat' dir='ltr'><strong>se</strong></span> <span class='ocrx_word' id='word_1_125' title='bbox 1668 1044 1949 1112; x_wconf 76' lang='lat' dir='ltr'><strong>traxerint,</strong></span> <span class='ocrx_word' id='word_1_126' title='bbox 1996 1042 2109 1114; x_wconf 78' lang='lat' dir='ltr'><strong>glo-</strong></span> <span class='ocrx_word' id='word_1_127' title='bbox 2211 1056 2386 1119; x_wconf 88' lang='lat' dir='ltr'><strong>gmata</strong></span> <span class='ocrx_word' id='word_1_128' title='bbox 2433 1047 2646 1102; x_wconf 85' lang='lat' dir='ltr'><strong>Domini</strong></span> <span class='ocrx_word' id='word_1_129' title='bbox 2675 1046 2800 1102; x_wconf 82' lang='lat' dir='ltr'><strong>Jesu</strong></span> <span class='ocrx_word' id='word_1_130' title='bbox 2833 1048 2884 1101; x_wconf 90' lang='lat' dir='ltr'><strong>in</strong></span> <span class='ocrx_word' id='word_1_131' title='bbox 2915 1062 3128 1118; x_wconf 85' lang='lat' dir='ltr'><strong>corpore</strong></span> <span class='ocrx_word' id='word_1_132' title='bbox 3167 1063 3278 1100; x_wconf 88' lang='lat' dir='ltr'><strong>meo</strong></span> <span class='ocrx_word' id='word_1_133' title='bbox 3309 1056 3483 1116; x_wconf 81' lang='lat' dir='ltr'><strong>porto.</strong></span> <span class='ocrx_word' id='word_1_134' title='bbox 3519 1045 3705 1102; x_wconf 82' lang='lat' dir='ltr'><strong>Nemo</strong></span> <span class='ocrx_word' id='word_1_135' title='bbox 3748 1063 3818 1102; x_wconf 87' lang='lat' dir='ltr'><strong>me</strong></span> 
     </span>
    </p>
   </div>
   <div class='ocr_carea' id='block_1_12' title="bbox 506 1137 2087 1213">
    <p class='ocr_par' dir='ltr' id='par_1_12' title="bbox 506 1158 737 1213">
     <span class='ocr_line' id='line_1_12' title="bbox 506 1158 737 1213; baseline -0.022 0"><span class='ocrx_word' id='word_1_136' title='bbox 506 1158 737 1213; x_wconf 87' lang='lat' dir='ltr'><strong>rientnr.</strong></span> 
     </span>
    </p>
   </div>
   <div class='ocr_carea' id='block_1_13' title="bbox 2236 1137 3817 1213">
    <p class='ocr_par' dir='ltr' id='par_1_13' title="bbox 2236 1137 3817 1210">
     <span class='ocr_line' id='line_1_13' title="bbox 2236 1137 3817 1210; baseline 0.001 -16"><span class='ocrx_word' id='word_1_137' title='bbox 2236 1140 2446 1210; x_wconf 70' lang='lat' dir='ltr'><strong>implius</strong></span> <span class='ocrx_word' id='word_1_138' title='bbox 2476 1138 2798 1209; x_wconf 80' lang='lat' dir='ltr'><strong>interroget,</strong></span> <span class='ocrx_word' id='word_1_139' title='bbox 2827 1137 2984 1208; x_wconf 88' lang='lat' dir='ltr'><strong>quasi</strong></span> <span class='ocrx_word' id='word_1_140' title='bbox 3013 1137 3268 1193; x_wconf 86' lang='lat' dir='ltr'><strong>dubitans</strong></span> <span class='ocrx_word' id='word_1_141' title='bbox 3297 1157 3308 1190; x_wconf 90' lang='lat'>:</span> <span class='ocrx_word' id='word_1_142' title='bbox 3333 1139 3460 1209; x_wconf 87' lang='lat' dir='ltr'><strong>quia</strong></span> <span class='ocrx_word' id='word_1_143' title='bbox 3494 1153 3724 1193; x_wconf 86' lang='lat' dir='ltr'><strong>omnem</strong></span> <span class='ocrx_word' id='word_1_144' title='bbox 3743 1154 3817 1195; x_wconf 78' lang='lat' dir='ltr'><strong>ex-</strong></span> 
     </span>
    </p>
   </div>
   <div class='ocr_carea' id='block_1_14' title="bbox 583 1226 3819 1311">
    <p class='ocr_par' dir='ltr' id='par_1_14' title="bbox 583 1226 3819 1311">
     <span class='ocr_line' id='line_1_14' title="bbox 583 1226 3819 1311; baseline -0.004 -11"><span class='ocrx_word' id='word_1_145' title='bbox 583 1247 718 1300; x_wconf 85' lang='lat' dir='ltr'><strong>Mihi</strong></span> <span class='ocrx_word' id='word_1_146' title='bbox 739 1251 908 1300; x_wconf 78' lang='lat' dir='ltr'><strong>autent</strong></span> <span class='ocrx_word' id='word_1_147' title='bbox 933 1240 1064 1296; x_wconf 89' lang='lat' dir='ltr'><strong>absit</strong></span> <span class='ocrx_word' id='word_1_148' title='bbox 1093 1235 1336 1311; x_wconf 86' lang='lat' dir='ltr'><strong>gloriari,</strong></span> <span class='ocrx_word' id='word_1_149' title='bbox 1367 1234 1467 1288; x_wconf 86' lang='lat' dir='ltr'><strong>nisi</strong></span> <span class='ocrx_word' id='word_1_150' title='bbox 1492 1233 1544 1286; x_wconf 87' lang='lat' dir='ltr'><strong>in</strong></span> <span class='ocrx_word' id='word_1_151' title='bbox 1585 1246 1734 1284; x_wconf 86' lang='lat' dir='ltr'><strong>cruce</strong></span> <span class='ocrx_word' id='word_1_152' title='bbox 1765 1226 1972 1284; x_wconf 88' lang='lat' dir='ltr'><strong>Domini</strong></span> <span class='ocrx_word' id='word_1_153' title='bbox 2011 1242 2108 1280; x_wconf 90' lang='lat' dir='ltr'><strong>no-</strong></span> <span class='ocrx_word' id='word_1_154' title='bbox 2215 1230 2372 1302; x_wconf 86' lang='lat' dir='ltr'><strong>posui</strong></span> <span class='ocrx_word' id='word_1_155' title='bbox 2396 1231 2704 1286; x_wconf 86' lang='lat' dir='ltr'><strong>veritatem.</strong></span> <span class='ocrx_word' id='word_1_156' title='bbox 2741 1230 2854 1300; x_wconf 82' lang='lat' dir='ltr'><strong>Ego</strong></span> <span class='ocrx_word' id='word_1_157' title='bbox 2875 1229 3022 1286; x_wconf 85' lang='lat' dir='ltr'><strong>enim</strong></span> <span class='ocrx_word' id='word_1_158' title='bbox 3047 1232 3198 1300; x_wconf 79' lang='lat' dir='ltr'><strong>signa</strong></span> <span class='ocrx_word' id='word_1_159' title='bbox 3227 1238 3284 1285; x_wconf 90' lang='lat' dir='ltr'><strong>et.</strong></span> <span class='ocrx_word' id='word_1_160' title='bbox 3311 1230 3707 1297; x_wconf 73' lang='lat' dir='ltr'><strong>characteres,</strong></span> <span class='ocrx_word' id='word_1_161' title='bbox 3729 1247 3819 1286; x_wconf 86' lang='lat' dir='ltr'><strong>non</strong></span> 
     </span>
    </p>
   </div>
   <div class='ocr_carea' id='block_1_15' title="bbox 510 1321 3820 1404">
    <p class='ocr_par' dir='ltr' id='par_1_15' title="bbox 510 1321 3820 1404">
     <span class='ocr_line' id='line_1_15' title="bbox 510 1321 3820 1404; baseline -0.005 -9"><span class='ocrx_word' id='word_1_162' title='bbox 510 1340 603 1395; x_wconf 89' lang='lat' dir='ltr'><strong>stri</strong></span> <span class='ocrx_word' id='word_1_163' title='bbox 645 1336 771 1392; x_wconf 84' lang='lat' dir='ltr'><strong>Jcsu</strong></span> <span class='ocrx_word' id='word_1_164' title='bbox 803 1334 998 1388; x_wconf 80' lang='lat' dir='ltr'><strong>Christi</strong></span> <span class='ocrx_word' id='word_1_165' title='bbox 1031 1349 1046 1386; x_wconf 88' lang='lat'><strong><em>:</em></strong></span> <span class='ocrx_word' id='word_1_166' title='bbox 1076 1348 1166 1404; x_wconf 85' lang='lat' dir='ltr'><strong>per</strong></span> <span class='ocrx_word' id='word_1_167' title='bbox 1195 1345 1344 1401; x_wconf 86' lang='lat' dir='ltr'><strong>quem</strong></span> <span class='ocrx_word' id='word_1_168' title='bbox 1388 1326 1515 1379; x_wconf 89' lang='lat' dir='ltr'><strong>mihi</strong></span> <span class='ocrx_word' id='word_1_169' title='bbox 1557 1325 1781 1377; x_wconf 85' lang='lat' dir='ltr'><strong>mundus</strong></span> <span class='ocrx_word' id='word_1_170' title='bbox 1830 1321 2112 1390; x_wconf 67' lang='lat' dir='ltr'><strong>cruciﬁxus</strong></span> <span class='ocrx_word' id='word_1_171' title='bbox 2161 1321 2164 1328; x_wconf 85' lang='grc'><strong>’</strong></span> <span class='ocrx_word' id='word_1_172' title='bbox 2217 1322 2728 1393; x_wconf 89' lang='lat' dir='ltr'><strong>incircumcisionis,</strong></span> <span class='ocrx_word' id='word_1_173' title='bbox 2757 1322 2853 1379; x_wconf 89' lang='lat' dir='ltr'><strong>sed</strong></span> <span class='ocrx_word' id='word_1_174' title='bbox 2883 1322 3064 1378; x_wconf 89' lang='lat' dir='ltr'><strong>crucis</strong></span> <span class='ocrx_word' id='word_1_175' title='bbox 3093 1331 3148 1378; x_wconf 88' lang='lat' dir='ltr'><strong>et</strong></span> <span class='ocrx_word' id='word_1_176' title='bbox 3174 1322 3452 1394; x_wconf 76' lang='lat' dir='ltr'><strong>passionis</strong></span> <span class='ocrx_word' id='word_1_177' title='bbox 3497 1323 3555 1378; x_wconf 90' lang='lat' dir='ltr'><strong>in</strong></span> <span class='ocrx_word' id='word_1_178' title='bbox 3602 1337 3820 1394; x_wconf 84' lang='lat' dir='ltr'><strong>corpore</strong></span> 
     </span>
    </p>
   </div>
   <div class='ocr_carea' id='block_1_16' title="bbox 511 1411 2723 1502">
    <p class='ocr_par' dir='ltr' id='par_1_16' title="bbox 511 1411 2723 1502">
     <span class='ocr_line' id='line_1_16' title="bbox 511 1411 2723 1502; baseline -0.009 -18"><span class='ocrx_word' id='word_1_179' title='bbox 511 1441 606 1498; x_wconf 87' lang='lat' dir='ltr'><strong>est,</strong></span> <span class='ocrx_word' id='word_1_180' title='bbox 656 1439 701 1484; x_wconf 83' lang='lat' dir='ltr'><strong>et</strong></span> <span class='ocrx_word' id='word_1_181' title='bbox 752 1445 844 1502; x_wconf 76' lang='lat' dir='ltr'><strong>ego</strong></span> <span class='ocrx_word' id='word_1_182' title='bbox 885 1426 1100 1480; x_wconf 80' lang='lat' dir='ltr'><strong>nntndo.</strong></span> <span class='ocrx_word' id='word_1_183' title='bbox 1152 1422 1270 1477; x_wconf 84' lang='lat' dir='ltr'><strong>Non</strong></span> <span class='ocrx_word' id='word_1_184' title='bbox 1303 1421 1356 1475; x_wconf 91' lang='lat' dir='ltr'><strong>in</strong></span> <span class='ocrx_word' id='word_1_185' title='bbox 1387 1417 1602 1490; x_wconf 86' lang='lat' dir='ltr'><strong>propria</strong></span> <span class='ocrx_word' id='word_1_186' title='bbox 1626 1415 1856 1487; x_wconf 88' lang='lat' dir='ltr'><strong>justitia,</strong></span> <span class='ocrx_word' id='word_1_187' title='bbox 1884 1413 1970 1468; x_wconf 87' lang='lat' dir='ltr'><strong>vel</strong></span> <span class='ocrx_word' id='word_1_188' title='bbox 2009 1411 2111 1466; x_wconf 93' lang='lat' dir='ltr'><strong>do-</strong></span> <span class='ocrx_word' id='word_1_189' title='bbox 2217 1432 2342 1473; x_wconf 81' lang='lat' dir='ltr'><strong>meo</strong></span> <span class='ocrx_word' id='word_1_190' title='bbox 2373 1417 2723 1472; x_wconf 84' lang='lat' dir='ltr'><strong>circumfero.</strong></span> 
     </span>
    </p>
   </div>
   <div class='ocr_carea' id='block_1_17' title="bbox 514 1507 3827 1586">
    <p class='ocr_par' dir='ltr' id='par_1_17' title="bbox 514 1507 3827 1586">
     <span class='ocr_line' id='line_1_17' title="bbox 514 1507 3827 1586; baseline -0.007 -3"><span class='ocrx_word' id='word_1_191' title='bbox 514 1524 711 1586; x_wconf 77' lang='lat' dir='ltr'><strong>ctrina,</strong></span> <span class='ocrx_word' id='word_1_192' title='bbox 746 1521 840 1576; x_wconf 82' lang='lat' dir='ltr'><strong>sed</strong></span> <span class='ocrx_word' id='word_1_193' title='bbox 866 1520 917 1573; x_wconf 84' lang='lat' dir='ltr'><strong>in</strong></span> <span class='ocrx_word' id='word_1_194' title='bbox 946 1521 1051 1573; x_wconf 78' lang='lat' dir='ltr'><strong>line</strong></span> <span class='ocrx_word' id='word_1_195' title='bbox 1073 1515 1251 1572; x_wconf 74' lang='lat' dir='ltr'><strong>crueis</strong></span> <span class='ocrx_word' id='word_1_196' title='bbox 1277 1531 1290 1569; x_wconf 82' lang='lat'>:</span> <span class='ocrx_word' id='word_1_197' title='bbox 1317 1527 1412 1583; x_wconf 76' lang='lat' dir='ltr'><strong>Per</strong></span> <span class='ocrx_word' id='word_1_198' title='bbox 1436 1526 1597 1580; x_wconf 78' lang='lat' dir='ltr'><strong>quam</strong></span> <span class='ocrx_word' id='word_1_199' title='bbox 1629 1507 1762 1562; x_wconf 76' lang='lat' dir='ltr'><strong>mihi</strong></span> <span class='ocrx_word' id='word_1_200' title='bbox 1790 1507 1966 1562; x_wconf 73' lang='lat' dir='ltr'><strong>omnia</strong></span> <span class='ocrx_word' id='word_1_201' title='bbox 1991 1520 2116 1576; x_wconf 74' lang='grc' dir='ltr'><strong>βεε-</strong></span> <span class='ocrx_word' id='word_1_202' title='bbox 2289 1509 2476 1564; x_wconf 85' lang='lat' dir='ltr'><strong>Gratia</strong></span> <span class='ocrx_word' id='word_1_203' title='bbox 2501 1509 2710 1564; x_wconf 83' lang='lat' dir='ltr'><strong>Domini</strong></span> <span class='ocrx_word' id='word_1_204' title='bbox 2738 1509 2903 1564; x_wconf 82' lang='lat' dir='ltr'><strong>nostri</strong></span> <span class='ocrx_word' id='word_1_205' title='bbox 2920 1507 3046 1564; x_wconf 86' lang='lat' dir='ltr'><strong>Jesu</strong></span> <span class='ocrx_word' id='word_1_206' title='bbox 3066 1507 3259 1565; x_wconf 83' lang='lat' dir='ltr'><strong>Christi</strong></span> <span class='ocrx_word' id='word_1_207' title='bbox 3279 1524 3399 1562; x_wconf 88' lang='lat' dir='ltr'><strong>cum</strong></span> <span class='ocrx_word' id='word_1_208' title='bbox 3421 1507 3617 1580; x_wconf 76' lang='lat' dir='ltr'><strong>spiritu</strong></span> <span class='ocrx_word' id='word_1_209' title='bbox 3645 1522 3827 1578; x_wconf 66' lang='lat' dir='ltr'><strong>uestro,</strong></span> 
     </span>
    </p>
   </div>
   <div class='ocr_carea' id='block_1_18' title="bbox 514 1598 3836 1680">
    <p class='ocr_par' dir='ltr' id='par_1_18' title="bbox 514 1598 3836 1680">
     <span class='ocr_line' id='line_1_18' title="bbox 514 1598 3836 1680; baseline -0.004 -8"><span class='ocrx_word' id='word_1_210' title='bbox 514 1629 632 1672; x_wconf 90' lang='lat' dir='ltr'><strong>cata</strong></span> <span class='ocrx_word' id='word_1_211' title='bbox 653 1616 873 1669; x_wconf 86' lang='lat' dir='ltr'><strong>dimissa</strong></span> <span class='ocrx_word' id='word_1_212' title='bbox 892 1624 1039 1678; x_wconf 89' lang='lat' dir='ltr'><strong>sunt,</strong></span> <span class='ocrx_word' id='word_1_213' title='bbox 1065 1621 1121 1665; x_wconf 92' lang='lat' dir='ltr'><strong>ut</strong></span> <span class='ocrx_word' id='word_1_214' title='bbox 1144 1625 1244 1680; x_wconf 80' lang='lat' dir='ltr'><strong>ego</strong></span> <span class='ocrx_word' id='word_1_215' title='bbox 1267 1605 1467 1663; x_wconf 84' lang='lat' dir='ltr'><strong>mundo</strong></span> <span class='ocrx_word' id='word_1_216' title='bbox 1490 1618 1755 1670; x_wconf 83' lang='lat' dir='ltr'><strong>morerer,</strong></span> <span class='ocrx_word' id='word_1_217' title='bbox 1780 1602 1940 1658; x_wconf 89' lang='lat' dir='ltr'><strong>etillc</strong></span> <span class='ocrx_word' id='word_1_218' title='bbox 1960 1598 2111 1654; x_wconf 90' lang='lat' dir='ltr'><strong>mihi.</strong></span> <span class='ocrx_word' id='word_1_219' title='bbox 2222 1607 2430 1674; x_wconf 79' lang='lat' dir='ltr'><strong>fratres.</strong></span> <span class='ocrx_word' id='word_1_220' title='bbox 2462 1602 2646 1656; x_wconf 86' lang='lat' dir='ltr'><strong>Amen.</strong></span> <span class='ocrx_word' id='word_1_221' title='bbox 2693 1601 3035 1673; x_wconf 89' lang='lat' dir='ltr'><strong>Subscriptio</strong></span> <span class='ocrx_word' id='word_1_222' title='bbox 3080 1601 3200 1657; x_wconf 88' lang='lat' dir='ltr'><strong>talis</strong></span> <span class='ocrx_word' id='word_1_223' title='bbox 3246 1611 3333 1656; x_wconf 89' lang='lat' dir='ltr'><strong>est</strong></span> <span class='ocrx_word' id='word_1_224' title='bbox 3365 1601 3652 1672; x_wconf 85' lang='lat' dir='ltr'><strong>Apostoli.</strong></span> <span class='ocrx_word' id='word_1_225' title='bbox 3678 1605 3836 1675; x_wconf 82' lang='lat' dir='ltr'><strong>Optat</strong></span> 
     </span>
    </p>
   </div>
   <div class='ocr_carea' id='block_1_19' title="bbox 591 1694 3834 1772">
    <p class='ocr_par' dir='ltr' id='par_1_19' title="bbox 591 1694 3834 1772">
     <span class='ocr_line' id='line_1_19' title="bbox 591 1694 3834 1772; baseline -0.003 -11"><span class='ocrx_word' id='word_1_226' title='bbox 591 1708 655 1761; x_wconf 88' lang='lat' dir='ltr'><strong>In</strong></span> <span class='ocrx_word' id='word_1_227' title='bbox 687 1707 892 1761; x_wconf 88' lang='lat' dir='ltr'><strong>Christo</strong></span> <span class='ocrx_word' id='word_1_228' title='bbox 917 1707 1052 1759; x_wconf 80' lang='lat' dir='ltr'><strong>enim</strong></span> <span class='ocrx_word' id='word_1_229' title='bbox 1072 1703 1222 1764; x_wconf 84' lang='lat' dir='ltr'><strong>Jesu.</strong></span> <span class='ocrx_word' id='word_1_230' title='bbox 1269 1716 1428 1769; x_wconf 78' lang='lat' dir='ltr'><strong>neque</strong></span> <span class='ocrx_word' id='word_1_231' title='bbox 1452 1696 1775 1751; x_wconf 81' lang='lat' dir='ltr'><strong>circumcisio</strong></span> <span class='ocrx_word' id='word_1_232' title='bbox 1802 1694 2000 1766; x_wconf 90' lang='lat' dir='ltr'><strong>aliquid</strong></span> <span class='ocrx_word' id='word_1_233' title='bbox 2024 1709 2115 1745; x_wconf 77' lang='grc' dir='ltr'><strong>ιά-</strong></span> <span class='ocrx_word' id='word_1_234' title='bbox 2146 1710 2198 1772; x_wconf 79' lang='lat' dir='ltr'><strong>B</strong></span> <span class='ocrx_word' id='word_1_235' title='bbox 2221 1705 2398 1750; x_wconf 89' lang='lat' dir='ltr'><strong>autem</strong></span> <span class='ocrx_word' id='word_1_236' title='bbox 2430 1703 2489 1750; x_wconf 90' lang='lat' dir='ltr'><strong>ut</strong></span> <span class='ocrx_word' id='word_1_237' title='bbox 2520 1695 2695 1764; x_wconf 80' lang='lat' dir='ltr'><strong>gratia</strong></span> <span class='ocrx_word' id='word_1_238' title='bbox 2744 1709 2838 1751; x_wconf 87' lang='lat' dir='ltr'><strong>eos</strong></span> <span class='ocrx_word' id='word_1_239' title='bbox 2871 1695 3122 1761; x_wconf 86' lang='lat' dir='ltr'><strong>Domini,</strong></span> <span class='ocrx_word' id='word_1_240' title='bbox 3155 1711 3265 1750; x_wconf 89' lang='lat' dir='ltr'><strong>non</strong></span> <span class='ocrx_word' id='word_1_241' title='bbox 3298 1695 3444 1766; x_wconf 80' lang='lat' dir='ltr'><strong>legis</strong></span> <span class='ocrx_word' id='word_1_242' title='bbox 3473 1711 3651 1766; x_wconf 83' lang='lat' dir='ltr'><strong>opera</strong></span> <span class='ocrx_word' id='word_1_243' title='bbox 3681 1697 3834 1752; x_wconf 83' lang='lat' dir='ltr'><strong>comi-</strong></span> 
     </span>
    </p>
   </div>
   <div class='ocr_carea' id='block_1_20' title="bbox 519 1787 3832 1872">
    <p class='ocr_par' dir='ltr' id='par_1_20' title="bbox 519 1787 3832 1872">
     <span class='ocr_line' id='line_1_20' title="bbox 519 1787 3832 1872; baseline -0.003 -14"><span class='ocrx_word' id='word_1_244' title='bbox 519 1805 608 1865; x_wconf 89' lang='lat' dir='ltr'><strong>lct,</strong></span> <span class='ocrx_word' id='word_1_245' title='bbox 635 1819 795 1872; x_wconf 76' lang='lat' dir='ltr'><strong>neque</strong></span> <span class='ocrx_word' id='word_1_246' title='bbox 822 1800 1155 1872; x_wconf 77' lang='lat' dir='ltr'><strong>prtrputium,</strong></span> <span class='ocrx_word' id='word_1_247' title='bbox 1183 1797 1273 1850; x_wconf 83' lang='lat' dir='ltr'><strong>sed</strong></span> <span class='ocrx_word' id='word_1_248' title='bbox 1295 1811 1423 1848; x_wconf 81' lang='lat' dir='ltr'><strong>nova</strong></span> <span class='ocrx_word' id='word_1_249' title='bbox 1448 1800 1702 1846; x_wconf 75' lang='lat' dir='ltr'><strong>creatura.</strong></span> <span class='ocrx_word' id='word_1_250' title='bbox 1735 1791 1851 1844; x_wconf 86' lang='lat' dir='ltr'><strong>lloc</strong></span> <span class='ocrx_word' id='word_1_251' title='bbox 1875 1800 2118 1859; x_wconf 90' lang='lat' dir='ltr'><strong>tempore</strong></span> <span class='ocrx_word' id='word_1_252' title='bbox 2226 1797 2428 1844; x_wconf 89' lang='lat' dir='ltr'><strong>tentur.</strong></span> <span class='ocrx_word' id='word_1_253' title='bbox 2479 1787 2651 1844; x_wconf 87' lang='lat' dir='ltr'><strong>Simul</strong></span> <span class='ocrx_word' id='word_1_254' title='bbox 2691 1799 2744 1844; x_wconf 89' lang='lat' dir='ltr'><strong>et</strong></span> <span class='ocrx_word' id='word_1_255' title='bbox 2797 1789 3037 1857; x_wconf 82' lang='lat' dir='ltr'><strong>attende,</strong></span> <span class='ocrx_word' id='word_1_256' title='bbox 3075 1789 3198 1860; x_wconf 88' lang='lat' dir='ltr'><strong>quia</strong></span> <span class='ocrx_word' id='word_1_257' title='bbox 3228 1804 3355 1844; x_wconf 91' lang='lat' dir='ltr'><strong>cum</strong></span> <span class='ocrx_word' id='word_1_258' title='bbox 3407 1790 3620 1860; x_wconf 81' lang='lat' dir='ltr'><strong>spiritu</strong></span> <span class='ocrx_word' id='word_1_259' title='bbox 3673 1802 3832 1847; x_wconf 81' lang='lat' dir='ltr'><strong>vestro</strong></span> 
     </span>
    </p>
   </div>
   <div class='ocr_carea' id='block_1_21' title="bbox 518 1879 3834 1964">
    <p class='ocr_par' dir='ltr' id='par_1_21' title="bbox 518 1879 3834 1964">
     <span class='ocr_line' id='line_1_21' title="bbox 518 1879 3834 1964; baseline -0.004 -13"><span class='ocrx_word' id='word_1_260' title='bbox 518 1897 696 1952; x_wconf 91' lang='lat' dir='ltr'><strong>solum</strong></span> <span class='ocrx_word' id='word_1_261' title='bbox 731 1895 832 1947; x_wconf 88' lang='lat' dir='ltr'><strong>hoc</strong></span> <span class='ocrx_word' id='word_1_262' title='bbox 859 1892 1102 1964; x_wconf 84' lang='lat' dir='ltr'><strong>prodest,</strong></span> <span class='ocrx_word' id='word_1_263' title='bbox 1137 1889 1180 1944; x_wconf 88' lang='lat' dir='ltr'><strong>si</strong></span> <span class='ocrx_word' id='word_1_264' title='bbox 1212 1889 1334 1959; x_wconf 86' lang='lat' dir='ltr'><strong>quis</strong></span> <span class='ocrx_word' id='word_1_265' title='bbox 1361 1895 1581 1940; x_wconf 87' lang='lat' dir='ltr'><strong>renatus</strong></span> <span class='ocrx_word' id='word_1_266' title='bbox 1609 1883 1663 1938; x_wconf 90' lang='lat' dir='ltr'><strong>in</strong></span> <span class='ocrx_word' id='word_1_267' title='bbox 1709 1881 1948 1950; x_wconf 86' lang='lat' dir='ltr'><strong>Christo,</strong></span> <span class='ocrx_word' id='word_1_268' title='bbox 1983 1895 2119 1936; x_wconf 89' lang='lat' dir='ltr'><strong>nova</strong></span> <span class='ocrx_word' id='word_1_269' title='bbox 2228 1881 2448 1948; x_wconf 81' lang='lat' dir='ltr'><strong>dixerit,</strong></span> <span class='ocrx_word' id='word_1_270' title='bbox 2482 1897 2590 1937; x_wconf 90' lang='lat' dir='ltr'><strong>non</strong></span> <span class='ocrx_word' id='word_1_271' title='bbox 2617 1896 2740 1936; x_wconf 90' lang='lat' dir='ltr'><strong>cum</strong></span> <span class='ocrx_word' id='word_1_272' title='bbox 2771 1897 2936 1936; x_wconf 88' lang='lat' dir='ltr'><strong>carne</strong></span> <span class='ocrx_word' id='word_1_273' title='bbox 2969 1898 2982 1937; x_wconf 92' lang='lat'>:</span> <span class='ocrx_word' id='word_1_274' title='bbox 3010 1881 3061 1934; x_wconf 89' lang='lat' dir='ltr'><strong>in</strong></span> <span class='ocrx_word' id='word_1_275' title='bbox 3091 1881 3247 1950; x_wconf 86' lang='lat' dir='ltr'><strong>cujus</strong></span> <span class='ocrx_word' id='word_1_276' title='bbox 3274 1879 3720 1937; x_wconf 86' lang='lat' dir='ltr'><strong>circumcisione</strong></span> <span class='ocrx_word' id='word_1_277' title='bbox 3739 1884 3834 1952; x_wconf 77' lang='lat' dir='ltr'><strong>glo-</strong></span> 
     </span>
    </p>
   </div>
   <div class='ocr_carea' id='block_1_22' title="bbox 526 1973 3836 2049">
    <p class='ocr_par' dir='ltr' id='par_1_22' title="bbox 526 1973 3836 2049">
     <span class='ocr_line' id='line_1_22' title="bbox 526 1973 3836 2049; baseline -0.003 -6"><span class='ocrx_word' id='word_1_278' title='bbox 526 1986 943 2043; x_wconf 80' lang='lat' dir='ltr'><strong>conversatione</strong></span> <span class='ocrx_word' id='word_1_279' title='bbox 973 1992 1173 2049; x_wconf 81' lang='lat' dir='ltr'><strong>utatur,</strong></span> <span class='ocrx_word' id='word_1_280' title='bbox 1202 1991 1259 2034; x_wconf 89' lang='lat' dir='ltr'><strong>ut</strong></span> <span class='ocrx_word' id='word_1_281' title='bbox 1291 1977 1558 2046; x_wconf 87' lang='lat' dir='ltr'><strong>Propheta</strong></span> <span class='ocrx_word' id='word_1_282' title='bbox 1593 1975 1667 2028; x_wconf 91' lang='lat' dir='ltr'><strong>ait</strong></span> <span class='ocrx_word' id='word_1_283' title='bbox 1696 1993 1706 2028; x_wconf 95' lang='lat'>:</span> <span class='ocrx_word' id='word_1_284' title='bbox 1743 1974 2001 2028; x_wconf 70' lang='lat' dir='ltr'><strong>lnnorate</strong></span> <span class='ocrx_word' id='word_1_285' title='bbox 2031 1987 2124 2027; x_wconf 87' lang='lat' dir='ltr'><strong>vo-</strong></span> <span class='ocrx_word' id='word_1_286' title='bbox 2232 1977 2442 2032; x_wconf 90' lang='lat' dir='ltr'><strong>riantur</strong></span> <span class='ocrx_word' id='word_1_287' title='bbox 2481 1975 2763 2041; x_wconf 90' lang='lat' dir='ltr'><strong>carnales;</strong></span> <span class='ocrx_word' id='word_1_288' title='bbox 2806 1990 2904 2030; x_wconf 87' lang='lat' dir='ltr'><strong>vos</strong></span> <span class='ocrx_word' id='word_1_289' title='bbox 2935 1985 3116 2030; x_wconf 89' lang='lat' dir='ltr'><strong>autem</strong></span> <span class='ocrx_word' id='word_1_290' title='bbox 3151 1973 3528 2044; x_wconf 78' lang='lat' dir='ltr'><strong>Spiritualiter</strong></span> <span class='ocrx_word' id='word_1_291' title='bbox 3560 1989 3836 2032; x_wconf 76' lang='lat' dir='ltr'><strong>conversa-</strong></span> 
     </span>
    </p>
   </div>
   <div class='ocr_carea' id='block_1_23' title="bbox 531 2065 3221 2138">
    <p class='ocr_par' dir='ltr' id='par_1_23' title="bbox 531 2065 3221 2138">
     <span class='ocr_line' id='line_1_23' title="bbox 531 2065 3221 2138; baseline -0.005 -4"><span class='ocrx_word' id='word_1_292' title='bbox 531 2080 618 2134; x_wconf 81' lang='lat' dir='ltr'><strong>bis</strong></span> <span class='ocrx_word' id='word_1_293' title='bbox 645 2092 836 2134; x_wconf 78' lang='lat' dir='ltr'><strong>noram</strong></span> <span class='ocrx_word' id='word_1_294' title='bbox 864 2090 1122 2136; x_wconf 82' lang='lat' dir='ltr'><strong>messem,</strong></span> <span class='ocrx_word' id='word_1_295' title='bbox 1155 2083 1208 2129; x_wconf 90' lang='lat' dir='ltr'><strong>et</strong></span> <span class='ocrx_word' id='word_1_296' title='bbox 1240 2087 1306 2127; x_wconf 89' lang='lat' dir='ltr'><strong>ne</strong></span> <span class='ocrx_word' id='word_1_297' title='bbox 1334 2066 1731 2124; x_wconf 81' lang='lat' dir='ltr'><strong>seminareritis</strong></span> <span class='ocrx_word' id='word_1_298' title='bbox 1751 2066 1891 2120; x_wconf 88' lang='lat' dir='ltr'><strong>inter</strong></span> <span class='ocrx_word' id='word_1_299' title='bbox 1919 2065 2122 2136; x_wconf 88' lang='lat' dir='ltr'><strong>spinas.</strong></span> <span class='ocrx_word' id='word_1_300' title='bbox 2233 2065 2390 2133; x_wconf 87' lang='lat' dir='ltr'><strong>mini,</strong></span> <span class='ocrx_word' id='word_1_301' title='bbox 2421 2077 2479 2122; x_wconf 91' lang='lat' dir='ltr'><strong>ut</strong></span> <span class='ocrx_word' id='word_1_302' title='bbox 2501 2067 2858 2138; x_wconf 87' lang='lat' dir='ltr'><strong>spiritualiter</strong></span> <span class='ocrx_word' id='word_1_303' title='bbox 2883 2067 3221 2124; x_wconf 76' lang='lat' dir='ltr'><strong>circumcisi.</strong></span> 
     </span>
    </p>
   </div>
   <div class='ocr_carea' id='block_1_24' title="bbox 518 2209 3814 2242">
    <p class='ocr_par' dir='ltr' id='par_1_24' title="bbox 518 2209 3814 2242">
     <span class='ocr_line' id='line_1_24' title="bbox 518 2209 3814 2242; baseline -0.002 -12"><span class='ocrx_word' id='word_1_304' title='bbox 518 2209 3814 2242; x_wconf 49' lang='lat'><strong>.______~_______.___________________________—_</strong></span> 
     </span>
    </p>
   </div>
   <div class='ocr_carea' id='block_1_25' title="bbox 1289 2355 3058 2447">
    <p class='ocr_par' dir='ltr' id='par_1_25' title="bbox 1289 2355 3058 2447">
     <span class='ocr_line' id='line_1_25' title="bbox 1289 2355 3058 2447; baseline -0.002 -4"><span class='ocrx_word' id='word_1_305' title='bbox 1289 2362 1411 2444; x_wconf 91' lang='lat' dir='ltr'><strong>IN</strong></span> <span class='ocrx_word' id='word_1_306' title='bbox 1485 2355 2157 2447; x_wconf 89' lang='lat' dir='ltr'><strong>EPISTOLAM</strong></span> <span class='ocrx_word' id='word_1_307' title='bbox 2229 2357 2390 2439; x_wconf 92' lang='lat' dir='ltr'><strong>AD</strong></span> <span class='ocrx_word' id='word_1_308' title='bbox 2464 2357 3058 2442; x_wconf 90' lang='lat' dir='ltr'><strong>EPHESIOS.</strong></span> 
     </span>
    </p>
   </div>
   <div class='ocr_carea' id='block_1_26' title="bbox 1059 2626 3834 2704">
    <p class='ocr_par' dir='ltr' id='par_1_26' title="bbox 1059 2626 3834 2704">
     <span class='ocr_line' id='line_1_26' title="bbox 1059 2626 3834 2704; baseline -0.001 -14"><span class='ocrx_word' id='word_1_309' title='bbox 1059 2632 1288 2691; x_wconf 84' lang='lat' dir='ltr'><strong>CAPUT</strong></span> <span class='ocrx_word' id='word_1_310' title='bbox 1320 2629 1526 2688; x_wconf 67' lang='lat' dir='ltr'><strong>PRlllU</strong></span> <span class='ocrx_word' id='word_1_311' title='bbox 1537 2630 1606 2685; x_wconf 85' lang='grc' dir='ltr'><strong>Μ.</strong></span> <span class='ocrx_word' id='word_1_312' title='bbox 2298 2626 2363 2681; x_wconf 87' lang='lat' dir='ltr'><strong>In</strong></span> <span class='ocrx_word' id='word_1_313' title='bbox 2377 2626 2645 2684; x_wconf 88' lang='lat' dir='ltr'><strong>charitate.</strong></span> <span class='ocrx_word' id='word_1_314' title='bbox 2662 2629 2775 2684; x_wconf 86' lang='lat' dir='ltr'><strong>Iloc</strong></span> <span class='ocrx_word' id='word_1_315' title='bbox 2791 2627 2937 2695; x_wconf 82' lang='lat' dir='ltr'><strong>fecit,</strong></span> <span class='ocrx_word' id='word_1_316' title='bbox 2953 2628 3070 2686; x_wconf 84' lang='lat' dir='ltr'><strong>sive</strong></span> <span class='ocrx_word' id='word_1_317' title='bbox 3083 2629 3470 2688; x_wconf 85' lang='lat' dir='ltr'><strong>immaculatos</strong></span> <span class='ocrx_word' id='word_1_318' title='bbox 3485 2631 3677 2704; x_wconf 78' lang='lat' dir='ltr'><strong>diligit</strong></span> <span class='ocrx_word' id='word_1_319' title='bbox 3690 2633 3834 2692; x_wconf 89' lang='lat' dir='ltr'><strong>Deus.</strong></span> 
     </span>
    </p>
   </div>
   <div class='ocr_carea' id='block_1_27' title="bbox 518 2717 3830 2804">
    <p class='ocr_par' dir='ltr' id='par_1_27' title="bbox 518 2717 3830 2804">
     <span class='ocr_line' id='line_1_27' title="bbox 518 2717 3830 2804; baseline -0.003 -12"><span class='ocrx_word' id='word_1_320' title='bbox 518 2743 523 2774; x_wconf 74' lang='lat'><em>7</em></span> <span class='ocrx_word' id='word_1_321' title='bbox 597 2736 799 2792; x_wconf 85' lang='lat' dir='ltr'><strong>Paulus</strong></span> <span class='ocrx_word' id='word_1_322' title='bbox 828 2730 1092 2804; x_wconf 76' lang='lat' dir='ltr'><strong>apostolus</strong></span> <span class='ocrx_word' id='word_1_323' title='bbox 1128 2726 1253 2782; x_wconf 87' lang='lat' dir='ltr'><strong>Jesu</strong></span> <span class='ocrx_word' id='word_1_324' title='bbox 1293 2723 1507 2792; x_wconf 85' lang='lat' dir='ltr'><strong>Christt,</strong></span> <span class='ocrx_word' id='word_1_325' title='bbox 1537 2739 1628 2795; x_wconf 89' lang='lat' dir='ltr'><strong>per</strong></span> <span class='ocrx_word' id='word_1_326' title='bbox 1655 2723 1968 2778; x_wconf 65' lang='lat' dir='ltr'><strong>uoluntatem</strong></span> <span class='ocrx_word' id='word_1_327' title='bbox 1998 2717 2116 2777; x_wconf 90' lang='lat' dir='ltr'><strong>Dei.</strong></span> <span class='ocrx_word' id='word_1_328' title='bbox 2307 2721 2408 2789; x_wconf 85' lang='lat' dir='ltr'><strong>Qui</strong></span> <span class='ocrx_word' id='word_1_329' title='bbox 2436 2721 2821 2791; x_wconf 76' lang='lat' dir='ltr'><strong>prwdestiuavit</strong></span> <span class='ocrx_word' id='word_1_330' title='bbox 2847 2738 2938 2778; x_wconf 88' lang='lat' dir='ltr'><strong>nos</strong></span> <span class='ocrx_word' id='word_1_331' title='bbox 2969 2723 3022 2776; x_wconf 88' lang='lat' dir='ltr'><strong>in</strong></span> <span class='ocrx_word' id='word_1_332' title='bbox 3061 2724 3400 2794; x_wconf 84' lang='lat' dir='ltr'><strong>adoptionem</strong></span> <span class='ocrx_word' id='word_1_333' title='bbox 3430 2724 3700 2793; x_wconf 78' lang='lat' dir='ltr'><strong>ﬁliorum.</strong></span> <span class='ocrx_word' id='word_1_334' title='bbox 3731 2725 3830 2781; x_wconf 80' lang='lat' dir='ltr'><strong>Ht-c</strong></span> 
     </span>
    </p>
   </div>
   <div class='ocr_carea' id='block_1_28' title="bbox 523 2813 3836 2892">
    <p class='ocr_par' dir='ltr' id='par_1_28' title="bbox 523 2813 3836 2892">
     <span class='ocr_line' id='line_1_28' title="bbox 523 2813 3836 2892; baseline -0.005 -3"><span class='ocrx_word' id='word_1_335' title='bbox 523 2833 645 2892; x_wconf 82' lang='lat' dir='ltr'><strong>Non</strong></span> <span class='ocrx_word' id='word_1_336' title='bbox 678 2829 813 2884; x_wconf 88' lang='lat' dir='ltr'><strong>meis</strong></span> <span class='ocrx_word' id='word_1_337' title='bbox 849 2825 1078 2883; x_wconf 88' lang='lat' dir='ltr'><strong>meritis.</strong></span> <span class='ocrx_word' id='word_1_338' title='bbox 2233 2813 2660 2885; x_wconf 68' lang='lat' dir='ltr'><strong>praedestinavit,</strong></span> <span class='ocrx_word' id='word_1_339' title='bbox 2694 2822 2752 2869; x_wconf 92' lang='lat' dir='ltr'><strong>ut</strong></span> <span class='ocrx_word' id='word_1_340' title='bbox 2775 2813 3041 2871; x_wconf 86' lang='lat' dir='ltr'><strong>haberent</strong></span> <span class='ocrx_word' id='word_1_341' title='bbox 3063 2822 3390 2885; x_wconf 79' lang='lat' dir='ltr'><strong>potestatem</strong></span> <span class='ocrx_word' id='word_1_342' title='bbox 3429 2814 3536 2871; x_wconf 91' lang='lat' dir='ltr'><strong>ﬁlii</strong></span> <span class='ocrx_word' id='word_1_343' title='bbox 3587 2816 3690 2872; x_wconf 89' lang='lat' dir='ltr'><strong>Dei</strong></span> <span class='ocrx_word' id='word_1_344' title='bbox 3733 2817 3836 2872; x_wconf 86' lang='lat' dir='ltr'><strong>ﬁeri</strong></span> 
     </span>
    </p>
   </div>
   <div class='ocr_carea' id='block_1_29' title="bbox 606 2907 3829 2980">
    <p class='ocr_par' dir='ltr' id='par_1_29' title="bbox 606 2907 3829 2980">
     <span class='ocr_line' id='line_1_29' title="bbox 606 2907 3829 2980; baseline -0.004 -4"><span class='ocrx_word' id='word_1_345' title='bbox 606 2919 854 2975; x_wconf 82' lang='lat' dir='ltr'><strong>Omnibus</strong></span> <span class='ocrx_word' id='word_1_346' title='bbox 884 2917 1094 2972; x_wconf 83' lang='lat' dir='ltr'><strong>sanctis.</strong></span> <span class='ocrx_word' id='word_1_347' title='bbox 1128 2913 1329 2968; x_wconf 91' lang='lat' dir='ltr'><strong>Omnes</strong></span> <span class='ocrx_word' id='word_1_348' title='bbox 1359 2911 1528 2966; x_wconf 88' lang='lat' dir='ltr'><strong>sancti</strong></span> <span class='ocrx_word' id='word_1_349' title='bbox 1554 2953 1567 2976; x_wconf 91' lang='lat'><strong>,</strong></span> <span class='ocrx_word' id='word_1_350' title='bbox 1605 2909 1796 2966; x_wconf 87' lang='lat' dir='ltr'><strong>ﬁdeles</strong></span> <span class='ocrx_word' id='word_1_351' title='bbox 1824 2927 1838 2964; x_wconf 89' lang='lat'><strong>:</strong></span> <span class='ocrx_word' id='word_1_352' title='bbox 1869 2923 1976 2964; x_wconf 89' lang='lat' dir='ltr'><strong>non</strong></span> <span class='ocrx_word' id='word_1_353' title='bbox 2006 2921 2123 2962; x_wconf 92' lang='lat' dir='ltr'><strong>om-</strong></span> <span class='ocrx_word' id='word_1_354' title='bbox 2233 2908 2507 2975; x_wconf 88' lang='lat' dir='ltr'><strong>homines,</strong></span> <span class='ocrx_word' id='word_1_355' title='bbox 2537 2908 2625 2980; x_wconf 91' lang='lat' dir='ltr'><strong>qui</strong></span> <span class='ocrx_word' id='word_1_356' title='bbox 2659 2907 2886 2963; x_wconf 88' lang='lat' dir='ltr'><strong>credere</strong></span> <span class='ocrx_word' id='word_1_357' title='bbox 2942 2907 3248 2964; x_wconf 85' lang='lat' dir='ltr'><strong>voluissent</strong></span> <span class='ocrx_word' id='word_1_358' title='bbox 3297 2923 3313 2962; x_wconf 90' lang='lat'><strong>:</strong></span> <span class='ocrx_word' id='word_1_359' title='bbox 3371 2908 3521 2963; x_wconf 87' lang='lat' dir='ltr'><strong>sicut</strong></span> <span class='ocrx_word' id='word_1_360' title='bbox 3569 2910 3829 2980; x_wconf 86' lang='lat' dir='ltr'><strong>scripturn</strong></span> 
     </span>
    </p>
   </div>
   <div class='ocr_carea' id='block_1_30' title="bbox 528 2998 3829 3079">
    <p class='ocr_par' dir='ltr' id='par_1_30' title="bbox 528 2998 3829 3079">
     <span class='ocr_line' id='line_1_30' title="bbox 528 2998 3829 3079; baseline -0.005 -5"><span class='ocrx_word' id='word_1_361' title='bbox 528 3033 628 3075; x_wconf 88' lang='lat' dir='ltr'><strong>nes</strong></span> <span class='ocrx_word' id='word_1_362' title='bbox 663 3014 869 3079; x_wconf 87' lang='lat' dir='ltr'><strong>ﬁdeles,</strong></span> <span class='ocrx_word' id='word_1_363' title='bbox 904 3009 1099 3066; x_wconf 88' lang='lat' dir='ltr'><strong>sancti.</strong></span> <span class='ocrx_word' id='word_1_364' title='bbox 1133 3007 1267 3073; x_wconf 86' lang='lat' dir='ltr'><strong>Quia</strong></span> <span class='ocrx_word' id='word_1_365' title='bbox 1294 3014 1524 3076; x_wconf 87' lang='lat' dir='ltr'><strong>possunt</strong></span> <span class='ocrx_word' id='word_1_366' title='bbox 1555 3007 1716 3058; x_wconf 82' lang='lat' dir='ltr'><strong>etiam</strong></span> <span class='ocrx_word' id='word_1_367' title='bbox 1749 3001 2122 3059; x_wconf 88' lang='lat' dir='ltr'><strong>catechumeni</strong></span> <span class='ocrx_word' id='word_1_368' title='bbox 2176 3075 2205 3079; x_wconf 92' lang='lat'>_</span> <span class='ocrx_word' id='word_1_369' title='bbox 2231 3010 2356 3056; x_wconf 83' lang='lat' dir='ltr'><strong>est:</strong></span> <span class='ocrx_word' id='word_1_370' title='bbox 2382 3000 2775 3072; x_wconf 87' lang='lat' dir='ltr'><strong>Loquebanlur</strong></span> <span class='ocrx_word' id='word_1_371' title='bbox 2801 2999 3031 3056; x_wconf 86' lang='lat' dir='ltr'><strong>verbum</strong></span> <span class='ocrx_word' id='word_1_372' title='bbox 3063 3013 3186 3056; x_wconf 91' lang='lat' dir='ltr'><strong>cum</strong></span> <span class='ocrx_word' id='word_1_373' title='bbox 3213 2998 3408 3054; x_wconf 83' lang='lat' dir='ltr'><strong>ﬁducia</strong></span> <span class='ocrx_word' id='word_1_374' title='bbox 3439 3001 3599 3056; x_wconf 89' lang='lat' dir='ltr'><strong>omni</strong></span> <span class='ocrx_word' id='word_1_375' title='bbox 3632 3000 3829 3056; x_wconf 85' lang='lat' dir='ltr'><strong>volenti</strong></span> 
     </span>
    </p>
   </div>
   <div class='ocr_carea' id='block_1_31' title="bbox 531 3075 2486 3178">
    <p class='ocr_par' dir='ltr' id='par_1_31' title="bbox 531 3075 2486 3178">
     <span class='ocr_line' id='line_1_31' title="bbox 531 3075 2486 3178; baseline -0.009 -12"><span class='ocrx_word' id='word_1_376' title='bbox 531 3126 600 3166; x_wconf 80' lang='lat' dir='ltr'><strong>ex</strong></span> <span class='ocrx_word' id='word_1_377' title='bbox 636 3124 700 3162; x_wconf 92' lang='lat' dir='ltr'><strong>eo</strong></span> <span class='ocrx_word' id='word_1_378' title='bbox 723 3075 864 3178; x_wconf 87' lang='lat' dir='ltr'><strong>quod</strong></span> <span class='ocrx_word' id='word_1_379' title='bbox 894 3102 1108 3158; x_wconf 88' lang='lat' dir='ltr'><strong>Christo</strong></span> <span class='ocrx_word' id='word_1_380' title='bbox 1135 3075 1385 3162; x_wconf 87' lang='lat' dir='ltr'><strong>credunt,</strong></span> <span class='ocrx_word' id='word_1_381' title='bbox 1419 3096 1607 3150; x_wconf 88' lang='lat' dir='ltr'><strong>ﬁdeles</strong></span> <span class='ocrx_word' id='word_1_382' title='bbox 1632 3094 1738 3148; x_wconf 91' lang='lat' dir='ltr'><strong>dici</strong></span> <span class='ocrx_word' id='word_1_383' title='bbox 1769 3112 1782 3150; x_wconf 73' lang='grc' dir='ltr'>ε</span> <span class='ocrx_word' id='word_1_384' title='bbox 1813 3109 1919 3149; x_wconf 87' lang='lat' dir='ltr'><strong>non</strong></span> <span class='ocrx_word' id='word_1_385' title='bbox 1953 3104 2132 3149; x_wconf 90' lang='lat' dir='ltr'><strong>tamen</strong></span> <span class='ocrx_word' id='word_1_386' title='bbox 2162 3075 2208 3138; x_wconf 65' lang='grc' dir='ltr'><strong>(ἶ</strong></span> <span class='ocrx_word' id='word_1_387' title='bbox 2238 3092 2486 3150; x_wconf 89' lang='lat' dir='ltr'><strong>credere.</strong></span> 
     </span>
    </p>
   </div>
   <div class='ocr_carea' id='block_1_32' title="bbox 529 3181 3836 3264">
    <p class='ocr_par' dir='ltr' id='par_1_32' title="bbox 529 3181 3836 3264">
     <span class='ocr_line' id='line_1_32' title="bbox 529 3181 3836 3264; baseline -0.006 -6"><span class='ocrx_word' id='word_1_388' title='bbox 529 3202 706 3260; x_wconf 84' lang='lat' dir='ltr'><strong>sancti</strong></span> <span class='ocrx_word' id='word_1_389' title='bbox 756 3205 902 3264; x_wconf 89' lang='lat' dir='ltr'><strong>sunt,</strong></span> <span class='ocrx_word' id='word_1_390' title='bbox 953 3194 1076 3264; x_wconf 84' lang='lat' dir='ltr'><strong>quia</strong></span> <span class='ocrx_word' id='word_1_391' title='bbox 1125 3205 1233 3246; x_wconf 91' lang='lat' dir='ltr'><strong>non</strong></span> <span class='ocrx_word' id='word_1_392' title='bbox 1267 3205 1361 3260; x_wconf 90' lang='lat' dir='ltr'><strong>per</strong></span> <span class='ocrx_word' id='word_1_393' title='bbox 1411 3187 1736 3258; x_wconf 88' lang='lat' dir='ltr'><strong>baptismum</strong></span> <span class='ocrx_word' id='word_1_394' title='bbox 1783 3187 2126 3245; x_wconf 71' lang='lat' dir='ltr'><strong>sztnctiﬁcati.</strong></span> <span class='ocrx_word' id='word_1_395' title='bbox 2305 3184 2411 3240; x_wconf 85' lang='lat' dir='ltr'><strong>Per</strong></span> <span class='ocrx_word' id='word_1_396' title='bbox 2438 3183 2622 3240; x_wconf 87' lang='lat' dir='ltr'><strong>Jesum</strong></span> <span class='ocrx_word' id='word_1_397' title='bbox 2655 3181 2920 3238; x_wconf 81' lang='lat' dir='ltr'><strong>Christum</strong></span> <span class='ocrx_word' id='word_1_398' title='bbox 2954 3183 3009 3237; x_wconf 83' lang='lat' dir='ltr'><strong>in</strong></span> <span class='ocrx_word' id='word_1_399' title='bbox 3053 3183 3244 3254; x_wconf 87' lang='lat' dir='ltr'><strong>ipsum.</strong></span> <span class='ocrx_word' id='word_1_400' title='bbox 3293 3181 3365 3239; x_wconf 92' lang='lat' dir='ltr'><strong>Ut</strong></span> <span class='ocrx_word' id='word_1_401' title='bbox 3416 3182 3672 3238; x_wconf 85' lang='lat' dir='ltr'><strong>membra</strong></span> <span class='ocrx_word' id='word_1_402' title='bbox 3723 3182 3836 3255; x_wconf 83' lang='lat' dir='ltr'><strong>ejus</strong></span> 
     </span>
    </p>
   </div>
   <div class='ocr_carea' id='block_1_33' title="bbox 532 3277 2420 3358">
    <p class='ocr_par' dir='ltr' id='par_1_33' title="bbox 532 3277 2420 3358">
     <span class='ocr_line' id='line_1_33' title="bbox 532 3277 2420 3358; baseline -0.01 -7"><span class='ocrx_word' id='word_1_403' title='bbox 532 3296 661 3352; x_wconf 87' lang='lat' dir='ltr'><strong>Sive</strong></span> <span class='ocrx_word' id='word_1_404' title='bbox 684 3291 762 3347; x_wconf 89' lang='lat' dir='ltr'><strong>sic</strong></span> <span class='ocrx_word' id='word_1_405' title='bbox 788 3285 1219 3358; x_wconf 77' lang='lat' dir='ltr'><strong>intelligendum,</strong></span> <span class='ocrx_word' id='word_1_406' title='bbox 1251 3279 1395 3352; x_wconf 83' lang='lat' dir='ltr'><strong>quod</strong></span> <span class='ocrx_word' id='word_1_407' title='bbox 1426 3279 1626 3334; x_wconf 87' lang='lat' dir='ltr'><strong>scribat</strong></span> <span class='ocrx_word' id='word_1_408' title='bbox 1653 3277 1886 3333; x_wconf 88' lang='lat' dir='ltr'><strong>ﬁdeliter</strong></span> <span class='ocrx_word' id='word_1_409' title='bbox 1907 3293 2128 3335; x_wconf 81' lang='lat' dir='ltr'><strong>servan-</strong></span> <span class='ocrx_word' id='word_1_410' title='bbox 2229 3279 2420 3351; x_wconf 77' lang='lat' dir='ltr'><strong>simus.</strong></span> 
     </span>
    </p>
   </div>
   <div class='ocr_carea' id='block_1_34' title="bbox 533 3370 3835 3453">
    <p class='ocr_par' dir='ltr' id='par_1_34' title="bbox 533 3370 3835 3453">
     <span class='ocr_line' id='line_1_34' title="bbox 533 3370 3835 3453; baseline -0.004 -11"><span class='ocrx_word' id='word_1_411' title='bbox 533 3386 681 3443; x_wconf 87' lang='lat' dir='ltr'><strong>tibus</strong></span> <span class='ocrx_word' id='word_1_412' title='bbox 714 3382 940 3453; x_wconf 82' lang='lat' dir='ltr'><strong>gratiam</strong></span> <span class='ocrx_word' id='word_1_413' title='bbox 974 3374 1299 3434; x_wconf 87' lang='lat' dir='ltr'><strong>sanctitatis.</strong></span> <span class='ocrx_word' id='word_1_414' title='bbox 2307 3372 2608 3428; x_wconf 87' lang='lat' dir='ltr'><strong>Secundum</strong></span> <span class='ocrx_word' id='word_1_415' title='bbox 2636 3372 2965 3442; x_wconf 87' lang='lat' dir='ltr'><strong>propositunt</strong></span> <span class='ocrx_word' id='word_1_416' title='bbox 3009 3371 3292 3427; x_wconf 83' lang='lat' dir='ltr'><strong>uoluntatis</strong></span> <span class='ocrx_word' id='word_1_417' title='bbox 3322 3386 3454 3428; x_wconf 69' lang='lat' dir='ltr'><strong>sum.</strong></span> <span class='ocrx_word' id='word_1_418' title='bbox 3485 3370 3611 3428; x_wconf 80' lang='lat' dir='ltr'><strong>Non</strong></span> <span class='ocrx_word' id='word_1_419' title='bbox 3646 3387 3835 3430; x_wconf 82' lang='lat' dir='ltr'><strong>scena-</strong></span> 
     </span>
    </p>
   </div>
   <div class='ocr_carea' id='block_1_35' title="bbox 608 3463 2823 3545">
    <p class='ocr_par' dir='ltr' id='par_1_35' title="bbox 608 3463 2823 3545">
     <span class='ocr_line' id='line_1_35' title="bbox 608 3463 2823 3545; baseline -0.005 -15"><span class='ocrx_word' id='word_1_420' title='bbox 608 3478 710 3545; x_wconf 84' lang='lat' dir='ltr'><strong>Qui</strong></span> <span class='ocrx_word' id='word_1_421' title='bbox 751 3486 868 3530; x_wconf 83' lang='lat' dir='ltr'><strong>sunt</strong></span> <span class='ocrx_word' id='word_1_422' title='bbox 897 3473 1114 3544; x_wconf 83' lang='lat' dir='ltr'><strong>Ephesi,</strong></span> <span class='ocrx_word' id='word_1_423' title='bbox 1145 3479 1191 3523; x_wconf 89' lang='lat' dir='ltr'><strong>et</strong></span> <span class='ocrx_word' id='word_1_424' title='bbox 1219 3466 1454 3539; x_wconf 80' lang='lat' dir='ltr'><strong>ﬁdelibus</strong></span> <span class='ocrx_word' id='word_1_425' title='bbox 1495 3466 1546 3519; x_wconf 88' lang='lat' dir='ltr'><strong>in</strong></span> <span class='ocrx_word' id='word_1_426' title='bbox 1594 3464 1799 3520; x_wconf 79' lang='lat' dir='ltr'><strong>Christo</strong></span> <span class='ocrx_word' id='word_1_427' title='bbox 1829 3463 1976 3519; x_wconf 75' lang='lat' dir='ltr'><strong>Iesu.</strong></span> <span class='ocrx_word' id='word_1_428' title='bbox 2010 3465 2130 3524; x_wconf 85' lang='lat' dir='ltr'><strong>Non</strong></span> <span class='ocrx_word' id='word_1_429' title='bbox 2233 3467 2361 3524; x_wconf 89' lang='lat' dir='ltr'><strong>dum</strong></span> <span class='ocrx_word' id='word_1_430' title='bbox 2387 3465 2584 3522; x_wconf 87' lang='lat' dir='ltr'><strong>merita</strong></span> <span class='ocrx_word' id='word_1_431' title='bbox 2615 3475 2823 3520; x_wconf 87' lang='lat' dir='ltr'><strong>nostra.</strong></span> 
     </span>
    </p>
   </div>
   <div class='ocr_carea' id='block_1_36' title="bbox 533 3556 3833 3638">
    <p class='ocr_par' dir='ltr' id='par_1_36' title="bbox 533 3556 3833 3638">
     <span class='ocr_line' id='line_1_36' title="bbox 533 3556 3833 3638; baseline -0.004 -9"><span class='ocrx_word' id='word_1_432' title='bbox 533 3571 788 3629; x_wconf 86' lang='lat' dir='ltr'><strong>omnilms</strong></span> <span class='ocrx_word' id='word_1_433' title='bbox 817 3566 1090 3638; x_wconf 87' lang='lat' dir='ltr'><strong>Ephesiis,</strong></span> <span class='ocrx_word' id='word_1_434' title='bbox 1127 3562 1221 3619; x_wconf 89' lang='lat' dir='ltr'><strong>sed</strong></span> <span class='ocrx_word' id='word_1_435' title='bbox 1250 3561 1332 3615; x_wconf 89' lang='lat' dir='ltr'><strong>his</strong></span> <span class='ocrx_word' id='word_1_436' title='bbox 1362 3560 1453 3630; x_wconf 90' lang='lat' dir='ltr'><strong>qui</strong></span> <span class='ocrx_word' id='word_1_437' title='bbox 1484 3557 1718 3613; x_wconf 86' lang='lat' dir='ltr'><strong>credunt</strong></span> <span class='ocrx_word' id='word_1_438' title='bbox 1747 3559 1799 3612; x_wconf 90' lang='lat' dir='ltr'><strong>in</strong></span> <span class='ocrx_word' id='word_1_439' title='bbox 1830 3557 2065 3615; x_wconf 88' lang='lat' dir='ltr'><strong>Christo.</strong></span> <span class='ocrx_word' id='word_1_440' title='bbox 2307 3560 2375 3615; x_wconf 85' lang='lat' dir='ltr'><strong>In</strong></span> <span class='ocrx_word' id='word_1_441' title='bbox 2401 3559 2610 3614; x_wconf 84' lang='lat' dir='ltr'><strong>laudent</strong></span> <span class='ocrx_word' id='word_1_442' title='bbox 2635 3558 2818 3630; x_wconf 66' lang='lat' dir='ltr'><strong>gloriae</strong></span> <span class='ocrx_word' id='word_1_443' title='bbox 2843 3559 3024 3631; x_wconf 77' lang='lat' dir='ltr'><strong>gratia:</strong></span> <span class='ocrx_word' id='word_1_444' title='bbox 3049 3575 3179 3616; x_wconf 69' lang='lat' dir='ltr'><strong>suat.</strong></span> <span class='ocrx_word' id='word_1_445' title='bbox 3205 3557 3274 3616; x_wconf 89' lang='lat' dir='ltr'><strong>Ut</strong></span> <span class='ocrx_word' id='word_1_446' title='bbox 3295 3556 3586 3616; x_wconf 84' lang='lat' dir='ltr'><strong>laudemus</strong></span> <span class='ocrx_word' id='word_1_447' title='bbox 3607 3558 3833 3632; x_wconf 77' lang='lat' dir='ltr'><strong>gloriam</strong></span> 
     </span>
    </p>
   </div>
   <div class='ocr_carea' id='block_1_37' title="bbox 607 3650 2588 3729">
    <p class='ocr_par' dir='ltr' id='par_1_37' title="bbox 607 3650 2588 3729">
     <span class='ocr_line' id='line_1_37' title="bbox 607 3650 2588 3729; baseline -0.005 -14"><span class='ocrx_word' id='word_1_448' title='bbox 607 3664 790 3718; x_wconf 82' lang='lat' dir='ltr'><strong>Gratia</strong></span> <span class='ocrx_word' id='word_1_449' title='bbox 822 3661 961 3714; x_wconf 78' lang='lat' dir='ltr'><strong>vobis</strong></span> <span class='ocrx_word' id='word_1_450' title='bbox 989 3671 1035 3713; x_wconf 87' lang='lat' dir='ltr'><strong>et</strong></span> <span class='ocrx_word' id='word_1_451' title='bbox 1060 3673 1181 3728; x_wconf 74' lang='lat' dir='ltr'><strong>pax.</strong></span> <span class='ocrx_word' id='word_1_452' title='bbox 1205 3655 1357 3708; x_wconf 88' lang='lat' dir='ltr'><strong>Tunc</strong></span> <span class='ocrx_word' id='word_1_453' title='bbox 1385 3652 1536 3708; x_wconf 89' lang='lat' dir='ltr'><strong>vobis</strong></span> <span class='ocrx_word' id='word_1_454' title='bbox 1558 3651 1761 3707; x_wconf 87' lang='lat' dir='ltr'><strong>valebit</strong></span> <span class='ocrx_word' id='word_1_455' title='bbox 1789 3652 1980 3722; x_wconf 80' lang='lat' dir='ltr'><strong>gratia,</strong></span> <span class='ocrx_word' id='word_1_456' title='bbox 2013 3650 2060 3708; x_wconf 88' lang='lat' dir='ltr'><strong>si</strong></span> <span class='ocrx_word' id='word_1_457' title='bbox 2081 3653 2128 3709; x_wconf 93' lang='lat' dir='ltr'><strong>ei</strong></span> <span class='ocrx_word' id='word_1_458' title='bbox 2235 3657 2425 3729; x_wconf 70' lang='lat' dir='ltr'><strong>gratia:</strong></span> <span class='ocrx_word' id='word_1_459' title='bbox 2449 3653 2588 3724; x_wconf 89' lang='lat' dir='ltr'><strong>ejus.</strong></span> 
     </span>
    </p>
   </div>
   <div class='ocr_carea' id='block_1_38' title="bbox 533 3745 3836 3820">
    <p class='ocr_par' dir='ltr' id='par_1_38' title="bbox 533 3745 3836 3820">
     <span class='ocr_line' id='line_1_38' title="bbox 533 3745 3836 3820; baseline -0.002 -12"><span class='ocrx_word' id='word_1_460' title='bbox 533 3770 644 3812; x_wconf 87' lang='lat' dir='ltr'><strong>non</strong></span> <span class='ocrx_word' id='word_1_461' title='bbox 678 3753 796 3805; x_wconf 89' lang='lat' dir='ltr'><strong>sitis</strong></span> <span class='ocrx_word' id='word_1_462' title='bbox 841 3751 1036 3820; x_wconf 81' lang='lat' dir='ltr'><strong>ingrati</strong></span> <span class='ocrx_word' id='word_1_463' title='bbox 1070 3768 1082 3802; x_wconf 90' lang='lat'><strong>:</strong></span> <span class='ocrx_word' id='word_1_464' title='bbox 1117 3748 1348 3802; x_wconf 89' lang='lat' dir='ltr'><strong>salutem</strong></span> <span class='ocrx_word' id='word_1_465' title='bbox 1395 3754 1634 3799; x_wconf 81' lang='lat' dir='ltr'><strong>vestram</strong></span> <span class='ocrx_word' id='word_1_466' title='bbox 1683 3745 1880 3800; x_wconf 86' lang='lat' dir='ltr'><strong>vestris</strong></span> <span class='ocrx_word' id='word_1_467' title='bbox 1925 3745 2134 3802; x_wconf 87' lang='lat' dir='ltr'><strong>meritis</strong></span> <span class='ocrx_word' id='word_1_468' title='bbox 2311 3747 2377 3802; x_wconf 89' lang='lat' dir='ltr'><strong>In</strong></span> <span class='ocrx_word' id='word_1_469' title='bbox 2405 3765 2506 3818; x_wconf 90' lang='lat' dir='ltr'><strong>qua</strong></span> <span class='ocrx_word' id='word_1_470' title='bbox 2536 3746 2852 3818; x_wconf 78' lang='lat' dir='ltr'><strong>gratiﬁcanit</strong></span> <span class='ocrx_word' id='word_1_471' title='bbox 2881 3763 2974 3801; x_wconf 89' lang='lat' dir='ltr'><strong>nos</strong></span> <span class='ocrx_word' id='word_1_472' title='bbox 2998 3747 3050 3801; x_wconf 88' lang='lat' dir='ltr'><strong>in</strong></span> <span class='ocrx_word' id='word_1_473' title='bbox 3078 3746 3266 3803; x_wconf 86' lang='lat' dir='ltr'><strong>dilecto</strong></span> <span class='ocrx_word' id='word_1_474' title='bbox 3291 3745 3437 3802; x_wconf 86' lang='lat' dir='ltr'><strong>Filio</strong></span> <span class='ocrx_word' id='word_1_475' title='bbox 3473 3764 3590 3804; x_wconf 85' lang='lat' dir='ltr'><strong>suo.</strong></span> <span class='ocrx_word' id='word_1_476' title='bbox 3617 3747 3678 3803; x_wconf 90' lang='lat' dir='ltr'><strong>In</strong></span> <span class='ocrx_word' id='word_1_477' title='bbox 3736 3761 3836 3818; x_wconf 80' lang='lat' dir='ltr'><strong>qua</strong></span> 
     </span>
    </p>
   </div>
   <div class='ocr_carea' id='block_1_39' title="bbox 535 3835 3400 3914">
    <p class='ocr_par' dir='ltr' id='par_1_39' title="bbox 535 3835 3400 3914">
     <span class='ocr_line' id='line_1_39' title="bbox 535 3835 3400 3914; baseline 0.001 -19"><span class='ocrx_word' id='word_1_478' title='bbox 535 3848 888 3914; x_wconf 84' lang='lat' dir='ltr'><strong>deputantes.</strong></span> <span class='ocrx_word' id='word_1_479' title='bbox 925 3840 1116 3893; x_wconf 81' lang='lat' dir='ltr'><strong>Pacem</strong></span> <span class='ocrx_word' id='word_1_480' title='bbox 1160 3853 1290 3892; x_wconf 88' lang='lat' dir='ltr'><strong>vero</strong></span> <span class='ocrx_word' id='word_1_481' title='bbox 1319 3835 1774 3892; x_wconf 81' lang='lat' dir='ltr'><strong>recnnciliationis</strong></span> <span class='ocrx_word' id='word_1_482' title='bbox 1813 3836 2133 3893; x_wconf 86' lang='lat' dir='ltr'><strong>observabi-</strong></span> <span class='ocrx_word' id='word_1_483' title='bbox 2236 3842 2408 3914; x_wconf 79' lang='lat' dir='ltr'><strong>gratia</strong></span> <span class='ocrx_word' id='word_1_484' title='bbox 2433 3850 2620 3911; x_wconf 80' lang='lat' dir='ltr'><strong>gratos</strong></span> <span class='ocrx_word' id='word_1_485' title='bbox 2654 3839 2786 3896; x_wconf 82' lang='lat' dir='ltr'><strong>fecit</strong></span> <span class='ocrx_word' id='word_1_486' title='bbox 2815 3855 2914 3895; x_wconf 89' lang='lat' dir='ltr'><strong>nos</strong></span> <span class='ocrx_word' id='word_1_487' title='bbox 2946 3841 3047 3895; x_wconf 87' lang='lat' dir='ltr'><strong>sibi</strong></span> <span class='ocrx_word' id='word_1_488' title='bbox 3078 3841 3130 3895; x_wconf 91' lang='lat' dir='ltr'><strong>in</strong></span> <span class='ocrx_word' id='word_1_489' title='bbox 3159 3840 3400 3898; x_wconf 89' lang='lat' dir='ltr'><strong>Christo.</strong></span> 
     </span>
    </p>
   </div>
   <div class='ocr_carea' id='block_1_40' title="bbox 539 3927 3841 4007">
    <p class='ocr_par' dir='ltr' id='par_1_40' title="bbox 539 3927 3841 4007">
     <span class='ocr_line' id='line_1_40' title="bbox 539 3927 3841 4007; baseline -0.001 -17"><span class='ocrx_word' id='word_1_490' title='bbox 539 3947 661 3990; x_wconf 89' lang='lat' dir='ltr'><strong>mus</strong></span> <span class='ocrx_word' id='word_1_491' title='bbox 693 3949 705 3985; x_wconf 91' lang='lat'>:</span> <span class='ocrx_word' id='word_1_492' title='bbox 741 3931 785 3984; x_wconf 88' lang='lat' dir='ltr'><strong>si</strong></span> <span class='ocrx_word' id='word_1_493' title='bbox 815 3929 950 3984; x_wconf 90' lang='lat' dir='ltr'><strong>nihil</strong></span> <span class='ocrx_word' id='word_1_494' title='bbox 981 3928 1098 3998; x_wconf 84' lang='lat' dir='ltr'><strong>ejus</strong></span> <span class='ocrx_word' id='word_1_495' title='bbox 1127 3927 1373 3995; x_wconf 86' lang='lat' dir='ltr'><strong>bonitati,</strong></span> <span class='ocrx_word' id='word_1_496' title='bbox 1402 3928 1484 3983; x_wconf 87' lang='lat' dir='ltr'><strong>vel</strong></span> <span class='ocrx_word' id='word_1_497' title='bbox 1517 3927 1742 3998; x_wconf 80' lang='lat' dir='ltr'><strong>justitia:</strong></span> <span class='ocrx_word' id='word_1_498' title='bbox 1773 3927 2028 3999; x_wconf 88' lang='lat' dir='ltr'><strong>deinceps</strong></span> <span class='ocrx_word' id='word_1_499' title='bbox 2059 3928 2136 3984; x_wconf 82' lang='lat' dir='ltr'><strong>la-</strong></span> <span class='ocrx_word' id='word_1_500' title='bbox 2311 3933 2380 3988; x_wconf 87' lang='lat' dir='ltr'><strong>In</strong></span> <span class='ocrx_word' id='word_1_501' title='bbox 2409 3950 2508 4005; x_wconf 87' lang='lat' dir='ltr'><strong>quo</strong></span> <span class='ocrx_word' id='word_1_502' title='bbox 2535 3932 2782 3988; x_wconf 88' lang='lat' dir='ltr'><strong>habemus</strong></span> <span class='ocrx_word' id='word_1_503' title='bbox 2805 3933 3234 4004; x_wconf 84' lang='lat' dir='ltr'><strong>redemptionem,</strong></span> <span class='ocrx_word' id='word_1_504' title='bbox 3263 3951 3355 4006; x_wconf 87' lang='lat' dir='ltr'><strong>per</strong></span> <span class='ocrx_word' id='word_1_505' title='bbox 3381 3935 3684 4007; x_wconf 81' lang='lat' dir='ltr'><strong>sanguinem</strong></span> <span class='ocrx_word' id='word_1_506' title='bbox 3717 3937 3841 4006; x_wconf 79' lang='lat' dir='ltr'><strong>ejus</strong></span> 
     </span>
    </p>
   </div>
   <div class='ocr_carea' id='block_1_41' title="bbox 539 4023 3841 4105">
    <p class='ocr_par' dir='ltr' id='par_1_41' title="bbox 539 4023 3841 4105">
     <span class='ocr_line' id='line_1_41' title="bbox 539 4023 3841 4105; baseline 0.002 -23"><span class='ocrx_word' id='word_1_507' title='bbox 539 4029 748 4084; x_wconf 88' lang='lat' dir='ltr'><strong>ciamus</strong></span> <span class='ocrx_word' id='word_1_508' title='bbox 771 4023 1124 4082; x_wconf 80' lang='lat' dir='ltr'><strong>contrarium.</strong></span> <span class='ocrx_word' id='word_1_509' title='bbox 2240 4031 2293 4085; x_wconf 87' lang='lat' dir='ltr'><strong>in</strong></span> <span class='ocrx_word' id='word_1_510' title='bbox 2323 4032 2677 4086; x_wconf 85' lang='lat' dir='ltr'><strong>remissionem</strong></span> <span class='ocrx_word' id='word_1_511' title='bbox 2703 4040 3049 4103; x_wconf 85' lang='lat' dir='ltr'><strong>peccatorum,</strong></span> <span class='ocrx_word' id='word_1_512' title='bbox 3079 4033 3363 4087; x_wconf 88' lang='lat' dir='ltr'><strong>secundum</strong></span> <span class='ocrx_word' id='word_1_513' title='bbox 3411 4032 3619 4088; x_wconf 78' lang='lat' dir='ltr'><strong>divitias</strong></span> <span class='ocrx_word' id='word_1_514' title='bbox 3647 4033 3841 4105; x_wconf 80' lang='lat' dir='ltr'><strong>gratia:</strong></span> 
     </span>
    </p>
   </div>
   <div class='ocr_carea' id='block_1_42' title="bbox 608 4114 2189 4200">
    <p class='ocr_par' dir='ltr' id='par_1_42' title="bbox 608 4114 2128 4182">
     <span class='ocr_line' id='line_1_42' title="bbox 608 4114 2128 4182; baseline -0.004 -6"><span class='ocrx_word' id='word_1_515' title='bbox 608 4121 654 4176; x_wconf 83' lang='lat' dir='ltr'><strong><em>A</em></strong></span> <span class='ocrx_word' id='word_1_516' title='bbox 685 4121 793 4175; x_wconf 75' lang='lat' dir='ltr'><strong>Deo</strong></span> <span class='ocrx_word' id='word_1_517' title='bbox 823 4118 977 4173; x_wconf 87' lang='lat' dir='ltr'><strong>Patre</strong></span> <span class='ocrx_word' id='word_1_518' title='bbox 1015 4126 1210 4182; x_wconf 86' lang='lat' dir='ltr'><strong>nostro,</strong></span> <span class='ocrx_word' id='word_1_519' title='bbox 1235 4126 1281 4170; x_wconf 80' lang='lat' dir='ltr'><strong>et</strong></span> <span class='ocrx_word' id='word_1_520' title='bbox 1307 4114 1523 4171; x_wconf 87' lang='lat' dir='ltr'><strong>Domino</strong></span> <span class='ocrx_word' id='word_1_521' title='bbox 1553 4115 1679 4170; x_wconf 83' lang='lat' dir='ltr'><strong>Jesu</strong></span> <span class='ocrx_word' id='word_1_522' title='bbox 1703 4115 1925 4172; x_wconf 84' lang='lat' dir='ltr'><strong>Christo.</strong></span> <span class='ocrx_word' id='word_1_523' title='bbox 1952 4115 2128 4172; x_wconf 90' lang='lat' dir='ltr'><strong>Unum</strong></span> 
     </span>
    </p>
   </div>
   <div class='ocr_carea' id='block_1_43' title="bbox 2252 4114 3833 4200">
    <p class='ocr_par' dir='ltr' id='par_1_43' title="bbox 2252 4124 3833 4200">
     <span class='ocr_line' id='line_1_43' title="bbox 2252 4124 3833 4200; baseline -0.001 -21"><span class='ocrx_word' id='word_1_524' title='bbox 2252 4130 2372 4200; x_wconf 73' lang='lat' dir='ltr'><strong>ejus.</strong></span> <span class='ocrx_word' id='word_1_525' title='bbox 2398 4124 2515 4181; x_wconf 86' lang='lat' dir='ltr'><strong>Non</strong></span> <span class='ocrx_word' id='word_1_526' title='bbox 2541 4125 2716 4180; x_wconf 88' lang='lat' dir='ltr'><strong>solum</strong></span> <span class='ocrx_word' id='word_1_527' title='bbox 2750 4124 3004 4192; x_wconf 89' lang='lat' dir='ltr'><strong>redemit,</strong></span> <span class='ocrx_word' id='word_1_528' title='bbox 3031 4124 3127 4180; x_wconf 90' lang='lat' dir='ltr'><strong>sed</strong></span> <span class='ocrx_word' id='word_1_529' title='bbox 3149 4127 3310 4180; x_wconf 86' lang='lat' dir='ltr'><strong>etiam</strong></span> <span class='ocrx_word' id='word_1_530' title='bbox 3338 4135 3564 4196; x_wconf 80' lang='lat' dir='ltr'><strong>peccata</strong></span> <span class='ocrx_word' id='word_1_531' title='bbox 3594 4125 3833 4180; x_wconf 85' lang='lat' dir='ltr'><strong>remisit:</strong></span> 
     </span>
    </p>
   </div>
   <div class='ocr_carea' id='block_1_44' title="bbox 536 4209 2117 4298">
    <p class='ocr_par' dir='ltr' id='par_1_44' title="bbox 536 4209 2105 4280">
     <span class='ocr_line' id='line_1_44' title="bbox 536 4209 2105 4280; baseline -0.005 -8"><span class='ocrx_word' id='word_1_532' title='bbox 536 4232 658 4272; x_wconf 89' lang='lat' dir='ltr'><strong>esse</strong></span> <span class='ocrx_word' id='word_1_533' title='bbox 673 4216 887 4271; x_wconf 84' lang='lat' dir='ltr'><strong>Patrem</strong></span> <span class='ocrx_word' id='word_1_534' title='bbox 911 4211 1170 4269; x_wconf 85' lang='lat' dir='ltr'><strong>etFilium</strong></span> <span class='ocrx_word' id='word_1_535' title='bbox 1187 4211 1538 4277; x_wconf 84' lang='lat' dir='ltr'><strong>demonstrat,</strong></span> <span class='ocrx_word' id='word_1_536' title='bbox 1557 4209 1742 4280; x_wconf 87' lang='lat' dir='ltr'><strong>utique</strong></span> <span class='ocrx_word' id='word_1_537' title='bbox 1771 4211 1973 4280; x_wconf 85' lang='lat' dir='ltr'><strong>pariter</strong></span> <span class='ocrx_word' id='word_1_538' title='bbox 2001 4223 2105 4279; x_wconf 89' lang='lat' dir='ltr'><strong>ope</strong></span> 
     </span>
    </p>
   </div>
   <div class='ocr_carea' id='block_1_45' title="bbox 2255 4209 3836 4298">
    <p class='ocr_par' dir='ltr' id='par_1_45' title="bbox 2255 4218 3836 4290">
     <span class='ocr_line' id='line_1_45' title="bbox 2255 4218 3836 4290; baseline -0.002 -14"><span class='ocrx_word' id='word_1_539' title='bbox 2255 4220 2360 4276; x_wconf 76' lang='lat' dir='ltr'><strong>sine</strong></span> <span class='ocrx_word' id='word_1_540' title='bbox 2389 4220 2578 4276; x_wconf 84' lang='lat' dir='ltr'><strong>labore</strong></span> <span class='ocrx_word' id='word_1_541' title='bbox 2605 4227 2790 4274; x_wconf 90' lang='lat' dir='ltr'><strong>nostro</strong></span> <span class='ocrx_word' id='word_1_542' title='bbox 2812 4218 2990 4288; x_wconf 88' lang='lat' dir='ltr'><strong>justos</strong></span> <span class='ocrx_word' id='word_1_543' title='bbox 3021 4233 3124 4276; x_wconf 92' lang='lat' dir='ltr'><strong>nos</strong></span> <span class='ocrx_word' id='word_1_544' title='bbox 3145 4219 3296 4290; x_wconf 79' lang='lat' dir='ltr'><strong>facit,</strong></span> <span class='ocrx_word' id='word_1_545' title='bbox 3341 4219 3645 4278; x_wconf 85' lang='lat' dir='ltr'><strong>secundum</strong></span> <span class='ocrx_word' id='word_1_546' title='bbox 3700 4219 3836 4275; x_wconf 83' lang='lat' dir='ltr'><strong>divi-</strong></span> 
     </span>
    </p>
   </div>
   <div class='ocr_carea' id='block_1_46' title="bbox 539 4313 2733 4386">
    <p class='ocr_par' dir='ltr' id='par_1_46' title="bbox 539 4313 2733 4386">
     <span class='ocr_line' id='line_1_46' title="bbox 539 4313 2733 4386; baseline 0 -20"><span class='ocrx_word' id='word_1_547' title='bbox 539 4319 746 4366; x_wconf 86' lang='lat' dir='ltr'><strong>rantes.</strong></span> <span class='ocrx_word' id='word_1_548' title='bbox 867 4367 872 4372; x_wconf 63' lang='grc'><em>,</em></span> <span class='ocrx_word' id='word_1_549' title='bbox 2243 4315 2345 4370; x_wconf 88' lang='lat' dir='ltr'><strong>tias</strong></span> <span class='ocrx_word' id='word_1_550' title='bbox 2375 4315 2560 4386; x_wconf 75' lang='lat' dir='ltr'><strong>gloria:</strong></span> <span class='ocrx_word' id='word_1_551' title='bbox 2590 4313 2733 4383; x_wconf 88' lang='lat' dir='ltr'><strong>ejus.</strong></span> 
     </span>
    </p>
   </div>
   <div class='ocr_carea' id='block_1_47' title="bbox 610 4389 2191 4480">
    <p class='ocr_par' dir='ltr' id='par_1_47' title="bbox 610 4389 2132 4458">
     <span class='ocr_line' id='line_1_47' title="bbox 610 4389 2132 4458; baseline -0.005 -2"><span class='ocrx_word' id='word_1_552' title='bbox 610 4402 915 4458; x_wconf 77' lang='lat' dir='ltr'><strong>Benedictus</strong></span> <span class='ocrx_word' id='word_1_553' title='bbox 939 4399 1077 4454; x_wconf 88' lang='lat' dir='ltr'><strong>Deus</strong></span> <span class='ocrx_word' id='word_1_554' title='bbox 1109 4407 1155 4451; x_wconf 92' lang='lat' dir='ltr'><strong>et</strong></span> <span class='ocrx_word' id='word_1_555' title='bbox 1183 4396 1337 4451; x_wconf 88' lang='lat' dir='ltr'><strong>Pater</strong></span> <span class='ocrx_word' id='word_1_556' title='bbox 1351 4393 1560 4448; x_wconf 88' lang='lat' dir='ltr'><strong>Domini</strong></span> <span class='ocrx_word' id='word_1_557' title='bbox 1585 4394 1746 4446; x_wconf 86' lang='lat' dir='ltr'><strong>nostri</strong></span> <span class='ocrx_word' id='word_1_558' title='bbox 1769 4392 1897 4448; x_wconf 82' lang='lat' dir='ltr'><strong>Jesu</strong></span> <span class='ocrx_word' id='word_1_559' title='bbox 1922 4389 2132 4448; x_wconf 86' lang='lat' dir='ltr'><strong>Christi.</strong></span> 
     </span>
    </p>
   </div>
   <div class='ocr_carea' id='block_1_48' title="bbox 2256 4389 3837 4480">
    <p class='ocr_par' dir='ltr' id='par_1_48' title="bbox 2317 4404 3837 4480">
     <span class='ocr_line' id='line_1_48' title="bbox 2317 4404 3837 4480; baseline 0.001 -20"><span class='ocrx_word' id='word_1_560' title='bbox 2317 4408 2447 4474; x_wconf 80' lang='lat' dir='ltr'><strong>Quae</strong></span> <span class='ocrx_word' id='word_1_561' title='bbox 2474 4404 2917 4475; x_wconf 82' lang='lat' dir='ltr'><strong>superabundavit</strong></span> <span class='ocrx_word' id='word_1_562' title='bbox 2945 4405 2999 4460; x_wconf 87' lang='lat' dir='ltr'><strong>in</strong></span> <span class='ocrx_word' id='word_1_563' title='bbox 3030 4407 3198 4472; x_wconf 82' lang='lat' dir='ltr'><strong>nobis,</strong></span> <span class='ocrx_word' id='word_1_564' title='bbox 3223 4407 3275 4461; x_wconf 86' lang='lat' dir='ltr'><strong>in</strong></span> <span class='ocrx_word' id='word_1_565' title='bbox 3306 4408 3449 4463; x_wconf 87' lang='lat' dir='ltr'><strong>otnni</strong></span> <span class='ocrx_word' id='word_1_566' title='bbox 3483 4409 3768 4480; x_wconf 84' lang='lat' dir='ltr'><strong>sapientia,</strong></span> <span class='ocrx_word' id='word_1_567' title='bbox 3792 4416 3837 4462; x_wconf 73' lang='lat' dir='ltr'><strong>et</strong></span> 
     </span>
    </p>
   </div>
   <div class='ocr_carea' id='block_1_49' title="bbox 534 4485 2115 4571">
    <p class='ocr_par' dir='ltr' id='par_1_49' title="bbox 534 4485 1946 4562">
     <span class='ocr_line' id='line_1_49' title="bbox 534 4485 1946 4562; baseline -0.009 -12"><span class='ocrx_word' id='word_1_568' title='bbox 534 4495 740 4551; x_wconf 86' lang='lat' dir='ltr'><strong>Laudat</strong></span> <span class='ocrx_word' id='word_1_569' title='bbox 768 4495 958 4557; x_wconf 88' lang='lat' dir='ltr'><strong>Deum,</strong></span> <span class='ocrx_word' id='word_1_570' title='bbox 988 4506 1054 4546; x_wconf 93' lang='lat' dir='ltr'><strong>eo</strong></span> <span class='ocrx_word' id='word_1_571' title='bbox 1080 4489 1222 4562; x_wconf 87' lang='lat' dir='ltr'><strong>quod</strong></span> <span class='ocrx_word' id='word_1_572' title='bbox 1245 4486 1531 4543; x_wconf 77' lang='lat' dir='ltr'><strong>donaverit</strong></span> <span class='ocrx_word' id='word_1_573' title='bbox 1561 4485 1694 4539; x_wconf 77' lang='lat' dir='ltr'><strong>intra</strong></span> <span class='ocrx_word' id='word_1_574' title='bbox 1725 4486 1946 4555; x_wconf 86' lang='lat' dir='ltr'><strong>scripta.</strong></span> 
     </span>
    </p>
   </div>
   <div class='ocr_carea' id='block_1_50' title="bbox 2254 4485 3835 4571">
    <p class='ocr_par' dir='ltr' id='par_1_50' title="bbox 2254 4497 3835 4569">
     <span class='ocr_line' id='line_1_50' title="bbox 2254 4497 3835 4569; baseline 0.002 -16"><span class='ocrx_word' id='word_1_575' title='bbox 2254 4497 2517 4560; x_wconf 79' lang='lat' dir='ltr'><strong>prudentia</strong></span> <span class='ocrx_word' id='word_1_576' title='bbox 2549 4511 2566 4550; x_wconf 90' lang='lat'><strong><em>:</em></strong></span> <span class='ocrx_word' id='word_1_577' title='bbox 2594 4506 2650 4549; x_wconf 88' lang='lat' dir='ltr'><strong>ut</strong></span> <span class='ocrx_word' id='word_1_578' title='bbox 2682 4506 2858 4551; x_wconf 87' lang='lat' dir='ltr'><strong>notum</strong></span> <span class='ocrx_word' id='word_1_579' title='bbox 2899 4499 3088 4569; x_wconf 75' lang='lat' dir='ltr'><strong>faceret</strong></span> <span class='ocrx_word' id='word_1_580' title='bbox 3133 4499 3280 4554; x_wconf 90' lang='lat' dir='ltr'><strong>nobis</strong></span> <span class='ocrx_word' id='word_1_581' title='bbox 3317 4509 3708 4556; x_wconf 82' lang='lat' dir='ltr'><strong>sacramentum</strong></span> <span class='ocrx_word' id='word_1_582' title='bbox 3755 4518 3835 4556; x_wconf 68' lang='grc' dir='ltr'><strong>ενο-</strong></span> 
     </span>
    </p>
   </div>
   <div class='ocr_carea' id='block_1_51' title="bbox 613 4558 2194 4665">
    <p class='ocr_par' dir='ltr' id='par_1_51' title="bbox 613 4558 2194 4654">
     <span class='ocr_line' id='line_1_51' title="bbox 613 4558 2194 4654; baseline -0.007 -13"><span class='ocrx_word' id='word_1_583' title='bbox 613 4587 714 4654; x_wconf 85' lang='lat' dir='ltr'><strong>Qui</strong></span> <span class='ocrx_word' id='word_1_584' title='bbox 745 4585 1004 4640; x_wconf 77' lang='lat' dir='ltr'><strong>benedixit</strong></span> <span class='ocrx_word' id='word_1_585' title='bbox 1033 4558 1125 4638; x_wconf 69' lang='lat' dir='ltr'><strong>nos</strong></span> <span class='ocrx_word' id='word_1_586' title='bbox 1171 4583 1223 4635; x_wconf 88' lang='lat' dir='ltr'><strong>in</strong></span> <span class='ocrx_word' id='word_1_587' title='bbox 1263 4579 1400 4635; x_wconf 88' lang='lat' dir='ltr'><strong>omni</strong></span> <span class='ocrx_word' id='word_1_588' title='bbox 1451 4577 1801 4631; x_wconf 85' lang='lat' dir='ltr'><strong>benedictione</strong></span> <span class='ocrx_word' id='word_1_589' title='bbox 1847 4574 2129 4648; x_wconf 88' lang='lat' dir='ltr'><strong>spirituali.</strong></span> <span class='ocrx_word' id='word_1_590' title='bbox 2163 4558 2194 4619; x_wconf 80' lang='grc' dir='ltr'>Ῑ</span> 
     </span>
    </p>
   </div>
   <div class='ocr_carea' id='block_1_52' title="bbox 2256 4558 3837 4665">
    <p class='ocr_par' dir='ltr' id='par_1_52' title="bbox 2256 4589 3837 4665">
     <span class='ocr_line' id='line_1_52' title="bbox 2256 4589 3837 4665; baseline 0.003 -21"><span class='ocrx_word' id='word_1_591' title='bbox 2256 4591 2454 4644; x_wconf 85' lang='lat' dir='ltr'><strong>&#39;untatis</strong></span> <span class='ocrx_word' id='word_1_592' title='bbox 2477 4605 2602 4653; x_wconf 69' lang='lat' dir='ltr'><strong>sum,</strong></span> <span class='ocrx_word' id='word_1_593' title='bbox 2634 4589 2918 4644; x_wconf 85' lang='lat' dir='ltr'><strong>secundum</strong></span> <span class='ocrx_word' id='word_1_594' title='bbox 2943 4590 3315 4663; x_wconf 87' lang='lat' dir='ltr'><strong>beneplacitum</strong></span> <span class='ocrx_word' id='word_1_595' title='bbox 3344 4593 3479 4662; x_wconf 83' lang='lat' dir='ltr'><strong>ejus,</strong></span> <span class='ocrx_word' id='word_1_596' title='bbox 3529 4594 3672 4662; x_wconf 88' lang='lat' dir='ltr'><strong>quod</strong></span> <span class='ocrx_word' id='word_1_597' title='bbox 3720 4608 3837 4665; x_wconf 82' lang='lat' dir='ltr'><strong>pro-</strong></span> 
     </span>
    </p>
   </div>
   <div class='ocr_carea' id='block_1_53' title="bbox 533 4667 3833 4754">
    <p class='ocr_par' dir='ltr' id='par_1_53' title="bbox 533 4667 3833 4754">
     <span class='ocr_line' id='line_1_53' title="bbox 533 4667 3833 4754; baseline 0.002 -20"><span class='ocrx_word' id='word_1_598' title='bbox 533 4679 651 4734; x_wconf 81' lang='lat' dir='ltr'><strong>Nnn</strong></span> <span class='ocrx_word' id='word_1_599' title='bbox 685 4677 994 4749; x_wconf 70' lang='lat' dir='ltr'><strong>aliQttantis,</strong></span> <span class='ocrx_word' id='word_1_600' title='bbox 1025 4676 1119 4731; x_wconf 91' lang='lat' dir='ltr'><strong>sed</strong></span> <span class='ocrx_word' id='word_1_601' title='bbox 1151 4674 1404 4728; x_wconf 83' lang='lat' dir='ltr'><strong>omnibus</strong></span> <span class='ocrx_word' id='word_1_602' title='bbox 1430 4669 1799 4742; x_wconf 88' lang='lat' dir='ltr'><strong>spiritualibus</strong></span> <span class='ocrx_word' id='word_1_603' title='bbox 1825 4667 2012 4740; x_wconf 69' lang='lat' dir='ltr'><strong>gratia:</strong></span> <span class='ocrx_word' id='word_1_604' title='bbox 2037 4668 2131 4722; x_wconf 84' lang='lat' dir='ltr'><strong>be-</strong></span> <span class='ocrx_word' id='word_1_605' title='bbox 2240 4683 2410 4754; x_wconf 83' lang='lat' dir='ltr'><strong>posuit</strong></span> <span class='ocrx_word' id='word_1_606' title='bbox 2430 4683 2482 4735; x_wconf 89' lang='lat' dir='ltr'><strong>in</strong></span> <span class='ocrx_word' id='word_1_607' title='bbox 2511 4697 2589 4736; x_wconf 87' lang='lat' dir='ltr'><strong>eo.</strong></span> <span class='ocrx_word' id='word_1_608' title='bbox 2623 4682 2913 4751; x_wconf 86' lang='lat' dir='ltr'><strong>Plusquam</strong></span> <span class='ocrx_word' id='word_1_609' title='bbox 2941 4683 3282 4749; x_wconf 88' lang='lat' dir='ltr'><strong>abundavit,</strong></span> <span class='ocrx_word' id='word_1_610' title='bbox 3315 4693 3372 4739; x_wconf 92' lang='lat' dir='ltr'><strong>ut</strong></span> <span class='ocrx_word' id='word_1_611' title='bbox 3420 4699 3530 4739; x_wconf 90' lang='lat' dir='ltr'><strong>non</strong></span> <span class='ocrx_word' id='word_1_612' title='bbox 3573 4685 3757 4742; x_wconf 79' lang='lat' dir='ltr'><strong>solum</strong></span> <span class='ocrx_word' id='word_1_613' title='bbox 3803 4701 3833 4740; x_wconf 80' lang='lat' dir='ltr'><strong>a</strong></span> 
     </span>
    </p>
   </div>
   <div class='ocr_carea' id='block_1_54' title="bbox 533 4759 2114 4845">
    <p class='ocr_par' dir='ltr' id='par_1_54' title="bbox 533 4759 2114 4838">
     <span class='ocr_line' id='line_1_54' title="bbox 533 4759 2114 4838; baseline -0.009 -11"><span class='ocrx_word' id='word_1_614' title='bbox 533 4771 936 4829; x_wconf 87' lang='lat' dir='ltr'><strong>nedictionibus</strong></span> <span class='ocrx_word' id='word_1_615' title='bbox 969 4788 979 4823; x_wconf 92' lang='lat'>:</span> <span class='ocrx_word' id='word_1_616' title='bbox 1026 4778 1086 4822; x_wconf 88' lang='lat' dir='ltr'><strong>ut</strong></span> <span class='ocrx_word' id='word_1_617' title='bbox 1132 4767 1406 4838; x_wconf 89' lang='lat' dir='ltr'><strong>quomodo</strong></span> <span class='ocrx_word' id='word_1_618' title='bbox 1445 4766 1497 4819; x_wconf 91' lang='lat' dir='ltr'><strong>in</strong></span> <span class='ocrx_word' id='word_1_619' title='bbox 1531 4762 1686 4818; x_wconf 87' lang='lat' dir='ltr'><strong>nobis</strong></span> <span class='ocrx_word' id='word_1_620' title='bbox 1716 4761 1850 4816; x_wconf 89' lang='lat' dir='ltr'><strong>nihil</strong></span> <span class='ocrx_word' id='word_1_621' title='bbox 1881 4759 2034 4815; x_wconf 90' lang='lat' dir='ltr'><strong>deest</strong></span> <span class='ocrx_word' id='word_1_622' title='bbox 2064 4775 2114 4814; x_wconf 72' lang='lat' dir='ltr'><strong>et</strong></span> 
     </span>
    </p>
   </div>
   <div class='ocr_carea' id='block_1_55' title="bbox 2252 4759 3833 4845">
    <p class='ocr_par' dir='ltr' id='par_1_55' title="bbox 2252 4773 3833 4845">
     <span class='ocr_line' id='line_1_55' title="bbox 2252 4773 3833 4845; baseline 0.001 -15"><span class='ocrx_word' id='word_1_623' title='bbox 2252 4785 2415 4830; x_wconf 84' lang='lat' dir='ltr'><strong>morte</strong></span> <span class='ocrx_word' id='word_1_624' title='bbox 2442 4773 2737 4845; x_wconf 86' lang='lat' dir='ltr'><strong>redemptis</strong></span> <span class='ocrx_word' id='word_1_625' title='bbox 2764 4775 2930 4845; x_wconf 73' lang='lat' dir='ltr'><strong>gratis</strong></span> <span class='ocrx_word' id='word_1_626' title='bbox 2955 4784 3177 4845; x_wconf 88' lang='lat' dir='ltr'><strong>peccata</strong></span> <span class='ocrx_word' id='word_1_627' title='bbox 3201 4775 3530 4844; x_wconf 88' lang='lat' dir='ltr'><strong>dimitteret,</strong></span> <span class='ocrx_word' id='word_1_628' title='bbox 3550 4777 3649 4833; x_wconf 85' lang='lat' dir='ltr'><strong>sed</strong></span> <span class='ocrx_word' id='word_1_629' title='bbox 3668 4777 3833 4833; x_wconf 80' lang='lat' dir='ltr'><strong>etiam</strong></span> 
     </span>
    </p>
   </div>
   <div class='ocr_carea' id='block_1_56' title="bbox 534 4849 3839 4939">
    <p class='ocr_par' dir='ltr' id='par_1_56' title="bbox 534 4849 3839 4939">
     <span class='ocr_line' id='line_1_56' title="bbox 534 4849 3839 4939; baseline -0.002 -6"><span class='ocrx_word' id='word_1_630' title='bbox 534 4867 650 4933; x_wconf 63' lang='grc' dir='ltr'><strong>Πίον</strong></span> <span class='ocrx_word' id='word_1_631' title='bbox 684 4865 755 4919; x_wconf 66' lang='lat' dir='ltr'><strong>ila</strong></span> <span class='ocrx_word' id='word_1_632' title='bbox 789 4849 1048 4918; x_wconf 63' lang='grc' dir='ltr'><strong>νόιυηῑαῑί</strong></span> <span class='ocrx_word' id='word_1_633' title='bbox 1081 4861 1196 4931; x_wconf 66' lang='lat' dir='ltr'><strong>eius</strong></span> <span class='ocrx_word' id='word_1_634' title='bbox 1227 4860 1361 4915; x_wconf 73' lang='grc' dir='ltr'><strong>ηίιιίί</strong></span> <span class='ocrx_word' id='word_1_635' title='bbox 1385 4858 1527 4914; x_wconf 55' lang='lat' dir='ltr'><strong>des“</strong></span> <span class='ocrx_word' id='word_1_636' title='bbox 1553 4873 1618 4912; x_wconf 70' lang='grc' dir='ltr'><strong>ει</strong></span> <span class='ocrx_word' id='word_1_637' title='bbox 1643 4856 1819 4910; x_wconf 65' lang='grc' dir='ltr'><strong>ηοδίε·</strong></span> <span class='ocrx_word' id='word_1_638' title='bbox 2239 4867 2401 4923; x_wconf 86' lang='lat' dir='ltr'><strong>nobis</strong></span> <span class='ocrx_word' id='word_1_639' title='bbox 2432 4875 2639 4921; x_wconf 88' lang='lat' dir='ltr'><strong>tantam</strong></span> <span class='ocrx_word' id='word_1_640' title='bbox 2671 4867 2996 4937; x_wconf 88' lang='lat' dir='ltr'><strong>sapientiam</strong></span> <span class='ocrx_word' id='word_1_641' title='bbox 3027 4867 3280 4935; x_wconf 89' lang='lat' dir='ltr'><strong>donaret,</strong></span> <span class='ocrx_word' id='word_1_642' title='bbox 3302 4878 3361 4923; x_wconf 89' lang='lat' dir='ltr'><strong>ut</strong></span> <span class='ocrx_word' id='word_1_643' title='bbox 3385 4869 3687 4926; x_wconf 86' lang='lat' dir='ltr'><strong>voluntatis</strong></span> <span class='ocrx_word' id='word_1_644' title='bbox 3715 4869 3839 4939; x_wconf 87' lang='lat' dir='ltr'><strong>ejus</strong></span> 
     </span>
    </p>
   </div>
   <div class='ocr_carea' id='block_1_57' title="bbox 607 4945 3140 5032">
    <p class='ocr_par' dir='ltr' id='par_1_57' title="bbox 607 4945 3140 5032">
     <span class='ocr_line' id='line_1_57' title="bbox 607 4945 3140 5032; baseline -0.004 -22"><span class='ocrx_word' id='word_1_645' title='bbox 607 4958 673 5011; x_wconf 82' lang='lat' dir='ltr'><strong>In</strong></span> <span class='ocrx_word' id='word_1_646' title='bbox 706 4957 1008 5012; x_wconf 73' lang='lat' dir='ltr'><strong>cwlestibus.</strong></span> <span class='ocrx_word' id='word_1_647' title='bbox 1040 4955 1154 5010; x_wconf 84' lang='lat' dir='ltr'><strong>Non</strong></span> <span class='ocrx_word' id='word_1_648' title='bbox 1188 4956 1240 5009; x_wconf 91' lang='lat' dir='ltr'><strong>in</strong></span> <span class='ocrx_word' id='word_1_649' title='bbox 1281 4953 1486 5010; x_wconf 78' lang='lat' dir='ltr'><strong>carnali</strong></span> <span class='ocrx_word' id='word_1_650' title='bbox 1527 4949 1906 5022; x_wconf 80' lang='lat' dir='ltr'><strong>prOSperitate,</strong></span> <span class='ocrx_word' id='word_1_651' title='bbox 1937 4961 2039 5004; x_wconf 89' lang='lat' dir='ltr'><strong>nec</strong></span> <span class='ocrx_word' id='word_1_652' title='bbox 2073 4945 2127 5002; x_wconf 90' lang='lat' dir='ltr'><strong>in</strong></span> <span class='ocrx_word' id='word_1_653' title='bbox 2237 4963 2448 5019; x_wconf 68' lang='grc' dir='ltr'>οεευιω</span> <span class='ocrx_word' id='word_1_654' title='bbox 2475 4962 2738 5032; x_wconf 54' lang='lat' dir='ltr'><strong>mysteria</strong></span> <span class='ocrx_word' id='word_1_655' title='bbox 2764 4975 3140 5017; x_wconf 66' lang='grc' dir='ltr'><strong>ηοεοριιεηιυε,</strong></span> 
     </span>
    </p>
   </div>
   <div class='ocr_carea' id='block_1_58' title="bbox 539 5049 3833 5128">
    <p class='ocr_par' dir='ltr' id='par_1_58' title="bbox 539 5049 3833 5128">
     <span class='ocr_line' id='line_1_58' title="bbox 539 5049 3833 5128; baseline -0.002 -13"><span class='ocrx_word' id='word_1_656' title='bbox 539 5060 756 5105; x_wconf 71' lang='grc' dir='ltr'><strong>ῑυῐῚῈηῑι</strong></span> <span class='ocrx_word' id='word_1_657' title='bbox 784 5049 1134 5104; x_wconf 64' lang='grc' dir='ltr'><strong>ίιὺιιιιίίὶηιιῖτι·</strong></span> <span class='ocrx_word' id='word_1_658' title='bbox 2309 5056 2373 5111; x_wconf 85' lang='lat' dir='ltr'><strong>In</strong></span> <span class='ocrx_word' id='word_1_659' title='bbox 2405 5056 2786 5126; x_wconf 83' lang='lat' dir='ltr'><strong>dispensatione</strong></span> <span class='ocrx_word' id='word_1_660' title='bbox 2813 5055 3150 5127; x_wconf 85' lang='lat' dir='ltr'><strong>plenitudinis</strong></span> <span class='ocrx_word' id='word_1_661' title='bbox 3177 5062 3488 5128; x_wconf 86' lang='lat' dir='ltr'><strong>temporum.</strong></span> <span class='ocrx_word' id='word_1_662' title='bbox 3533 5055 3590 5111; x_wconf 87' lang='lat' dir='ltr'><strong>In</strong></span> <span class='ocrx_word' id='word_1_663' title='bbox 3639 5053 3833 5109; x_wconf 82' lang='lat' dir='ltr'><strong>novis-</strong></span> 
     </span>
    </p>
   </div>
   <div class='ocr_carea' id='block_1_59' title="bbox 607 5133 3831 5220">
    <p class='ocr_par' dir='ltr' id='par_1_59' title="bbox 607 5133 3831 5220">
     <span class='ocr_line' id='line_1_59' title="bbox 607 5133 3831 5220; baseline 0.002 -22"><span class='ocrx_word' id='word_1_664' title='bbox 607 5145 674 5198; x_wconf 82' lang='lat' dir='ltr'><strong>In</strong></span> <span class='ocrx_word' id='word_1_665' title='bbox 704 5142 930 5196; x_wconf 83' lang='lat' dir='ltr'><strong>Clu-isto.</strong></span> <span class='ocrx_word' id='word_1_666' title='bbox 959 5141 1018 5196; x_wconf 87' lang='lat' dir='ltr'><strong>In</strong></span> <span class='ocrx_word' id='word_1_667' title='bbox 1075 5141 1251 5212; x_wconf 90' lang='lat' dir='ltr'><strong>capite</strong></span> <span class='ocrx_word' id='word_1_668' title='bbox 1291 5141 1472 5194; x_wconf 89' lang='lat' dir='ltr'><strong>omnia</strong></span> <span class='ocrx_word' id='word_1_669' title='bbox 1521 5137 1769 5193; x_wconf 85' lang='lat' dir='ltr'><strong>membra</strong></span> <span class='ocrx_word' id='word_1_670' title='bbox 1817 5133 2121 5191; x_wconf 85' lang='lat' dir='ltr'><strong>benedixit.</strong></span> <span class='ocrx_word' id='word_1_671' title='bbox 2230 5150 2385 5207; x_wconf 57' lang='lat' dir='ltr'><strong>simis</strong></span> <span class='ocrx_word' id='word_1_672' title='bbox 2416 5149 2776 5220; x_wconf 58' lang='lat' dir='ltr'><strong>temporibus,</strong></span> <span class='ocrx_word' id='word_1_673' title='bbox 2822 5147 3039 5220; x_wconf 87' lang='lat' dir='ltr'><strong>quando</strong></span> <span class='ocrx_word' id='word_1_674' title='bbox 3089 5147 3201 5219; x_wconf 90' lang='lat' dir='ltr'><strong>jam</strong></span> <span class='ocrx_word' id='word_1_675' title='bbox 3247 5147 3425 5204; x_wconf 84' lang='lat' dir='ltr'><strong>otnnis</strong></span> <span class='ocrx_word' id='word_1_676' title='bbox 3481 5149 3831 5220; x_wconf 84' lang='lat' dir='ltr'><strong>dispensatio</strong></span> 
     </span>
    </p>
   </div>
   <div class='ocr_carea' id='block_1_60' title="bbox 535 5227 2116 5315">
    <p class='ocr_par' dir='ltr' id='par_1_60' title="bbox 535 5227 2116 5303">
     <span class='ocr_line' id='line_1_60' title="bbox 535 5227 2116 5303; baseline -0.009 -11"><span class='ocrx_word' id='word_1_677' title='bbox 535 5236 684 5292; x_wconf 86' lang='lat' dir='ltr'><strong>Sicut</strong></span> <span class='ocrx_word' id='word_1_678' title='bbox 713 5234 865 5303; x_wconf 78' lang='lat' dir='ltr'><strong>elegit</strong></span> <span class='ocrx_word' id='word_1_679' title='bbox 895 5249 986 5284; x_wconf 82' lang='lat' dir='ltr'><strong>nos</strong></span> <span class='ocrx_word' id='word_1_680' title='bbox 1026 5233 1077 5284; x_wconf 90' lang='lat' dir='ltr'><strong>in</strong></span> <span class='ocrx_word' id='word_1_681' title='bbox 1122 5232 1234 5302; x_wconf 87' lang='lat' dir='ltr'><strong>ipso</strong></span> <span class='ocrx_word' id='word_1_682' title='bbox 1277 5241 1395 5284; x_wconf 88' lang='lat' dir='ltr'><strong>ante</strong></span> <span class='ocrx_word' id='word_1_683' title='bbox 1443 5228 1625 5282; x_wconf 86' lang='lat' dir='ltr'><strong>mundi</strong></span> <span class='ocrx_word' id='word_1_684' title='bbox 1669 5227 2116 5282; x_wconf 72' lang='lat' dir='ltr'><strong>constitutionem.</strong></span> 
     </span>
    </p>
   </div>
   <div class='ocr_carea' id='block_1_61' title="bbox 2248 5227 3829 5315">
    <p class='ocr_par' dir='ltr' id='par_1_61' title="bbox 2248 5239 3829 5315">
     <span class='ocr_line' id='line_1_61' title="bbox 2248 5239 3829 5315; baseline -0.001 -18"><span class='ocrx_word' id='word_1_685' title='bbox 2248 5258 2569 5315; x_wconf 88' lang='lat' dir='ltr'><strong>.emporum,</strong></span> <span class='ocrx_word' id='word_1_686' title='bbox 2615 5243 2746 5313; x_wconf 60' lang='lat' dir='ltr'><strong>legis</strong></span> <span class='ocrx_word' id='word_1_687' title='bbox 2765 5250 2820 5297; x_wconf 90' lang='lat' dir='ltr'><strong>et</strong></span> <span class='ocrx_word' id='word_1_688' title='bbox 2851 5249 3057 5296; x_wconf 81' lang='lat' dir='ltr'><strong>naturae</strong></span> <span class='ocrx_word' id='word_1_689' title='bbox 3108 5239 3620 5312; x_wconf 86' lang='lat' dir='ltr'><strong>Prophetarumque</strong></span> <span class='ocrx_word' id='word_1_690' title='bbox 3653 5251 3829 5296; x_wconf 53' lang='lat' dir='ltr'><strong>trans-</strong></span> 
     </span>
    </p>
   </div>
   <div class='ocr_carea' id='block_1_62' title="bbox 534 5319 2488 5404">
    <p class='ocr_par' dir='ltr' id='par_1_62' title="bbox 534 5319 2488 5404">
     <span class='ocr_line' id='line_1_62' title="bbox 534 5319 2488 5404; baseline -0.009 -20"><span class='ocrx_word' id='word_1_691' title='bbox 534 5340 590 5384; x_wconf 85' lang='lat' dir='ltr'><strong>ut</strong></span> <span class='ocrx_word' id='word_1_692' title='bbox 623 5344 848 5385; x_wconf 81' lang='lat' dir='ltr'><strong>essemus</strong></span> <span class='ocrx_word' id='word_1_693' title='bbox 875 5325 1040 5404; x_wconf 79' lang='lat' dir='ltr'><strong>sancti</strong></span> <span class='ocrx_word' id='word_1_694' title='bbox 1066 5334 1114 5378; x_wconf 84' lang='lat' dir='ltr'><strong>et</strong></span> <span class='ocrx_word' id='word_1_695' title='bbox 1141 5323 1482 5376; x_wconf 86' lang='lat' dir='ltr'><strong>immaculali.</strong></span> <span class='ocrx_word' id='word_1_696' title='bbox 1537 5321 1675 5389; x_wconf 85' lang='lat' dir='ltr'><strong>Quia</strong></span> <span class='ocrx_word' id='word_1_697' title='bbox 1720 5319 1858 5374; x_wconf 86' lang='lat' dir='ltr'><strong>nihil</strong></span> <span class='ocrx_word' id='word_1_698' title='bbox 1925 5332 2125 5373; x_wconf 86' lang='lat' dir='ltr'><strong>novum</strong></span> <span class='ocrx_word' id='word_1_699' title='bbox 2231 5345 2350 5392; x_wconf 52' lang='lat' dir='ltr'><strong>ac“</strong></span> <span class='ocrx_word' id='word_1_700' title='bbox 2383 5345 2488 5391; x_wconf 49' lang='lat' dir='ltr'><strong>est.</strong></span> 
     </span>
    </p>
   </div>
   <div class='ocr_carea' id='block_1_63' title="bbox 534 5413 2115 5502">
    <p class='ocr_par' dir='ltr' id='par_1_63' title="bbox 534 5413 2115 5490">
     <span class='ocr_line' id='line_1_63' title="bbox 534 5413 2115 5490; baseline -0.009 -12"><span class='ocrx_word' id='word_1_701' title='bbox 534 5431 621 5478; x_wconf 85' lang='lat' dir='ltr'><strong>est</strong></span> <span class='ocrx_word' id='word_1_702' title='bbox 646 5423 721 5488; x_wconf 91' lang='lat' dir='ltr'><strong>ei,</strong></span> <span class='ocrx_word' id='word_1_703' title='bbox 746 5419 886 5490; x_wconf 84' lang='lat' dir='ltr'><strong>apud</strong></span> <span class='ocrx_word' id='word_1_704' title='bbox 918 5435 1074 5488; x_wconf 86' lang='lat' dir='ltr'><strong>quem</strong></span> <span class='ocrx_word' id='word_1_705' title='bbox 1105 5418 1285 5470; x_wconf 84' lang='lat' dir='ltr'><strong>omnia</strong></span> <span class='ocrx_word' id='word_1_706' title='bbox 1316 5424 1473 5470; x_wconf 89' lang='lat' dir='ltr'><strong>erant</strong></span> <span class='ocrx_word' id='word_1_707' title='bbox 1493 5456 1508 5481; x_wconf 95' lang='lat'><strong>,</strong></span> <span class='ocrx_word' id='word_1_708' title='bbox 1542 5423 1834 5485; x_wconf 88' lang='lat' dir='ltr'><strong>antequam</strong></span> <span class='ocrx_word' id='word_1_709' title='bbox 1890 5413 2080 5466; x_wconf 79' lang='lat' dir='ltr'><strong>tierent</strong></span> <span class='ocrx_word' id='word_1_710' title='bbox 2107 5436 2115 5477; x_wconf 72' lang='grc' dir='ltr'>ς</span> 
     </span>
    </p>
   </div>
   <div class='ocr_carea' id='block_1_64' title="bbox 2255 5413 3836 5502">
    <p class='ocr_par' dir='ltr' id='par_1_64' title="bbox 2305 5429 3836 5502">
     <span class='ocr_line' id='line_1_64' title="bbox 2305 5429 3836 5502; baseline -0.005 -14"><span class='ocrx_word' id='word_1_711' title='bbox 2305 5433 2604 5488; x_wconf 83' lang='lat' dir='ltr'><strong>Instaurare</strong></span> <span class='ocrx_word' id='word_1_712' title='bbox 2634 5432 2806 5487; x_wconf 90' lang='lat' dir='ltr'><strong>omnia</strong></span> <span class='ocrx_word' id='word_1_713' title='bbox 2837 5433 2888 5486; x_wconf 90' lang='lat' dir='ltr'><strong>in</strong></span> <span class='ocrx_word' id='word_1_714' title='bbox 2915 5431 3141 5498; x_wconf 86' lang='lat' dir='ltr'><strong>Christo,</strong></span> <span class='ocrx_word' id='word_1_715' title='bbox 3171 5446 3287 5502; x_wconf 73' lang='lat' dir='ltr'><strong>qua:</strong></span> <span class='ocrx_word' id='word_1_716' title='bbox 3308 5430 3361 5484; x_wconf 88' lang='lat' dir='ltr'><strong>in</strong></span> <span class='ocrx_word' id='word_1_717' title='bbox 3406 5429 3549 5485; x_wconf 73' lang='lat' dir='ltr'><strong>caelis</strong></span> <span class='ocrx_word' id='word_1_718' title='bbox 3574 5471 3590 5495; x_wconf 89' lang='lat'><strong>,</strong></span> <span class='ocrx_word' id='word_1_719' title='bbox 3640 5438 3690 5484; x_wconf 88' lang='lat' dir='ltr'><strong>et</strong></span> <span class='ocrx_word' id='word_1_720' title='bbox 3717 5443 3836 5498; x_wconf 80' lang='lat' dir='ltr'><strong>qua:</strong></span> 
     </span>
    </p>
   </div>
   <div class='ocr_carea' id='block_1_65' title="bbox 531 5505 2112 5596">
    <p class='ocr_par' dir='ltr' id='par_1_65' title="bbox 531 5505 2112 5582">
     <span class='ocr_line' id='line_1_65' title="bbox 531 5505 2112 5582; baseline -0.006 -15"><span class='ocrx_word' id='word_1_721' title='bbox 531 5529 641 5567; x_wconf 89' lang='lat' dir='ltr'><strong>non</strong></span> <span class='ocrx_word' id='word_1_722' title='bbox 675 5522 734 5567; x_wconf 91' lang='lat' dir='ltr'><strong>ut</strong></span> <span class='ocrx_word' id='word_1_723' title='bbox 763 5511 981 5582; x_wconf 87' lang='lat' dir='ltr'><strong>quidam</strong></span> <span class='ocrx_word' id='word_1_724' title='bbox 1017 5508 1256 5562; x_wconf 76' lang='lat' dir='ltr'><strong>lucretici</strong></span> <span class='ocrx_word' id='word_1_725' title='bbox 1289 5507 1579 5572; x_wconf 86' lang='lat' dir='ltr'><strong>somniant,</strong></span> <span class='ocrx_word' id='word_1_726' title='bbox 1615 5507 1828 5562; x_wconf 86' lang='lat' dir='ltr'><strong>animas</strong></span> <span class='ocrx_word' id='word_1_727' title='bbox 1875 5513 2038 5560; x_wconf 85' lang='lat' dir='ltr'><strong>antea</strong></span> <span class='ocrx_word' id='word_1_728' title='bbox 2073 5505 2112 5558; x_wconf 85' lang='lat' dir='ltr'><strong>ir</strong></span> 
     </span>
    </p>
   </div>
   <div class='ocr_carea' id='block_1_66' title="bbox 2246 5505 3827 5596">
    <p class='ocr_par' dir='ltr' id='par_1_66' title="bbox 2246 5522 3827 5596">
     <span class='ocr_line' id='line_1_66' title="bbox 2246 5522 3827 5596; baseline -0.003 -16"><span class='ocrx_word' id='word_1_729' title='bbox 2246 5530 2284 5580; x_wconf 59' lang='lat' dir='ltr'><strong>7n</strong></span> <span class='ocrx_word' id='word_1_730' title='bbox 2315 5537 2451 5580; x_wconf 85' lang='lat' dir='ltr'><strong>terra</strong></span> <span class='ocrx_word' id='word_1_731' title='bbox 2477 5526 2670 5579; x_wconf 84' lang='lat' dir='ltr'><strong>suntin</strong></span> <span class='ocrx_word' id='word_1_732' title='bbox 2699 5527 2831 5596; x_wconf 82' lang='lat' dir='ltr'><strong>ipso.</strong></span> <span class='ocrx_word' id='word_1_733' title='bbox 2859 5525 3011 5580; x_wconf 86' lang='lat' dir='ltr'><strong>Multi</strong></span> <span class='ocrx_word' id='word_1_734' title='bbox 3034 5540 3196 5594; x_wconf 90' lang='lat' dir='ltr'><strong>super</strong></span> <span class='ocrx_word' id='word_1_735' title='bbox 3215 5525 3316 5580; x_wconf 90' lang='lat' dir='ltr'><strong>hac</strong></span> <span class='ocrx_word' id='word_1_736' title='bbox 3344 5539 3402 5579; x_wconf 89' lang='lat' dir='ltr'><strong>re</strong></span> <span class='ocrx_word' id='word_1_737' title='bbox 3431 5523 3652 5580; x_wconf 85' lang='lat' dir='ltr'><strong>diversa</strong></span> <span class='ocrx_word' id='word_1_738' title='bbox 3679 5522 3827 5578; x_wconf 79' lang='lat' dir='ltr'><strong>dixe-</strong></span> 
     </span>
    </p>
   </div>
   <div class='ocr_carea' id='block_1_67' title="bbox 529 5604 2110 5685">
    <p class='ocr_par' dir='ltr' id='par_1_67' title="bbox 529 5604 1226 5674">
     <span class='ocr_line' id='line_1_67' title="bbox 529 5604 1226 5674; baseline 0 -18"><span class='ocrx_word' id='word_1_739' title='bbox 529 5607 668 5660; x_wconf 72' lang='lat' dir='ltr'><strong>coelo</strong></span> <span class='ocrx_word' id='word_1_740' title='bbox 687 5604 858 5660; x_wconf 80' lang='lat' dir='ltr'><strong>fuisse</strong></span> <span class='ocrx_word' id='word_1_741' title='bbox 890 5612 1226 5674; x_wconf 76' lang='lat' dir='ltr'><strong>segregatas.</strong></span> 
     </span>
    </p>
   </div>
   <div class='ocr_carea' id='block_1_68' title="bbox 2248 5604 3829 5685">
    <p class='ocr_par' dir='ltr' id='par_1_68' title="bbox 2248 5614 3829 5685">
     <span class='ocr_line' id='line_1_68' title="bbox 2248 5614 3829 5685; baseline -0.004 -12"><span class='ocrx_word' id='word_1_742' title='bbox 2248 5628 2381 5673; x_wconf 69' lang='lat' dir='ltr'><strong>&#39;unt.</strong></span> <span class='ocrx_word' id='word_1_743' title='bbox 2418 5616 2550 5670; x_wconf 85' lang='lat' dir='ltr'><strong>Nam</strong></span> <span class='ocrx_word' id='word_1_744' title='bbox 2580 5615 2800 5685; x_wconf 86' lang='lat' dir='ltr'><strong>quidam</strong></span> <span class='ocrx_word' id='word_1_745' title='bbox 2829 5616 2982 5671; x_wconf 89' lang='lat' dir='ltr'><strong>aiunt</strong></span> <span class='ocrx_word' id='word_1_746' title='bbox 3023 5617 3229 5681; x_wconf 74' lang='lat' dir='ltr'><strong>cwlos,</strong></span> <span class='ocrx_word' id='word_1_747' title='bbox 3269 5614 3480 5669; x_wconf 88' lang='lat' dir='ltr'><strong>animas</strong></span> <span class='ocrx_word' id='word_1_748' title='bbox 3502 5654 3518 5680; x_wconf 94' lang='lat'><strong>,</strong></span> <span class='ocrx_word' id='word_1_749' title='bbox 3576 5623 3786 5669; x_wconf 85' lang='lat' dir='ltr'><strong>terram</strong></span> <span class='ocrx_word' id='word_1_750' title='bbox 3817 5653 3829 5676; x_wconf 87' lang='lat'><strong>,</strong></span> 
     </span>
    </p>
   </div>
   <div class='ocr_carea' id='block_1_69' title="bbox 525 5692 2106 5779">
    <p class='ocr_par' dir='ltr' id='par_1_69' title="bbox 525 5692 1613 5769">
     <span class='ocr_line' id='line_1_69' title="bbox 525 5692 1613 5769; baseline -0.001 -22"><span class='ocrx_word' id='word_1_751' title='bbox 525 5743 532 5758; x_wconf 74' lang='grc'><em>,</em></span> <span class='ocrx_word' id='word_1_752' title='bbox 566 5693 668 5769; x_wconf 65' lang='lat' dir='ltr'><strong>~In</strong></span> <span class='ocrx_word' id='word_1_753' title='bbox 693 5704 963 5766; x_wconf 82' lang='lat' dir='ltr'><strong>conspectu</strong></span> <span class='ocrx_word' id='word_1_754' title='bbox 991 5694 1122 5765; x_wconf 84' lang='lat' dir='ltr'><strong>ejus.</strong></span> <span class='ocrx_word' id='word_1_755' title='bbox 1163 5692 1281 5761; x_wconf 72' lang='lat' dir='ltr'><strong>Non</strong></span> <span class='ocrx_word' id='word_1_756' title='bbox 1315 5693 1613 5750; x_wconf 80' lang='lat' dir='ltr'><strong>hominum.</strong></span> 
     </span>
    </p>
   </div>
   <div class='ocr_carea' id='block_1_70' title="bbox 2251 5692 3832 5779">
    <p class='ocr_par' dir='ltr' id='par_1_70' title="bbox 2251 5703 3832 5779">
     <span class='ocr_line' id='line_1_70' title="bbox 2251 5703 3832 5779; baseline -0.002 -16"><span class='ocrx_word' id='word_1_757' title='bbox 2251 5722 2458 5778; x_wconf 82' lang='lat' dir='ltr'><strong>:orpora</strong></span> <span class='ocrx_word' id='word_1_758' title='bbox 2497 5705 2830 5779; x_wconf 85' lang='lat' dir='ltr'><strong>accipienda.</strong></span> <span class='ocrx_word' id='word_1_759' title='bbox 2860 5707 2972 5766; x_wconf 85' lang='lat' dir='ltr'><strong>Alii</strong></span> <span class='ocrx_word' id='word_1_760' title='bbox 2997 5708 3184 5776; x_wconf 77' lang='lat' dir='ltr'><strong>ccelos,</strong></span> <span class='ocrx_word' id='word_1_761' title='bbox 3231 5705 3451 5768; x_wconf 79' lang='lat' dir='ltr'><strong>Judaeos</strong></span> <span class='ocrx_word' id='word_1_762' title='bbox 3476 5745 3490 5771; x_wconf 91' lang='lat'><strong>,</strong></span> <span class='ocrx_word' id='word_1_763' title='bbox 3519 5704 3615 5774; x_wconf 89' lang='lat' dir='ltr'><strong>qui</strong></span> <span class='ocrx_word' id='word_1_764' title='bbox 3661 5703 3832 5761; x_wconf 73' lang='lat' dir='ltr'><strong>eccle-</strong></span> 
     </span>
    </p>
   </div>
  </div>
