4008 6188
196 201 303 259 825

876 199 1419 260 COMMENTARiUS
1458 200 1523 258 IN
1562 198 1952 260 EPISTOLAM
1990 200 2085 259 AD
2125 202 2481 265 EPHESiOS.
2523 206 2679 264 CAP.
2722 208 2789 263 ll.

3370 211 3479 270 828

202 319 304 376 Stia
328 324 600 390 praecepta
629 315 931 373 habuerant
965 324 1209 372 :terram
1238 330 1361 373 esse
1409 316 1646 388 gentiles
1695 315 1781 372 af-
1808 313 1865 377 Δ
1888 329 2082 373 omnes
2107 329 2329 389 propter
2359 321 2538 390 ipsum
2581 319 2873 391 diligerent
2906 326 3159 380 sanctus?
3216 323 3322 381 Sed
3372 327 3476 383 hoc

198 404 439 466 ﬁrmant.
470 409 577 465 Alii
608 425 738 467 vero
764 419 1044 478 asserunt,
1078 425 1184 466 non
1236 410 1462 482 angelos
1489 425 1588 481 per
1613 411 1786 467 caelos

195 502 517 573 significari,
548 502 645 557 sed
676 517 862 559 eorum
893 502 1179 558 scientiam
1212 520 1225 556 :
1266 517 1333 559 ex
1388 502 1590 557 Christi
1643 504 1788 559 enim

199 605 445 666 tempore
469 594 790 665 profecisse,
823 596 914 665 qui
942 603 1215 665 tamquam
1271 594 1448 666 ignari
1479 596 1786 666 interroga-

196 688 328 743 bant
370 704 382 741 :
415 686 548 755 Quis
569 695 655 743 est
684 689 787 744 iste
810 703 904 744 rex
931 688 1160 760 glorise?
1193 688 1255 744 Et
1283 689 1552 746 docentur
1597 689 1789 745 Domi-

196 800 326 840 num
376 799 499 842 eum
538 799 664 841 esse
709 786 993 842 virtutum.
1038 786 1144 843 Sed
1190 786 1447 856 quoniam
1494 786 1789 845 instaurari

195 893 305 933 non
336 877 534 933 dicitur
565 878 669 934 nisi
693 878 927 950 lapsum,
953 879 1151 935 melius
1180 886 1286 947 est,
1316 880 1361 935 si
1394 894 1588 935 eorum
1640 895 1776 951 gau-

195 969 346 1025 dium
370 969 423 1024 in
451 970 626 1027 salute
648 969 926 1027 hominum
953 972 1312 1028 instauratum
1338 986 1460 1029 esse
1486 972 1739 1028 dicamus
1769 989 1781 1026 :

192 1065 341 1136 quod
367 1064 669 1121 habuerant
697 1073 993 1138 antequam
1018 1066 1269 1122 homines
1309 1082 1341 1121 a
1365 1065 1576 1136 justitia
1626 1064 1786 1132 peni-

195 1166 285 1211 tus
318 1157 678 1214 declinarent.
728 1157 788 1213 In
830 1167 972 1215 terra
1025 1172 1159 1214 vero
1203 1158 1568 1213 instauratum
1615 1170 1787 1227 genus

190 1249 475 1307 hominum
503 1266 599 1321 per
625 1248 923 1318 Christum,
954 1251 1136 1306 nullus
1166 1250 1401 1321 ignorat.

267 1343 333 1396 In
360 1359 460 1414 quo
485 1343 641 1397 etiam
670 1360 764 1398 nos
792 1351 927 1398 sorte
957 1342 1123 1396 vocati
1168 1355 1366 1394 sumus.
1417 1337 1529 1394 Nos
1577 1339 1667 1410 qui
1719 1354 1787 1396 ex

186 1437 391 1494 ludatis
426 1436 723 1493 credimus.

262 1527 657 1583 Pnedestinati.
685 1526 789 1583 Per
818 1524 1011 1591 ﬁdem,
1050 1525 1166 1580 sive
1191 1524 1531 1597 przecogniti.

261 1620 569 1678 Secundum
604 1622 930 1693 propositum
958 1621 1089 1692 ejus.
1125 1618 1413 1690 Pmposuit
1453 1618 1636 1674 omnia
1687 1632 1779 1674 re-

191 1721 465 1779 staurare,
498 1712 595 1769 sed
624 1713 801 1783 primo
823 1726 956 1766 oves
985 1709 1225 1780 perditas
1267 1710 1464 1765 domus
1484 1709 1672 1766 Israel.

264 1807 369 1872 Qui
395 1816 636 1878 cperatur
661 1805 855 1859 omnia.
891 1803 1147 1860 Omnium
1197 1803 1393 1859 horum
1440 1818 1640 1869 causa,
1692 1819 1783 1858 vo-

193 1901 383 1955 luntas
412 1898 515 1954 Dei
538 1907 623 1954 est
669 1913 684 1952 :
732 1912 896 1966 quam
938 1895 1323 1952 rationabilem
1366 1909 1489 1952 esse
1524 1908 1631 1951 non
1685 1894 1784 1951 du-

186 1993 342 2050 bium
376 2001 481 2048 est.

262 2084 573 2140 Secundum
612 2084 884 2139 comitium
925 2084 1210 2139 voluntatis
1250 2099 1381 2139 suae.
1431 2082 1552 2138 Non
1593 2096 1787 2139 secun-

189 2179 319 2235 dum
362 2178 554 2233 merita
598 2185 805 2233 nostra.

264 2270 335 2327 Ut
364 2271 527 2326 simus
550 2272 605 2325 in
636 2270 845 2325 laudent
865 2268 1054 2341 gloria:
1078 2270 1216 2341 ejus.
1265 2268 1335 2325 Ut
1368 2283 1465 2339 per
1494 2282 1787 2325 conversa-

193 2366 399 2420 tionem
429 2371 701 2431 nostram,
730 2372 785 2420 et
813 2360 966 2433 signa
998 2377 1122 2435 qua:
1151 2361 1400 2427 facimus,
1429 2360 1587 2417 detur
1611 2362 1787 2433 gloria

191 2457 326 2514 Deo.

262 2548 381 2604 Nos
406 2548 496 2621 qui
521 2557 641 2604 ante
669 2549 985 2621 speravimus
1008 2548 1061 2601 in
1092 2545 1323 2601 Christo.
1369 2545 1479 2602 Nos
1528 2548 1785 2618 apostoli,

188 2640 277 2696 vel
305 2640 502 2705 Judaii,
528 2638 621 2710 qui
654 2640 868 2709 priores
890 2638 1229 2694 credidimus
1270 2635 1525 2708 Christo,
1564 2640 1683 2697 sive
1720 2656 1788 2697 ex

190 2735 311 2803 lege
355 2732 815 2803 exspectavimus.

260 2827 331 2882 In
379 2843 481 2897 quo
545 2834 590 2881 et
638 2842 728 2881 vos
780 2841 897 2880 cum
934 2825 1213 2881 audissetis
1252 2828 1459 2882 verbum
1511 2829 1784 2897 veritatis,

193 2919 530 2993 Et'angelium
576 2918 762 2974 salutis
790 2928 986 2974 vestrae.
1036 2918 1095 2974 In
1125 2933 1233 2991 quo
1264 2919 1428 2975 etiam
1460 2921 1617 2976 vobis
1646 2936 1779 2992 gen-

192 3013 332 3070 tibus
386 3012 703 3068 annuntiata
740 3020 828 3067 est
856 3013 1026 3067 salus.

1900 411 2057 482 petit,
2082 420 2143 467 ut
2171 412 2414 482 perfecte
2441 424 2742 485 agnoscant
2780 416 3209 487 magnitudinem
3239 419 3357 489 ejus
3412 428 3498 475 at-

1893 519 2002 577 que
2030 504 2310 573 virtutem,
2345 522 2447 576 qua
2482 514 2663 577 potest
2686 508 2951 577 promissa
2985 510 3226 579 praemia,
3260 510 3346 567 vel
3377 526 3495 582 pte-

1894 613 1993 654 nas
2024 598 2250 681 implere
2272 600 2700 672 magnitudinem
2734 620 2745 654 :
2772 602 2864 672 qui
2892 616 3015 657 cum
3048 603 3253 675 ubique
3273 605 3380 674 sit,
3406 607 3490 661 ni-

1894 688 1971 744 hil
2002 705 2127 746 eum
2152 700 2330 762 potest
2355 693 2579 748 omnino
2622 692 2951 765 laterezqui
2996 695 3144 749 enim
3200 710 3299 765 pro
3340 706 3494 753 certo

1893 785 2237 854 cognoverit,
2266 785 2419 841 nullo
2450 786 2651 856 pot‘erit
2685 789 2739 840 in
2770 786 2890 842 loco
2918 801 3185 858 peccare;
3219 804 3342 843 nam
3400 789 3494 859 qui

1894 878 2196 933 humanum
2226 879 2600 935 testimonium
2626 879 2937 949 erubescit,
2988 879 3160 935 multo
3196 880 3369 950 magis
3411 881 3494 936 di-

1891 968 2079 1026 vinum
2113 972 2317 1041 poterit
2344 972 2608 1028 revereri.
2644 971 2801 1029 Unde
2832 972 2931 1027 ﬁlii
2962 972 3044 1028 Eli
3071 987 3194 1028 eum
3226 974 3489 1029 sacerdo-

1892 1068 1976 1117 tes
2002 1071 2223 1131 essent,
2259 1063 2428 1119 Deum
2461 1064 2704 1120 nescisse
2733 1063 3031 1119 dicuntur:
3061 1064 3185 1134 quia
3239 1078 3487 1134 praisen-

1891 1154 2021 1210 tiam
2040 1165 2094 1209 et
2117 1157 2414 1225 potentiam
2433 1156 2551 1227 ejus
2575 1157 2802 1213 minime
2826 1157 3146 1213 timuerunt.
3166 1156 3236 1211 Et
3253 1156 3492 1212 Joannes

1889 1246 2189 1317 Apostolus
2214 1262 2436 1304 omnem
2469 1248 2561 1320 qui
2615 1259 2841 1320 peccat,
2896 1250 3064 1307 Deum
3117 1266 3224 1305 non
3282 1265 3489 1323 cogno-

1888 1339 2033 1397 visse
2060 1340 2371 1396 conﬁrmat.

1961 1430 2298 1489 Illuminatos
2346 1434 2520 1489 oculos
2573 1434 2746 1489 cordis
2778 1437 2949 1491 vestri.
2998 1436 3315 1506 Spiritualia
3357 1451 3485 1508 pro-

1888 1525 2053 1579 missa
2087 1542 2196 1580 non
2229 1526 2336 1581 nisi
2364 1526 2744 1596 spiritualihus
2775 1527 2950 1581 oculis
2996 1527 3376 1598 pervidentnr.

1963 1617 2031 1673 Ut
2058 1620 2233 1673 sciatis
2254 1664 2267 1689 ,
2295 1636 2410 1691 qua:
2445 1620 2511 1673 sit
2539 1636 2656 1689 spes
2684 1621 2971 1675 vocationis
3002 1624 3136 1693 ejus,
3167 1630 3215 1674 et
3243 1636 3360 1690 qua:
3407 1620 3492 1673 di-

1815 1704 1862 1766 B
1887 1711 2027 1766 vitia:
2056 1711 2239 1784 gloria:
2265 1710 2584 1768 hwreditatis
2606 1714 2722 1783 ejus
2750 1713 2805 1767 in
2832 1714 3043 1767 sanctis.
3089 1711 3148 1769 Si
3179 1710 3396 1767 sciretis
3423 1711 3491 1766 ad

1888 1814 2145 1876 quantam
2198 1819 2350 1873 Spem
2396 1806 2570 1860 vocati
2614 1807 2786 1872 estis,
2830 1822 3047 1863 omnem
3104 1820 3256 1876 spem
3303 1805 3492 1861 saaculi

1887 1897 2045 1955 facile
2075 1899 2537 1965 contemneretis,
2573 1906 2629 1954 et
2654 1899 2700 1953 si
2729 1899 2950 1954 divitias
2998 1899 3341 1955 haereditatis
3380 1898 3477 1954 Dei

1888 1990 2177 2058 videretis,
2211 1990 2392 2045 omnis
2418 1998 2639 2046 terrena
2673 1989 2829 2046 vobis
2876 1991 3123 2046 horrebit
3168 1990 3485 2047 hatreditas.

1888 2084 2061 2141 Nemo
2092 2082 2237 2141 enim
2260 2098 2487 2155 regnum
2519 2098 2642 2138 cum
2675 2084 2872 2153 epihus
2900 2083 3013 2138 suis
3065 2095 3297 2154 sperans
3329 2096 3492 2138 cura-

1888 2185 1976 2235 tor
1997 2193 2156 2246 esse,
2184 2186 2242 2234 et
2288 2176 2623 2234 mediocrem
2668 2176 3030 2233 substantiam
3076 2175 3360 2248 possidere
3408 2175 3493 2232 di-

1893 2279 2111 2343 gnatur.

1965 2363 2031 2417 Et
2052 2378 2167 2434 qua:
2192 2363 2259 2416 sit
2280 2360 2664 2434 supereminens
2706 2359 3016 2429 magnitudo
3040 2360 3247 2415 virtutis
3290 2363 3405 2433 ejus
3437 2360 3491 2416 in

1889 2477 2006 2526 nos,
2034 2460 2124 2529 qui
2143 2459 2399 2513 credimus
2426 2456 2709 2511 secundum
2730 2456 3081 2524 operationem
3112 2458 3359 2527 potentia:
3388 2458 3492 2511 vir-

1891 2553 2014 2607 tutis
2036 2553 2170 2623 ejus,
2205 2565 2359 2619 quam
2381 2558 2628 2621 aperatus
2650 2556 2724 2601 est
2758 2547 2810 2601 in
2830 2544 3037 2603 Christo
3066 2545 3215 2614 Iesu,
3234 2548 3492 2604 suscitans

1889 2648 2039 2704 illum
2066 2646 2355 2701 amortuis.
2407 2644 2597 2701 Omnis
2628 2641 2945 2713 magnitudo
2988 2642 3252 2699 virtutum
3287 2642 3404 2709 Dei,
3434 2641 3490 2697 in

1890 2752 2105 2807 natura,
2138 2741 2221 2797 vel
2246 2741 2369 2812 lege
2390 2737 2810 2810 supereminet,
2862 2736 2989 2806 quia
3037 2737 3293 2807 praestitit
3331 2737 3493 2795 Chri-

1889 2835 2100 2899 stianis,
2126 2842 2185 2888 ut
2222 2832 2363 2888 Filio
2410 2846 2512 2887 suo
2554 2844 2665 2885 non
2709 2833 2963 2899 parceret
2997 2844 3010 2881 :
3044 2836 3105 2883 ut
3150 2841 3274 2883 eum
3322 2838 3490 2899 caput

1890 2935 2136 2983 nostrum
2165 2925 2386 2992 factum,
2413 2922 2481 2978 ad
2532 2936 2685 2977 suam
2735 2919 3019 2976 dexteram
3060 2918 3114 2974 in
3167 2919 3489 2978 ctrlestibus

1888 3019 2200 3074 collocaret.

257 3106 325 3160 In
352 3122 457 3177 quo
480 3103 764 3159 credentes.
798 3104 854 3158 Iu
884 3118 993 3175 quo
1021 3103 1336 3174 Evangelio,
1361 3103 1481 3160 sive
1528 3102 1775 3162 Christo.
1813 3095 1859 3160 C
1960 3110 2030 3167 Et
2055 3110 2370 3166 constituens
2396 3108 2465 3163 ad
2494 3105 2762 3161 dexteram
2781 3120 2932 3160 suam
2960 3106 3015 3161 in
3037 3104 3349 3160 cmlestibus.
3378 3105 3481 3161 Hic

262 3198 476 3271 Signati
505 3198 625 3252 estis
647 3197 837 3268 spiritu
868 3197 1232 3268 promissionis
1258 3205 1458 3267 sancto,
1488 3200 1575 3269 qui
1605 3206 1677 3253 est
1708 3198 1789 3269 pi-

188 3310 319 3368 gnus
364 3290 683 3346 haereditatis
723 3299 935 3345 ποεῖν-αῖ.
987 3288 1124 3346 Hinc
1178 3290 1571 3360 cognoscintini
1619 3306 1785 3348 unum

190 3399 331 3450 esse,
355 3384 478 3454 quia
501 3381 751 3440 eumdem
774 3381 1021 3453 spiritum
1046 3383 1335 3453 accepistis
1365 3399 1379 3438 :
1410 3382 1565 3453 cujus
1591 3383 1740 3452 signa
1766 3425 1783 3453 ,

187 3479 347 3533 arrha
402 3486 531 3533 sunt
577 3476 908 3533 haereditatis
970 3476 1186 3531 futurae.
1265 3476 1322 3533 Si
1360 3491 1490 3548 ergo
1535 3487 1785 3533 mortuos

189 3572 460 3627 suscitare
512 3568 673 3625 arrha
719 3577 833 3635 est,
895 3579 1095 3641 quanta
1141 3569 1246 3624 erit
1299 3568 1403 3624 ista
1460 3569 1777 3640 possessio!

190 3664 390 3733 Pignus
413 3679 548 3720 vero
576 3663 861 3735 promissis
896 3663 1055 3719 ﬁdem
1084 3673 1346 3733 cperatur
1393 3663 1592 3734 spiritu
1655 3679 1783 3733 pro-

189 3758 489 3826 missionis,
520 3756 610 3827 qui
641 3773 751 3813 non
795 3756 950 3813 carni
981 3757 1285 3828 promissus
1316 3765 1418 3811 cst.

256 3848 321 3903 In
346 3849 757 3922 redemptionem
783 3849 1140 3916 acquisitionis
1164 3889 1179 3914 ,
1231 3850 1285 3902 in
1343 3847 1549 3904 laudem
1596 3848 1782 3921 gloria:

184 3943 365 4013 ipsius.
396 3943 552 4011 Quos
579 3940 902 3997 redimendo
932 3956 1032 3996 suo
1060 3942 1323 4011 sanguine
1345 3941 1629 4011 acquisivit
1658 3982 1674 4010 ,
1721 3950 1781 3998 ut

186 4037 345 4093 etiam
371 4037 426 4091 in
462 4037 565 4089 hoc
593 4033 877 4089 laudemus
915 4033 1145 4102 gloriam
1169 4033 1308 4103 ejus.

262 4127 548 4197 Propterea
575 4134 624 4180 et
649 4141 744 4197 ego
772 4124 991 4178 audiens
1017 4124 1172 4194 ﬁdem
1198 4133 1418 4178 vestram
1443 4165 1458 4192 ,
1488 4141 1603 4196 qua:
1631 4134 1703 4181 est
1725 4126 1780 4181 in

186 4218 393 4273 Christo
419 4217 568 4273 Jesu.
602 4217 775 4284 Quam
808 4216 1039 4272 ﬁrmiter
1079 4217 1310 4273 teneatis
1339 4216 1499 4273 ﬁdem
1525 4217 1675 4274 Jesu.

255 4312 322 4367 Et
362 4312 688 4368 dilectionem
714 4312 765 4365 in
788 4328 961 4366 omnes
989 4320 1216 4366 sanctos.
1272 4311 1390 4366 Hoc
1435 4321 1558 4379 est,
1607 4311 1771 4367 ﬁdem

189 4406 449 4475 operibus
475 4403 847 4476 comprobatis
881 4422 892 4457 :
922 4414 977 4459 et
1005 4418 1197 4459 omnes
1231 4403 1404 4459 bonos
1433 4404 1553 4459 sine
1609 4418 1777 4459 cxce-

1890 3206 2111 3263 dextera
2167 3218 2267 3275 pro
2320 3202 2529 3257 honore
2583 3200 2845 3271 ponitur:
2880 3211 2951 3251 ne
2990 3196 3139 3252 Deus
3183 3209 3485 3265 corporeus

1891 3314 2013 3357 esse
2041 3298 2316 3355 credatur.
2350 3296 2483 3351 Nam
2507 3304 2562 3352 et
2586 3304 2742 3366 pater
2765 3308 2797 3347 a
2821 3291 3033 3348 dextris
3059 3304 3184 3347 esse
3225 3290 3487 3346 scribitur

1887 3390 2115 3447 Christi.
2146 3390 2487 3453 Dominus,a
2516 3385 2726 3440 dextris
2775 3383 2904 3445 tuis,
2956 3380 3227 3451 confregit
3273 3380 3329 3435 in
3391 3380 3482 3435 die

1888 3483 1983 3538 ira:
2011 3497 2127 3538 suae
2154 3493 2338 3549 reges.
2374 3476 2554 3531 Ambo
2581 3488 2710 3544 ergo
2732 3488 2762 3527 a
2791 3471 3000 3527 dextris
3040 3478 3168 3527 sunt
3200 3489 3212 3525 :
3244 3470 3371 3542 quia
3402 3470 3488 3526 ni-

1886 3577 1960 3634 hil
1988 3584 2073 3632 est
2094 3575 2147 3629 in
2176 3572 2463 3627 divinitate
2487 3568 2787 3622 sinistrum.

1958 3668 2129 3737 Super
2156 3678 2358 3717 omnem
2387 3659 2760 3732 principatum,
2790 3665 2837 3711 et
2858 3662 3171 3730 potestatem
3196 3698 3211 3723 ,
3242 3664 3292 3712 et
3320 3656 3482 3711 virtu-

1884 3769 2006 3823 tem,
2039 3766 2085 3811 et
2109 3754 2539 3811 dominationem.
2572 3750 2709 3819 Quia
2735 3765 2902 3804 unum
2925 3758 3009 3804 est
3049 3748 3164 3819 jam
3208 3763 3335 3804 cum
3367 3747 3482 3804 Deo

1882 3858 2194 3922 assumptus
2218 3847 2402 3911 homo,
2429 3844 2523 3916 qui
2560 3844 2856 3899 suscitatus
2878 3850 2985 3898 est.

1953 3941 2022 3996 Et
2056 3955 2207 3994 omne
2243 3952 2427 3992 nomen
2479 3934 2616 4004 quod
2676 3933 2979 3987 nominatur
3008 3947 3027 3985 :
3057 3946 3162 3986 non
3202 3930 3373 3986 solum
3426 3930 3484 3985 in

1883 4039 1980 4093 hoc
2003 4033 2217 4098 sazculo,
2245 4032 2335 4087 sed
2355 4031 2507 4085 etiam
2537 4032 2587 4083 in
2626 4030 2827 4100 futuro.
2859 4028 2917 4083 Si
2948 4026 3092 4097 quod
3118 4034 3201 4081 est
3224 4025 3395 4080 aliud.

1953 4127 2023 4182 Et
2049 4128 2218 4181 omnia
2247 4123 2464 4197 subjecit
2490 4123 2584 4178 sub
2613 4121 2830 4195 pedibus
2872 4123 3006 4193 ejus.
3043 4119 3108 4173 Et
3133 4119 3304 4188 ipsum
3331 4118 3477 4171 dedit

1883 4229 2038 4293 caput
2066 4235 2223 4289 super
2248 4232 2456 4272 omnem
2479 4214 2791 4277 Ecclesium,
2821 4227 2940 4284 qua:
2961 4220 3035 4266 est
3060 4226 3247 4282 corpus
3284 4209 3473 4279 ipsius,

1882 4322 1931 4368 et
1959 4311 2228 4383 plenitudo
2253 4310 2386 4381 ejus.
2413 4307 2659 4364 Ecclesia
2694 4305 2937 4361 omnium
2979 4300 3261 4374 plenitudo
3307 4316 3481 4356 ment-

1884 4406 2103 4462 brorum
2138 4413 2241 4459 est.

186 4498 363 4564 ptione
406 4511 657 4568 personas
686 4495 771 4550 vrl
801 4494 1013 4551 notitia:
1043 4494 1289 4566 diligitis.
1340 4493 1547 4551 Cavere
1585 4506 1769 4551 autem
1798 4485 1854 4547 D
1950 4499 2054 4568 Qui
2080 4498 2252 4552 omnia
2284 4496 2337 4550 in
2366 4494 2603 4550 omnibus
2630 4493 2972 4565 adimpletur.
3013 4487 3245 4557 Quando
3274 4502 3472 4544 omnes

183 4601 211 4640 a
245 4587 765 4659 pseudoprophetis,
798 4596 855 4643 et
900 4601 1006 4642 non
1067 4588 1214 4642 omni
1251 4587 1463 4658 Spiritui
1517 4589 1767 4658 credere,

186 4687 238 4734 et
264 4696 369 4736 non
398 4690 529 4736 ante
562 4679 944 4752 probationem
974 4680 1129 4735 nobis
1157 4680 1403 4750 judicare
1431 4682 1765 4752 prmcipitur.

252 4770 375 4825 Non
400 4790 539 4829 cesso
564 4772 759 4845 gratias
781 4788 941 4844 agens
970 4787 1062 4839 pro
1090 4771 1249 4837 vobis,
1284 4774 1586 4827 memoriam
1610 4776 1769 4829 vestri

184 4861 377 4930 faciens
403 4866 457 4919 in
481 4864 803 4919 orationibus
832 4863 979 4918 meis.
1016 4861 1132 4918 Non
1159 4863 1455 4934 utquidam
1498 4864 1771 4935 injucun-

185 4954 348 5013 ditate
376 4959 610 5014 convivii
646 4976 659 5012 :
691 4957 825 5012 mihi
868 4967 1050 5012 autem
1085 4956 1221 5012 nihil
1275 4958 1521 5014 oratione
1573 4958 1769 5030 jucun-

183 5047 322 5104 dius.

257 5139 321 5193 Ut
352 5140 489 5197 Deus
513 5144 723 5201 Domini
752 5144 916 5201 nostri
934 5142 1062 5198 Jesu
1096 5141 1327 5213 Christi,
1362 5143 1525 5199 Pater
1562 5147 1764 5219 gloriw,

186 5234 268 5287 det
291 5238 424 5293 vobis
443 5243 687 5310 spiritum
714 5244 986 5315 sapientia:
1010 5250 1057 5297 et
1087 5241 1432 5297 reuelationis.
1456 5242 1767 5299 Notandum

186 5326 312 5393 quia
362 5328 518 5386 ﬁdem
562 5344 614 5390 et
660 5336 982 5392 charitatem
1019 5333 1351 5391 habentibus
1376 5377 1391 5401 ,
1432 5336 1696 5406 sapientia
1737 5353 1768 5394 a

187 5417 416 5474 Domino
441 5427 798 5492 prmdicatur:
830 5439 1058 5487 noverat
1097 5430 1240 5486 enim
1286 5428 1614 5501 adiutricem
1647 5445 1770 5490 esse

187 5510 462 5569 virtutum.

265 5604 331 5657 In
357 5610 667 5680 agnitionem
691 5620 820 5686 ejus.
852 5620 1141 5687 Quomodo
1178 5629 1331 5692 optat
1370 5633 1425 5677 ut
1466 5631 1770 5694 agnoscant

195 5694 387 5767 Deum,
421 5716 576 5771 quem
608 5722 774 5783 usque
804 5712 939 5769 adeo
971 5722 1272 5773 noverant:
1301 5725 1356 5771 ut
1385 5717 1432 5773 ci
1458 5717 1764 5785 credentes,

1872 4590 2120 4655 credent,
2150 4594 2283 4643 tunc
2310 4587 2415 4642 erit
2441 4599 2641 4656 corpus
2680 4585 2798 4655 ejus
2852 4581 3080 4637 effectus
3126 4580 3182 4635 in
3222 4579 3475 4635 omnibus

1873 4681 2156 4737 membris.
2183 4679 2356 4734 Totus
2383 4678 2529 4734 enim
2561 4677 2613 4732 in
2647 4673 2907 4751 membris
2929 4712 2943 4738 ,
3000 4685 3105 4726 non
3141 4670 3195 4726 in
3245 4671 3478 4741 singulis

1870 4776 2128 4846 impletur
2162 4791 2176 4828 :
2210 4787 2278 4828 ne
2299 4772 2405 4827 ulla
2436 4772 2507 4826 sit
2533 4768 2823 4825 diversitas
2851 4767 3197 4823 meritorum.

2491 4924 2720 4983 CAPUT
2759 4925 2822 4981 ll.

1944 5068 2013 5123 Et
2044 5083 2133 5122 vos
2164 5062 2540 5132 conviviﬁcavit
2584 5076 2703 5115 cum
2742 5060 2920 5115 essetis
2960 5060 3153 5115 mortui
3195 5062 3399 5118 delictis
3430 5073 3478 5118 et

1876 5160 2101 5232 peccatis
2130 5158 2333 5212 vestris.
2364 5155 2563 5225 Incipit
2615 5153 2817 5210 collata
2856 5153 3124 5211 beneﬁcia
3182 5156 3472 5227 replicare,

1875 5263 1934 5309 ut
1958 5254 2109 5324 juxta
2137 5248 2374 5307 ofﬁcium
2430 5247 2811 5303 mandatorum
2840 5290 2856 5315 ,
2888 5264 2956 5303 ex
3005 5249 3475 5319 contemplatione

1875 5348 2095 5402 donatae
2158 5340 2512 5412 indulgentiae
2580 5338 2795 5394 avidius
2843 5340 3209 5396 concitentur.
3273 5340 3475 5397 Mortui

1875 5437 2020 5494 enim
2043 5444 2205 5492 erant
2231 5433 2473 5505 peccatis
2501 5431 2855 5503 facientibus,
2889 5431 3038 5488 sicut
3065 5431 3237 5489 Adam
3275 5441 3332 5489 et
3362 5434 3474 5490 Eva

1873 5531 1928 5586 in
1956 5528 2169 5585 deliciis
2198 5526 2468 5583 viventes.

1944 5621 2011 5675 In
2044 5620 2232 5692 quibus
2261 5616 2544 5685 aliquando
2579 5615 2905 5672 ambulastis.
2957 5616 3266 5674 Notandum
3318 5621 3466 5691 quod

1873 5715 1925 5771 in
1954 5715 2196 5790 peccatis
2225 5710 2537 5770 ambulasse
2566 5710 2710 5777 illos,
2739 5725 2871 5783 non
2908 5711 3188 5771 ambulare
3234 5712 3459 5772 dixerit.
