4008 6188
494 201 603 258 827

1534 197 1592 253 S.
1638 192 2019 249 iilERONYlll
2057 187 2343 244 OPERUM
2386 185 2751 243 MANTISSA.

3688 189 3808 247 828

570 318 876 374 Secundum
904 314 1149 370 saxulum
1173 309 1353 365 mundi
1385 308 1559 379 hujus.
1602 306 1801 363 Szcculi
1848 304 2083 361 homini-
2110 304 2158 361 A
2260 297 2483 370 Prop-'er
2518 298 2656 369 quod
2694 312 2945 353 "lemures
2988 306 3167 365 estote,
3221 299 3356 365 quod
3392 299 3680 369 aliquando
3710 318 3809 355 ros

500 408 607 466 hus
638 412 842 466 similes
869 413 1162 477 sequentes
1182 401 1390 456 diaboli
1419 399 1771 467 voluptatem.

574 504 873 561 Secundum
899 499 1183 571 principem
1210 495 1482 558 potestatis
1509 493 1647 546 aeris
1673 492 1830 555 huius
1852 491 2087 559 spiritus.

500 596 812 653 Secundum
845 590 1145 660 principem
1174 587 1317 640 illius
1351 586 1653 654 potestatis,
1688 585 1777 653 qui
1808 584 1965 653 hujus
1996 598 2089 639 ae-

502 691 581 743 ris
613 684 936 742 satellitibus
967 682 1079 735 suis
1108 678 1173 733 ad
1204 678 1559 748 decipiendos
1600 677 1830 733 diversis
1858 677 2095 747 poet-mis

501 780 749 834 homines
768 817 781 841 ,
808 776 961 830 dives
988 781 1105 829 erat
1147 782 1433 841 potestate.

578 875 681 942 Qui
723 885 859 925 nunc
900 876 1148 938 operatur
1189 867 1242 918 in
1281 865 1418 933 ﬁlios
1455 863 1773 932 diffidentiae.
1819 862 2094 933 Operatnr

502 967 777 1028 suasione,
811 976 917 1016 non
948 961 1020 1024 vi,
1052 963 1102 1013 in
1136 973 1232 1012 eos
1270 960 1356 1025 qni
1382 956 1631 1011 credunt.
1673 956 1750 1009 Illi
1785 965 1969 1011 autem
2001 957 2092 1023 qui

497 1058 791 1128 desperant
815 1062 978 1120 atque
1028 1047 1371 1104 dillldunttle
1406 1047 1768 1115 promissione
1808 1035 1944 1112 Del,
2006 1048 2090 1101 di—

502 1157 701 1205 cuntur
723 1146 817 1201 lilii
848 1142 1188 1206 dil'lidentlas,
1222 1140 1355 1196 sicut
1388 1140 1481 1193 lilii
1511 1137 1629 1203 iraa,
1660 1148 1713 1193 et
1741 1139 2010 1209 geltenua)
2039 1146 2095 1193 et

504 1242 717 1299 mortis.

574 1334 640 1389 In
669 1334 855 1405 quibus
884 1339 929 1383 et
953 1346 1045 1383 nos
1071 1344 1244 1383 omnes
1263 1326 1546 1396 aliquando
1580 1326 1867 1379 conversati
1894 1336 2092 1379 sumus.

502 1428 617 1483 Non
651 1426 826 1481 solum
857 1437 955 1477 vos
981 1428 1174 1492 gentes
1199 1434 1307 1473 non
1341 1416 1637 1481 credendo,
1662 1417 1758 1471 sed
1789 1424 1844 1469 et
1872 1424 1970 1470 nos
2002 1414 2093 1470 Ju-

499 1520 603 1575 dtei
634 1515 934 1589 percando.

578 1610 644 1665 1η
676 1606 945 1663 desideriis
977 1603 1146 1657 carnis
1196 1608 1421 1665 nostra,
1479 1601 1724 1671 facientes
1776 1600 2093 1654 voluntatem

2192 392 2277 461 qui
2319 401 2491 461 gentes
2532 391 2690 443 eratis
2730 391 2782 444 in
2824 404 2993 444 carne.
3029 389 3446 445 Commemorat
3485 390 3597 457 illa,
3634 407 3704 446 ne
3731 392 3805 447 de

2194 491 2338 538 tanta
2380 484 2739 553 ignobilitate,
2782 500 2888 555 qua
2929 486 2995 537 ad
3036 499 3302 538 summam
3350 484 3502 553 regni
3550 484 3804 553 perducti

2193 584 2316 631 sunt
2346 577 2685 647 dignitatem,
2712 578 2819 631 sint
2851 579 3043 647 ingrati
3082 575 3359 631 beneﬁciis
3390 575 3691 644 largitoris.

2268 670 2371 736 Qui
2412 670 2723 724 dicebamini
2764 672 3079 742 pra’putium
3119 669 3182 724 ab
3224 686 3284 722 ea
3324 682 3440 739 quw
3481 667 3676 723 dicitur
3701 671 3805 722 cir-

2193 766 2459 820 cumcisio.
2490 768 2695 821 Gentes
2728 766 3081 837 prteputium.
3114 762 3293 819 Judaei
3324 763 3699 818 circumcisio.

2266 858 2332 913 In
2364 870 2521 913 carne
2551 864 2877 929 manufncta.
2912 859 2969 913 lu
3004 872 3165 911 manu
3200 857 3433 910 humana
3472 872 3487 910 :
3520 855 3575 910 in
3606 870 3801 924 carne,

2196 966 2305 1005 non
2341 952 2393 1005 in
2427 952 2622 1020 spiritu
2656 950 2775 1017 Dei,
2810 959 2902 1003 aut
2932 948 3117 1002 corde.

2269 1046 2370 1109 Qui
2408 1044 2566 1098 cratis
2607 1044 2698 1096 illo
2740 1044 2794 1096 in
2832 1052 3056 1115 tempore
3082 1041 3193 1095 sine
3221 1039 3451 1094 Christo.
3485 1038 3806 1096 Nesciente!

2196 1138 2496 1203 Christum,
2532 1132 2690 1192 idola‘
2718 1135 3053 1192 insensibiia
3084 1133 3369 1189 colebatis.

2267 1235 2494 1287 Alienati
2515 1249 2547 1285 a
2571 1233 2958 1285 conversatione
2986 1228 3173 1284 Israel.
3205 1228 3307 1296 Qui
3341 1236 3469 1281 ttmc
3496 1234 3614 1283 erat
3636 1239 3809 1298 popu-

2198 1330 2277 1385 los
2324 1328 2434 1382 Dei.

2271 1421 2336 1473 Et
2367 1420 2588 1489 hospites
2633 1428 3076 1473 testamentorum.
3112 1416 3283 1470 Etiam
3315 1414 3359 1469 si
3395 1412 3753 1469 credideratis
3787 1427 3805 1465 ε

2197 1526 2249 1569 et
2282 1512 2540 1583 proselyti
2563 1558 2575 1577 ,
2612 1510 2714 1565 hoc
2745 1520 2849 1573 est,
2882 1508 3105 1563 adventi!
3138 1505 3505 1562 habebamini.

2273 1603 2649 1659 l’romissionis
2687 1620 2829 1677 spem
2860 1620 2960 1657 non
2992 1602 3260 1657 habentes.
3293 1601 3465 1668 Quam
3496 1598 3635 1655 Deus
3663 1613 3806 1671 pro-

506 1711 677 1768 carnis
706 1718 753 1763 et
784 1705 1177 1779 cogitationum.
1209 1699 1439 1768 Quando
1486 1714 1640 1753 mens
1690 1708 1872 1752 nostra
1931 1696 2093 1752 rebus
2127 1682 2170 1745 Β
2200 1699 2345 1752 misit
2378 1697 2605 1752 Abralue
2628 1740 2640 1759 .
2676 1697 2752 1751 illi
2784 1696 2885 1750 Soli
2917 1708 3142 1766 sperare
3173 1693 3518 1749 videbantur.

503 1802 742 1860 terrenis
778 1807 835 1854 et
870 1795 1181 1852 carnalibus
1210 1792 1507 1847 iniurrebat
1542 1807 1552 1844 :
1588 1806 1698 1844 non
1730 1790 1904 1845 solum
1948 1790 2095 1845 desis

506 1896 792 1959 derahant,
823 1891 919 1947 sed
948 1899 1001 1944 et
1026 1888 1295 1944 faciebant
1326 1900 1682 1957 quzecumque
1720 1884 1860 1940 mala
1890 1886 2095 1957 cogita-

506 1992 582 2048 tio
607 1985 991 2059 suggessisset.

578 2078 648 2135 Et
672 2090 873 2135 eramus
899 2085 1087 2130 natura
1111 2074 1209 2143 ﬁlii
1235 2074 1345 2137 ἔγω,
1372 2072 1501 2126 sicut
1529 2081 1576 2126 ct
1623 2072 1812 2127 elateri.
1866 2071 1943 2125 Ita
2003 2084 2099 2125 nos

508 2181 750 2244 paterna:
776 2167 1091 2224 traditionis
1113 2165 1455 2219 consuetudo
1484 2164 1839 2233 possederat,
1875 2171 1931 2217 ut
1984 2180 2101 2217 om-

505 2282 601 2321 nes
632 2264 696 2318 ad
728 2261 1129 2317 damnationem
1157 2259 1305 2311 nasci
1338 2258 1669 2311 videremur.

580 2358 719 2413 Deus
748 2368 937 2421 autem,
970 2354 1056 2421 qui
1082 2353 1221 2405 dire:
1252 2360 1324 2404 est
1356 2351 1409 2403 iu
1457 2350 1834 2405 misericordia.
1888 2352 2095 2409 Miseri-

509 2466 633 2509 cm-s
666 2448 977 2503 hominibus
1005 2464 1018 2500 τ
1050 2446 1180 2516 quia
1204 2445 1383 2497 omnia
1407 2444 1592 2510 diligis
1618 2488 1631 2509 ,
1679 2460 1800 2515 qua:
1850 2448 2052 2503 creasti
2086 2466 2098 2502 ε

511 2562 611 2601 nec
642 2544 782 2597 enim
810 2540 1006 2595 odiens
1038 2538 1241 2607 aliquid
1282 2536 1637 2590 constituisti.

582 2637 804 2705 Propter
832 2634 1048 2687 nimiam
1080 2630 1381 2707 choritatem
1417 2645 1585 2692 suam,
1616 2646 1720 2699 qua
1766 2630 1949 2684 dilexit
1989 2646 2101 2685 nos.

514 2730 689 2784 Nimia
723 2726 963 2779 Charitas
996 2732 1100 2787 est,
1130 2722 1368 2777 rebelles
1391 2736 1579 2776 servos
1612 2720 1768 2788 (μίξιιὶ
1815 2722 1953 2776 ﬁlios
1977 2724 2105 2777 dili-

515 2834 662 2889 gere.
704 2816 857 2871 Unde
888 2811 1346 2867 considerandum
1368 2822 1451 2866 est
1474 2822 1737 2883 quantum
1773 2814 1945 2882 diligit
1977 2828 2104 2867 san-

506 2920 625 2966 ctos
656 2918 712 2964 et
742 2908 1034 2975 perfectos,
1066 2903 1158 2973 qui
1195 2914 1403 2957 tantum
1453 2904 1710 2975 dignatus
1740 2916 1822 2959 est
1871 2905 2106 2974 diligere

510 3010 848 3072 peccatores.

2274 1793 2336 1849 Et
2368 1795 2476 1848 sine
2509 1791 2617 1847 Deo
2648 1793 2703 1847 in
2730 1790 2824 1846 hoc
2855 1792 3070 1845 mundo.
3098 1789 3295 1846 Multos
3318 1789 3458 1845 enim
3485 1788 3650 1844 falsus
3673 1786 3805 1842 deos

2200 1888 2512 1958 sequentes,
2545 1902 2709 1941 unum
2740 1885 3039 1940 amiserant
3068 1898 3280 1939 verum.

2276 1978 2433 2033 Nunc
2459 1989 2629 2034 autem
2662 1982 2715 2031 in
2747 1977 2954 2031 Christo
2984 1976 3133 2041 Jesu,
3166 1992 3253 2029 ros
3274 1975 3361 2046 qui
3383 1972 3668 2043 aliquando
3691 1989 3804 2027 era-

2203 2074 2270 2128 tis
2306 2073 2483 2144 longe,
2527 2072 2652 2143 facti
2686 2071 2807 2127 estis
2852 2085 3027 2140 prope.
3074 2067 3149 2123 Ita
3192 2077 3249 2120 ut
3288 2066 3515 2121 Jndzeos
3557 2079 3809 2135 sequere-

2206 2170 2358 2233 mini,
2394 2170 2483 2239 qni
2516 2185 2637 2222 tum
2675 2168 2783 2220 Deo
2811 2175 2988 2221 erant.

2277 2262 2343 2318 In
2384 2262 2636 2333 sanguine
2679 2256 2890 2315 Christi.
2920 2257 3209 2313 Credendo
3253 2271 3352 2311 vos
3388 2268 3511 2309 esse
3545 2251 3806 2323 sanguine

2206 2357 2345 2427 ejus,
2376 2369 2426 2409 et
2465 2356 2715 2425 passione
2749 2353 3028 2406 liberatos.

2278 2448 2401 2520 Ipse
2419 2466 2478 2501 eu
2490 2450 2555 2500 im
2578 2456 2649 2498 est
2670 2462 2772 2517 pax
2795 2454 2993 2509 nostra,
3010 2444 3096 2510 qui
3118 2442 3236 2511 fecit
3258 2449 3475 2509 utraque
3488 2457 3669 2494 unum.
3691 2439 3807 2510 ipse

2208 2554 2286 2596 ρει
2309 2538 2683 2594 reconciliatio
2709 2538 2989 2605 utriusque
3013 2532 3196 2604 populi
3218 2532 3599 2587 adiuvicemad
3616 2534 3802 2585 Dt'mtt.

2283 2634 2345 2688 Et
2379 2634 2602 2685 medium
2634 2632 2879 2698 parietem
2913 2629 3169 2682 maceriis.
3207 2627 3412 2681 Medius
3445 2627 3627 2695 paries
3647 2635 3699 2680 et
3721 2642 3803 2678 se-

2212 2729 2314 2799 pis,
2349 2739 2401 2783 et
2432 2726 2718 2790 maceries,
2752 2740 2917 2778 onera
2944 2725 3078 2793 legis
3103 2730 3283 2785 erant,
3310 2722 3445 2775 duos
3470 2721 3700 2789 p0pulos
3723 2721 3804 2773 di-

2212 2820 2459 2873 videntes
2495 2837 2506 2870 :
2540 2826 2594 2871 et
2625 2816 2744 2870 ideo
2772 2818 2884 2884 ipse
2910 2816 3087 2883 paries
3111 2812 3412 2867 inimicitia:
3437 2813 3804 2866 nominantur.

2284 2913 2498 2969 Solt'ens
2530 2910 2833 2965 inimicitias
2865 2910 2917 2963 in
2952 2924 3107 2962 carne
3134 2924 3246 2961 sua.
3277 2906 3726 2961 Circumcisionis
3756 2912 3811 2959 et

2212 3018 2533 3061 cmtcrornm
2556 3046 2568 3068 ,
2600 3021 2719 3074 quae
2759 3019 2863 3057 non
2899 3012 3005 3056 tam
3042 3001 3137 3055 Dei
3172 3000 3446 3066 voluntas,
3478 3014 3638 3070 quam
3670 3010 3808 3053 tem-

584 3091 793 3147 Etcum
823 3102 1047 3145 essemus
1070 3089 1259 3142 mortui
1290 3090 1532 3158 peccatis,
1586 3089 1956 3156 convivi/ienuit
2014 3104 2102 3143 nos
2134 3072 2178 3136 C
2214 3100 2363 3171 poris
2389 3096 2550 3167 mi”,
2587 3072 2678 3153 ηίη
2711 3097 2893 3166 populi
2927 3095 3122 3149 duritia
3151 3104 3427 3165 exegerat.

513 3191 565 3242 in
594 3186 823 3241 Christo.
857 3185 990 3239 Sine
1017 3190 1261 3254 peccato,
1285 3180 1715 3246 sicutChristus,
1749 3196 1849 3250 per
1895 3182 2101 3252 baptis-

518 3297 665 3337 mum
698 3278 968 3335 iaciendo.

585 3374 744 3443 Cujus
774 3373 941 3443 gratia
965 3372 1085 3426 estis
1114 3369 1318 3425 saluati.
1344 3368 1573 3437 Propter
1602 3381 1779 3435 usum,
1848 3367 1965 3422 sive
2014 3365 2106 3437 qui

515 3482 613 3538 pro
643 3468 798 3521 VOlliS
828 3466 1019 3536 gratia,
1050 3464 1201 3519 nullo
1233 3474 1416 3518 vestro
1443 3462 1671 3532 justitim
1705 3461 1900 3517 merito
1938 3461 2107 3516 inter-

514 3562 763 3624 cedente,
796 3568 1045 3613 mortuus
1076 3568 1177 3624 est,
1210 3573 1333 3612 eum
1372 3556 1485 3627 ipse
1509 3570 1637 3611 reus
1662 3571 1769 3609 non
1804 3564 1968 3610 esset.

592 3651 658 3705 Et
680 3650 1121 3712 conresuscitarit,
1156 3661 1204 3703 et
1228 3651 1504 3703 comedere
1557 3648 1679 3718 fecit
1718 3647 1771 3699 in
1800 3646 2103 3713 caelestibus,

521 3747 577 3799 in
618 3744 821 3798 Christo
846 3742 994 3795 .Iesu.
1030 3743 1144 3796 Non
1169 3756 1462 3806 possumus
1485 3741 1801 3809 tleSperare,
1833 3739 1978 3807 quod
2013 3754 2112 3792 no-

519 3849 628 3893 atra
653 3836 765 3903 jam
793 3834 1031 3901 possidet
1059 3843 1273 3897 natura,
1302 3833 1424 3900 quia
1454 3832 1541 3886 ubi
1586 3842 1743 3900 caput
1773 3842 1878 3897 est,
1912 3831 1982 3884 ἱιιί
2008 3830 2110 3884 erit

519 3941 565 3988 el
594 3940 833 3995 corpus:
860 3926 999 3980 sicut
1032 3926 1145 3995 ipse
1178 3925 1277 3991 ait,
1313 3923 1450 3978 Volo
1479 3924 1571 3978 υιή
1597 3940 1701 3994 ego
1733 3939 1851 3977 sum
1874 3966 1886 3986 ,
1918 3932 1975 3977 et
2024 3921 2109 3975 lsu

519 4027 629 4080 sint
660 4038 891 4080 neeum.

593 4120 661 4176 Ut
684 4120 971 4175 ostenderet
995 4120 1047 4173 in
1070 4118 1271 4172 smctttis
1295 4116 1788 4190 supervenientibus.
1818 4118 1957 4170 Ante
1977 4130 2115 4185 prm-

521 4210 832 4277 destiuavit,
865 4211 1010 4282 quod
1044 4222 1158 4266 erat
1187 4210 1273 4264 his
1301 4210 1640 4279 temporibus
1682 4208 2076 4278 completnrus.

592 4305 929 4357 Abundantes
960 4301 1169 4356 divitias
1190 4304 1373 4373 gratim
1394 4316 1521 4355 sum.
1553 4300 1691 4355 Vere
1715 4300 2002 4353 abundans
2032 4307 2115 4353 est

533 4398 733 4468 gratia,
769 4412 887 4466 quae
923 4410 1030 4449 non
1056 4394 1229 4448 solum
1264 4402 1481 4464 peceata
1507 4392 1731 4446 donavit
1754 4433 1770 4457 ,
1821 4391 1919 4445 sed
1950 4391 2112 4446 etiam

530 4506 652 4545 eum
676 4487 895 4544 Christo
924 4487 1261 4543 resuscitans
1284 4488 1335 4540 in
1374 4485 1597 4540 dextera
1633 4484 1749 4550 Dei,
1781 4485 1832 4538 in
1879 4484 2117 4539 coelcsti-

522 4585 621 4638 bus
649 4583 953 4638 collocavit.

597 4673 662 4729 In
694 4674 923 4730 bonitate
952 4690 1106 4744 super
1135 4689 1228 4728 nos
1258 4673 1314 4726 in
1342 4671 1552 4728 Christo
1596 4670 1747 4727 Jesu.
1804 4666 2073 4741 Exemplo
2098 4712 2113 4739 ,

522 4770 613 4825 vel
642 4783 873 4839 corpore
902 4766 1130 4823 Christi.

594 4860 775 4916 Gratia
808 4862 945 4914 enim
982 4862 1099 4914 estis
1127 4858 1308 4914 saluati
1336 4900 1349 4923 ,
1384 4874 1475 4931 per
1504 4857 1687 4927 ﬁdem,
1721 4866 1767 4912 et
1796 4858 1892 4910 hoc
1921 4873 2024 4910 non
2056 4873 2121 4912 ea:

522 4953 680 5009 vobis.
720 4953 837 5008 Non
880 4952 1091 5007 meritis
1138 4952 1333 5022 prioris
1376 4952 1501 5006 vitze
1524 4996 1537 5021 ,
1570 4952 1662 5005 sed
1694 4952 1807 5005 sola
1839 4950 1945 5006 lide
1977 4969 1987 5004 :
2018 4950 2115 5005 sed

521 5055 701 5101 tamen
733 5061 839 5100 non
870 5047 991 5099 sine
1019 5043 1145 5100 ﬁdo.

590 5135 689 5192 Dei
726 5136 861 5190 enim
901 5136 1095 5190 donum
1131 5144 1228 5199 est,
1272 5152 1375 5189 non
1418 5152 1479 5190 ea:
1518 5137 1779 5208 operibus,
1817 5146 1873 5190 ut
1908 5154 1970 5191 ne
2008 5138 2122 5208 quis

520 5231 790 5303 glorietur.
826 5228 991 5294 Quasi
1021 5228 1133 5281 suis
1163 5228 1376 5283 meritis
1403 5228 1609 5297 aliquid
1641 5228 1692 5283 in
1728 5228 1997 5299 baptismo
2025 5245 2119 5284 e-

522 5322 778 5390 cepisset.

587 5410 765 5482 Ipsius
801 5411 939 5466 enim
968 5426 1147 5465 sumus
1182 5410 1386 5480 factura
1414 5428 1431 5465 :
1463 5413 1624 5466 creati
1654 5413 1706 5466 in
1738 5412 1943 5468 Christo
1972 5414 2121 5481 Jesu,

520 5507 570 5560 in
615 5507 855 5578 operibus
902 5506 1046 5559 bonis
1090 5521 1109 5558 :
1152 5521 1271 5575 quia
1302 5508 1614 5575 prtepnruvit
1652 5506 1812 5571 Deus,
1849 5516 1904 5560 ut
1932 5509 1986 5562 in
2013 5507 2122 5563 illis

523 5597 863 5651 ambulemus.
894 5596 1030 5663 Quia
1064 5610 1238 5666 nuper
1267 5611 1456 5651 sumus
1486 5599 1541 5651 in
1579 5598 1800 5653 Christo
1833 5600 2029 5667 renati,
2066 5608 2124 5653 ut

522 5701 653 5758 quae
682 5688 733 5740 iu
767 5687 1072 5759 Evangeliis
1099 5698 1221 5743 sunt
1250 5688 1493 5744 defensa.

2280 3193 2465 3261 Legem
2506 3193 2866 3245 mandatorum
2908 3190 3124 3244 decretis
3164 3204 3439 3243 evacuans.
3489 3187 3593 3243 Per
3634 3188 3805 3241 solam

2208 3284 2722 3353 lidem'justilicans,
2757 3282 2982 3338 mOralia
3016 3282 3131 3335 sola
3163 3281 3487 3336 decernens.

2282 3374 2350 3431 Ut
2375 3374 2503 3428 duos
2529 3374 2717 3428 condat
2748 3376 2802 3429 in
2832 3374 3125 3443 semetipso.
3157 3373 3402 3427 .ludzenm
3430 3417 3442 3438 ,
3470 3382 3524 3428 et
3547 3373 3803 3443 gentilem

2213 3470 2265 3524 in
2300 3484 2398 3523 suo
2429 3485 2659 3538 corpore
2692 3469 2976 3539 arqnaliter
3019 3468 3376 3537 coniungens.

2284 3564 2348 3618 In
2386 3580 2486 3617 uno
2514 3579 2644 3617 noro
2674 3563 2882 3618 homine
2912 3564 3110 3635 faciens
3138 3579 3337 3635 pacem.
3363 3560 3419 3617 in
3453 3576 3620 3617 unum
3646 3576 3812 3633 popu-

2216 3661 2322 3713 lum
2354 3658 2726 3713 Christianum
2760 3666 2824 3713 ex
2865 3658 3078 3712 duobus
3110 3659 3383 3713 allectum.

2288 3752 2353 3807 Ut
2404 3753 2695 3805 reconciliet
2749 3752 2929 3805 ambos
2982 3750 3035 3803 in
3085 3766 3187 3804 uno
3238 3762 3455 3820 corpore
3507 3750 3634 3804 Deo.
3683 3748 3812 3815 Quia

2213 3847 2373 3899 ambo
2405 3858 2500 3915 per
2531 3854 2810 3912 peceatum
2843 3844 3059 3897 inerant
3089 3843 3319 3896 inimici.

2290 3936 2395 3990 Per
2423 3952 2624 3989 crucem
2654 3936 2967 4005 interﬁciens
2994 3934 3291 4013 inimicitias
3316 3932 3366 3986 in
3395 3932 3689 4002 semetipsa.
3718 3931 3813 3983 Per

2218 4031 2394 4084 solam
2430 4030 2587 4083 tidem
2620 4031 2823 4091 crucis,
2856 4045 2977 4098 quze
3001 4028 3209 4081 nullum
3236 4027 3477 4082 deterret
3505 4044 3516 4079 :
3545 4040 3651 4079 non
3675 4025 3809 4079 enim

2217 4122 2398 4192 gravis
2426 4130 2520 4174 aut
2547 4120 2784 4176 dillicilis
2817 4129 2921 4185 est,
2950 4135 3110 4190 quam
3139 4117 3339 4174 habere
3364 4116 3529 4172 etiam
3559 4116 3699 4172 latro
3724 4132 3810 4185 po-

2220 4217 2321 4268 tuit
2350 4215 2670 4269 cruciﬁxus.

2296 4307 2361 4361 Et
2395 4310 2600 4361 veniens
2628 4306 3009 4379 et'angeliz'tvit
3036 4322 3215 4379 pacem
3248 4304 3408 4369 vobis,
3442 4304 3529 4371 qui
3549 4303 3697 4373 longe
3721 4300 3821 4372 fui-

2222 4401 2314 4455 stis
2344 4417 2362 4455 :
2390 4411 2435 4454 et
2470 4416 2645 4469 parem
2677 4401 2755 4453 his
2788 4401 2879 4470 qui
2909 4415 3087 4471 prape.
3122 4396 3201 4452 Ad
3236 4398 3339 4451 hoc
3370 4398 3541 4458 venit,
3578 4403 3634 4448 ut
3666 4394 3820 4447 dissi-

2224 4494 2357 4547 dens
2393 4492 2690 4545 humanuut
2734 4507 2902 4560 genus
2944 4490 2997 4544 in
3038 4489 3355 4557 semetiSpo,
3400 4495 3454 4543 et
3500 4487 3553 4542 in
3595 4485 3723 4548 Deo,
3756 4483 3819 4537 ad

2225 4583 2681 4641 reconciliationis
2710 4587 2933 4653 gratiam
2975 4591 3277 4638 revocaret.

2300 4676 2556 4745 Quoniam
2586 4692 2675 4743 per
2705 4676 2873 4747 ipsum
2900 4674 3148 4728 habemus
3178 4687 3444 4726 accessum
3472 4668 3622 4723 ambo
3650 4668 3703 4722 in
3726 4684 3827 4721 uno

2223 4772 2407 4843 spiritu
2453 4772 2519 4825 ad
2558 4770 2785 4825 Patrem.
2836 4769 3004 4825 Nemo
3037 4769 3181 4824 venit
3219 4769 3282 4822 ad
3320 4766 3549 4829 Patrem,
3580 4765 3683 4817 nisi
3725 4778 3827 4832 per

2226 4882 2331 4922 me.
2368 4866 2427 4921 In
2468 4882 2576 4921 uno
2612 4865 2836 4934 spiritu,
2878 4880 3043 4918 unum
3086 4877 3320 4934 corpus,
3361 4873 3519 4914 unum
3562 4856 3821 4925 Spiritum

2228 4956 2394 5013 habet
2422 4965 2474 5012 et
2501 4957 2709 5027 signum
2745 4956 2913 5025 pacis.

2300 5048 2441 5121 Ergo
2463 5050 2575 5119 jam
2606 5066 2708 5101 non
2737 5048 2858 5102 estis
2886 5047 3112 5115 hospites
3143 5056 3189 5099 et
3213 5045 3444 5108 adventa,
3483 5042 3569 5095 sed
3603 5041 3725 5093 estis
3752 5040 3829 5093 ci-

2226 5160 2310 5199 ves
2341 5151 2659 5209 sanctorum,
2694 5150 2740 5196 et
2771 5140 3036 5195 domestici
3064 5139 3184 5193 Dei.
3215 5138 3335 5193 Jam
3369 5152 3475 5192 non
3508 5134 3753 5190 extranei
3779 5143 3831 5187 et

2230 5236 2492 5309 proselyti
2534 5252 2546 5290 :
2592 5250 2693 5291 nec
2735 5236 2878 5290 enim
2919 5230 3199 5303 separavit
3233 5243 3334 5285 nos
3379 5230 3521 5283 Deus
3559 5240 3590 5281 a
3633 5226 3832 5296 potvulo

2233 5345 2337 5385 suo
2366 5348 2378 5383 :
2409 5330 2550 5385 sicut
2580 5327 2714 5384 dixit
2747 5326 2949 5393 isaias;
2982 5324 3076 5381 sed
3106 5325 3275 5391 cives,
3310 5325 3401 5395 qui
3432 5329 3561 5377 sunt
3588 5320 3828 5391 ejusdem

2233 5425 2481 5493 originis,
2517 5422 2598 5480 vel
2630 5421 2876 5492 hospitii,
2905 5432 2957 5476 et
2987 5419 3365 5475 habitationis.

2305 5516 2720 5587 Supertcdi/icati
2761 5531 2916 5585 super
2949 5512 3342 5583 fundamentum
3372 5505 3758 5579 apostolorum.
3788 5514 3836 5559 et

2231 5608 2596 5679 prOphetarum
2625 5652 2638 5674 ,
2698 5608 2811 5679 ipso
2862 5620 3065 5659 summa
3122 5603 3364 5673 angulari
3413 5599 3592 5672 lapide
3634 5598 3835 5655 Christo

2233 5700 2361 5759 Iesu
2401 5716 2417 5755 :
2456 5702 2509 5753 in
2550 5716 2649 5773 quo
2680 5702 2843 5757 omnis
2868 5697 3146 5769 a’di/icatio
3175 5703 3499 5749 constructa.
3537 5692 3837 5764 Propheta-
