4008 6188
405 215 507 276 831
1442 209 1501 266 s.
1541 206 1925 265 IllERONYMl
1961 174 2246 265 ornauit
2287 203 2650 263 MANTISSA.
3605 203 3730 263 832

484 331 635 387 Scire
690 332 847 387 etiam
903 326 1361 399 supereminentem
1412 321 1643 377 scientia:
1693 320 2006 375 charitatem
2032 319 2089 379 Α
2182 320 2492 374 Donationis
2519 317 2735 374 Christi.
2764 317 2846 373 Ad
2871 332 3032 390 quam
3055 318 3314 390 gratiam,
3345 318 3441 390 qui
3474 330 3539 375 se
3560 328 3728 390 apta-

412 420 633 479 Christi.
664 421 1052 494 Supereminet
1076 417 1304 472 fructus.
2114 413 2291 477 verit,
2341 413 2516 484 ipsam
2546 412 2903 484 consequitur
2948 432 2961 467 :
2994 422 3055 469 ut
3098 421 3267 483 puta,
3302 413 3395 483 qui
3438 412 3729 471 studiosus

491 515 562 571 Ut
586 513 905 586 impleamini
936 513 990 564 in
1022 523 1219 563 omnem
1250 504 1625 577 plenitudinem
1654 504 1770 559 Dei.
1795 503 1868 561 Ut
1891 502 2013 560 elﬁ-
2113 503 2249 574 legis
2277 512 2402 571 est,
2454 502 2781 575 sapientiam
2826 504 3054 559 multam
3085 522 3099 558 :
3132 503 3314 561 oranti
3342 512 3400 561 et
3444 504 3731 576 jejunanti

410 610 637 668 ciamini
667 607 815 679 pleni
844 603 1096 661 omnibus
1121 600 1436 657 virtutibus.
2113 597 2434 653 conceditur
2456 598 2676 670 spiritus
2701 606 2961 669 potestas.

491 702 559 757 Ei
578 710 752 756 autem
776 699 861 768 qui
884 705 1064 768 potens
1094 705 1168 751 est
1188 694 1362 750 omnia
1378 695 1550 765 facere
1577 692 2014 763 superabundan-
2188 687 2413 761 Propter
2441 689 2582 760 quod
2601 688 2727 743 dicit
2756 706 2775 743 :
2806 688 3104 743 Ascendens
3132 690 3189 743 in
3233 690 3432 756 altum,
3465 690 3733 761 captivam

419 805 516 861 ter,
546 808 703 863 quam
726 791 967 864 petimus,
995 797 1085 843 aut
1117 786 1457 857 intelligimus
1476 829 1491 854 ,
1524 785 1809 841 secundum
1855 784 2017 838 cirtu-
2116 782 2266 836 duxit
2295 782 2643 853 captivitatem
2677 797 2696 835 :
2722 781 2863 835 dedit
2895 781 3033 835 dona
3062 781 3381 836 hominibus.
3410 782 3563 847 Quos
3596 781 3723 837 dia-

420 897 545 955 tem,
569 901 687 957 qua:
708 892 950 957 speratur
977 882 1033 935 in
1079 879 1247 935 nobis.
1290 878 1633 949 Frequenter
1663 876 1870 946 majora
1902 874 2019 947 ,ιι-ἰ·
2118 874 2276 929 holus
2318 875 2567 945 captivos
2597 874 2819 930 tenebat
2845 874 2913 929 ad
2964 884 3230 943 mortem,
3263 873 3517 931 Christus
3545 877 3730 948 capti-

422 981 563 1045 buit,
590 993 698 1033 non
723 977 922 1040 solum,
949 988 1110 1044 quam
1134 972 1389 1043 petimus,
1419 970 1514 1027 sed
1544 970 1709 1026 etiam
1740 983 1902 1040 quam
1929 983 2021 1038 pe-
2126 969 2273 1022 vavit
2319 966 2386 1022 ad
2418 968 2586 1022 vitam
2631 985 2645 1021 :
2686 966 2756 1023 ad
2801 976 2965 1039 caput
3014 978 3262 1023 nostrum
3311 966 3368 1023 in
3408 967 3731 1024 caelestibus

432 1084 549 1128 tere
573 1069 952 1139 intelligimus,
983 1082 1105 1136 quae
1134 1075 1395 1135 operatur
1424 1064 1478 1120 in
1506 1065 1686 1120 nobis.
2119 1060 2511 1116 collocandum.

495 1163 614 1231 Ipsi
638 1160 809 1232 gloria
838 1160 891 1213 in
924 1156 1162 1213 Ecclesia
1184 1172 1233 1212 et
1262 1158 1317 1211 in
1351 1157 1556 1212 Christo
1577 1154 1727 1212 Jesu.
1751 1155 1891 1224 Quia
1915 1170 2011 1212 ve—
2198 1152 2351 1220 Quod
2380 1162 2553 1208 autem
2588 1154 2849 1219 ascendit,
2880 1154 3004 1226 quid
3036 1162 3117 1209 est
3144 1154 3244 1208 nisi
3272 1153 3392 1224 quia
3436 1163 3483 1208 et
3513 1155 3733 1210 descen-

425 1254 584 1311 niens
623 1252 878 1307 Christus
921 1249 1142 1306 sibimet
1182 1248 1251 1304 ad
1290 1247 1388 1305 Dei
1438 1248 1669 1319 gloriam
1720 1247 2020 1303 Ecclesiam
2125 1245 2221 1299 dit.
2252 1245 2491 1315 Exponit
2518 1261 2617 1302 cur
2660 1247 2874 1302 dicatur
2892 1245 3239 1316 ascendisse,
3264 1262 3425 1317 quem
3458 1263 3730 1319 nusquam

427 1344 798 1416 congregavit.
2126 1352 2233 1394 non
2256 1353 2401 1409 esse,
2426 1354 2540 1395 non
2561 1340 2783 1396 dubium
2806 1349 2913 1405 est,
2939 1340 3244 1397 secundum
3268 1340 3496 1396 formam
3520 1342 3737 1399 scilicet

501 1436 569 1491 In
611 1453 788 1491 omnes
835 1434 1191 1508 generationes
1233 1433 1415 1488 saeculi
1455 1430 1784 1487 saeculorum.
1838 1431 2022 1486 Amen.
2128 1432 2309 1487 servi:
2343 1431 2413 1487 ad
2436 1448 2597 1503 quam
2624 1448 2730 1488 non
2758 1433 3028 1503 localiter,
3057 1433 3153 1489 sed
3182 1433 3473 1505 dignanter
3492 1435 3729 1492 descen-

430 1532 706 1589 Immensa
748 1529 1014 1586 beneﬁcia
1048 1526 1329 1585 immensis
1374 1526 1632 1582 laudibus
1674 1525 2022 1593 celebranda,
2130 1524 2305 1579 derat.

433 1640 543 1681 non
570 1625 745 1679 solum
778 1624 846 1679 de
878 1623 963 1677 his
1011 1637 1131 1692 quae
1168 1619 1369 1676 Christi
1407 1618 1741 1690 temporibus
1772 1619 2023 1686 contulit,

426 1719 524 1775 sed
555 1717 719 1774 etiam
739 1730 859 1787 qua:
879 1722 1003 1770 ante
1024 1713 1149 1770 fecit
1176 1712 1357 1768 faciet.
1379 1711 1574 1768 Amen.

1049 1805 1275 1862 CAPUT
1312 1805 1403 1861 ιν.

518 1902 738 1957 Obsecro
769 1901 941 1967 itaque
966 1913 1053 1952 vos
1079 1913 1174 1971 ego
1206 1897 1406 1951 vinctus
1433 1898 1487 1950 in
1518 1896 1768 1964 Domino,
1793 1906 1850 1953 ut
1875 1899 2031 1970 digne

445 1994 718 2049 ambuletis
755 1992 1052 2058 vocatione,
1096 2005 1201 2060 qua
1240 1989 1403 2043 vocati
1430 1988 1571 2043 estis.
1604 1990 1718 2059 Ego
1744 2004 1843 2044 vos
1870 2004 2028 2059 rogo,

436 2086 529 2156 qui
559 2082 726 2139 vestri
771 2095 935 2138 causa
976 2095 1096 2134 sum
1135 2081 1354 2135 vinctus
1380 2120 1394 2145 ,
1448 2088 1510 2135 ut
1549 2095 1645 2136 vos
1690 2080 1786 2135 Dei
1833 2080 2030 2136 Filium

435 2183 800 2248 agnoscentes
830 2214 844 2238 ,
888 2172 1051 2242 digne
1105 2180 1255 2227 tanto
1306 2172 1519 2227 honore
1561 2174 1964 2229 conversemini
2015 2192 2028 2228 :

439 2272 567 2343 quia
595 2284 701 2326 una
730 2266 968 2339 dignitas
996 2275 1081 2323 est
1107 2311 1120 2336 ,
1152 2281 1255 2337 qua
1284 2276 1657 2341 agnoscuntur
1684 2267 1903 2339 propria
1948 2267 2033 2323 in-

435 2362 644 2418 stituta.

513 2452 641 2508 Cum
670 2452 811 2507 omni
836 2450 1150 2517 humilitate,
1176 2458 1221 2505 et
1248 2452 1664 2519 mansuetudine,
1688 2468 1805 2506 cum
1834 2454 2036 2525 patien-

453 2546 543 2601 tia.
570 2545 637 2601 Et
662 2544 864 2601 mentis
888 2554 943 2599 et
970 2543 1238 2615 corporis.
1282 2544 1572 2600 Ilumilitas
1604 2559 1730 2600 vera
1764 2545 1902 2601 nihil
1930 2544 2037 2600 sibi

443 2638 703 2706 vindicat,
734 2648 1055 2693 mansuetus
1084 2635 1217 2691 nulli
1247 2644 1428 2703 uocet,
1461 2637 1673 2708 patiens
1700 2637 1834 2693 nulli
1858 2641 2036 2694 vicem

442 2729 621 2787 reddit
645 2728 880 2798 injuriae.

519 2823 898 2894 Supportantcs
950 2822 1169 2878 invicem
1216 2823 1272 2877 in
1328 2823 1600 2878 charitate.
1658 2821 1938 2880 Suﬂerunt
1984 2833 2042 2881 et

447 2915 783 2990 philosophi,
829 2918 924 2973 sed
961 2933 1070 2975 non
1112 2917 1165 2972 in
1198 2917 1486 2974 charitate.
1530 2916 1640 2973 Nos
1680 2933 1811 2974 vero
1842 2936 1952 2975 non
1981 2931 2041 2977 ut

451 3008 689 3076 laudari,
712 3008 809 3065 sed
834 3018 894 3065 ut
924 3010 1038 3077 ille,
1060 2999 1229 3080 quem
1253 3010 1589 3065 sustinemus
1619 3010 1889 3080 proﬁciat,
1920 3012 2046 3069 dili-

448 3112 637 3175 gentes
658 3103 927 3160 sustinere
949 3102 1226 3159 debemus.

525 3195 754 3252 Solliciti
795 3211 997 3251 servare
1034 3196 1284 3249 unitatem
1310 3195 1526 3265 spiritus
1556 3196 1611 3249 in
1639 3196 1848 3251 vinculo
1880 3200 2041 3267 pacis.

460 3288 566 3345 Per
595 3288 870 3344 vinculum
893 3289 1041 3359 pacis
1070 3288 1124 3341 in
1156 3286 1310 3340 vobis
1333 3285 1512 3341 unitas
1541 3287 1765 3357 spiritus
1794 3290 2043 3346 contine-

456 3392 565 3437 tur.
597 3380 954 3436 Multitudinis
993 3380 1141 3435 enim
1181 3377 1524 3435 credentium
1563 3388 1684 3435 erat
1730 3394 1825 3436 cor
1858 3397 2046 3451 unum,

452 3482 509 3529 et
535 3473 714 3529 anima
742 3487 869 3529 una.

531 3568 704 3623 Unum
734 3583 939 3639 corpus,
972 3574 1019 3620 et
1051 3582 1186 3620 unus
1212 3567 1426 3638 spiritus
1453 3584 1472 3623 :
1500 3569 1629 3624 sicut
1662 3569 1830 3624 vocati
1853 3568 1974 3623 estis
1995 3568 2050 3623 in

458 3678 562 3715 una
592 3678 682 3730 spe
700 3660 994 3715 'vocationis
1020 3668 1221 3715 vestrm.
1263 3660 1410 3716 Unus
1447 3662 1736 3731 Dominus,
1759 3681 1864 3719 una
1895 3663 2048 3734 ﬁdes,

459 3768 624 3806 unum
662 3750 937 3820 baptisma.
985 3750 1157 3807 Unum
1201 3767 1535 3809 consensum
1577 3755 1739 3811 debet
1768 3756 1969 3812 habere
1995 3757 2052 3812 in

458 3859 571 3899 uno
600 3856 831 3910 corpore
857 3842 1099 3896 omnium
1122 3856 1387 3913 compago
1409 3847 1802 3913 membrorum,
1837 3863 1961 3919 quae
1985 3847 2055 3903 ad

459 3950 624 3991 uuam
672 3948 826 4004 spem
873 3943 998 3988 sunt
1044 3945 1233 3990 vocata
1282 3936 1491 3992 salutis.
1543 3938 1694 3996 Unde
1737 3940 2054 4012 diligentius

464 4029 647 4099 legere
675 4025 878 4083 debent
908 4026 1050 4082 hunc
1077 4026 1256 4083 locum
1288 4029 1344 4084 hi
1373 4032 1487 4100 qui,
1519 4032 1572 4087 in
1604 4033 1791 4089 saeculi
1823 4049 2055 4101 occupa-

466 4122 706 4176 tionibus
738 4117 911 4187 ligati,
960 4128 1151 4189 putant
1199 4121 1304 4175 sibi
1346 4121 1511 4179 licere
1555 4141 1821 4195 peccare,
1853 4135 1909 4182 et
1936 4127 2056 4182 aliis

465 4229 572 4268 non
618 4210 789 4267 licere
822 4229 834 4265 :
878 4226 1002 4266 cum
1031 4228 1222 4267 omnes
1270 4214 1323 4268 in
1351 4230 1515 4270 unum
1544 4231 1743 4287 corpus
1773 4218 2053 4288 baptizati,

466 4304 717 4360 eumdem
761 4304 1016 4374 spiritum
1062 4305 1400 4374 atceperiut,
1435 4319 1491 4361 et
1522 4310 1571 4361 iu
1605 4324 1709 4362 una
1744 4324 1842 4379 spe
1877 4311 2057 4366 vocati

465 4399 573 4454 sint
606 4398 720 4453 Dei.
754 4398 881 4454 Sive
907 4404 987 4453 sic
1014 4415 1025 4451 :
1055 4398 1102 4453 si
1146 4414 1312 4453 unum
1353 4399 1605 4469 spiritum
1635 4401 1871 4470 habetis,
1905 4413 1958 4459 et
1986 4419 2055 4461 ex

2202 1614 2443 1671 Primum
2475 1619 2528 1672 in
2570 1618 2848 1690 inferiores
2888 1629 3061 1692 partes
3106 1628 3278 1676 terra’.
3322 1617 3595 1677 lnfernum
3623 1620 3736 1679 sub

2058 1713 2108 1774 B
2136 1716 2281 1765 terra
2312 1726 2459 1777 esse,
2493 1727 2656 1767 nemo
2680 1711 2796 1782 jam
2822 1712 3080 1783 ambigat.

2212 1801 2313 1868 Qui
2352 1802 2650 1869 descendit,
2681 1805 2790 1875 ipse
2819 1813 2895 1859 est
2924 1810 2973 1860 et
3000 1804 3092 1875 qui
3120 1805 3354 1861 ascendit
3382 1821 3537 1876 super
3566 1821 3744 1862 omnes

2138 1895 2311 1948 caelos.
2338 1893 2451 1964 |Qui
2499 1894 2784 1951 descendit
2812 1910 2935 1951 cum
2976 1896 3156 1951 anima
3194 1897 3249 1951 in
3282 1895 3593 1967 infernum,
3624 1897 3747 1968 ipse

2137 1999 2259 2041 cum
2292 1986 2475 2041 anima
2506 1996 2561 2043 et
2590 2002 2823 2058 corpore
2848 1988 3094 2045 ascendit
3123 1989 3177 2044 in
3206 1989 3427 2045 caelum.

2214 2079 2282 2135 Ut
2317 2065 2637 2148 ndimplerel
2669 2083 2863 2137 omnia.
2908 2083 3094 2140 Gloria
3140 2083 3542 2155 triumphantes
3568 2129 3584 2153 ,
3628 2085 3749 2141 sive

2138 2187 2260 2243 qua:
2284 2174 2486 2243 scripta
2516 2183 2665 2241 sunt,
2700 2175 2816 2232 sive
2839 2176 2967 2231 dum
2984 2177 3097 2247 jam
3125 2176 3434 2234 humanitas
3459 2192 3585 2234 cum
3610 2178 3749 2234 divi-

2147 2264 2323 2320 nitate
2350 2280 2520 2321 unum
2550 2266 2805 2323 elfectum
2838 2276 2944 2324 est.

2212 2355 2281 2411 Et
2309 2358 2422 2428 ipse
2452 2358 2595 2413 dedit
2633 2360 2884 2430 quosdam
2924 2360 3131 2432 quidem
3161 2363 3427 2433 apostolos
3448 2403 3467 2431 ,
3497 2363 3749 2433 quosdam

2141 2449 2641 2522 autem‘pmphetas.
2685 2449 2892 2508 Contra
2939 2453 3172 2511 Arianos
3194 2496 3209 2519 ,
3242 2465 3299 2509 ut
3329 2455 3455 2510 Filii
3486 2467 3542 2511 et
3573 2455 3749 2510 Patris

2142 2557 2246 2597 una
2275 2542 2348 2597 sit
2372 2543 2640 2613 operatio.
2686 2544 2819 2600 Nam
2863 2544 2932 2600 ad
2974 2545 3286 2601 Corinthios
3329 2548 3499 2602 Deum
3527 2546 3745 2602 Patrem

2140 2633 2275 2689 dicit
2301 2633 2355 2689 in
2386 2633 2634 2691 Ecclesia
2663 2637 2947 2694 ordinasse
2992 2656 3004 2693 :
3040 2637 3132 2694 hic
3172 2653 3305 2695 vero
3334 2639 3611 2695 Christum
3647 2638 3749 2695 hoc

2144 2726 2369 2795 dixisse,
2402 2740 2820 2785 commemorat.

2216 2819 2363 2875 Alios
2391 2837 2508 2876 vero
2541 2823 2899 2894 cvangelt'slas.
2937 2822 3130 2881 Omnis
3159 2823 3469 2894 apostolus,
3497 2838 3737 2895 evange-

2144 2913 2269 2970 lista
2299 2933 2310 2969 :
2342 2930 2454 2971 non
2484 2916 2661 2971 omnis
2688 2918 3051 2987 evangelista,
3084 2918 3369 2990 apostolus
3400 2919 3582 2974 :sicut
3608 2917 3740 2973 Phi-

2148 3008 2348 3080 lippus,
2378 3010 2469 3079 qui
2500 3018 2623 3065 erat
2653 3025 2793 3065 unus
2826 3026 2892 3065 ex
2920 3020 3155 3081 septem.

2072 3103 2118 3165 C
2219 3102 2363 3157 Alios
2407 3112 2576 3157 autem
2620 3113 2853 3175 pastores
2902 3112 2951 3158 et
2996 3104 3253 3181 doctoges.
3302 3105 3567 3161 Pastores
3616 3119 3747 3161 vero

2148 3210 2361 3261 omnes,
2397 3196 2490 3267 qui
2520 3208 2649 3252 sunt
2679 3197 2859 3254 idonei
2890 3198 2956 3253 ad
2984 3198 3123 3254 alios
3150 3199 3527 3255 instruendos.
3560 3197 3745 3255 Omnis

2148 3303 2276 3359 ergo
2307 3298 2511 3358 pastor,
2543 3288 2737 3344 doctor
2769 3307 2784 3345 :
2815 3305 2922 3345 non
2964 3290 3144 3346 omnis
3184 3291 3274 3362 qui
3306 3292 3505 3347 doctor
3541 3300 3664 3357 est,
3691 3301 3745 3347 et

2148 3394 2356 3455 pastor.

2222 3474 2303 3530 Ad
2342 3475 2839 3529 consummationem
2866 3482 3167 3529 sanctorum
3196 3474 3249 3529 in
3276 3491 3406 3545 apus
3445 3474 3740 3541 ministerii,

2150 3568 2205 3622 in
2257 3567 2658 3637 a'diﬁcationem
2718 3567 2951 3639 corporis
3000 3566 3217 3623 Christi.
3266 3566 3339 3622 Ut
3396 3567 3751 3638 perﬁciantur

2153 3661 2347 3728 sancti,
2382 3659 2502 3715 sive
2529 3673 2718 3716 eorum
2761 3674 3026 3715 numerus
3060 3659 3375 3730 impleatur,
3409 3674 3601 3714 omnes
3630 3666 3753 3713 sunt

2156 3756 2436 3813 constituti
2486 3754 2554 3809 ad
2586 3754 2965 3810 mdiﬁcandam
3006 3753 3345 3820 Ecclesiam,
3401 3769 3523 3823 quae
3562 3767 3755 3822 corpus

2157 3850 2361 3907 Christi
2381 3858 2464 3905 est
2484 3865 2500 3905 :
2524 3856 2786 3904 utomnes
2802 3849 2868 3903 ad
2889 3847 3279 3919 perfectionem
3293 3846 3417 3902 ﬁdei
3436 3845 3750 3916 perducant.

2233 3945 2411 3998 Donec
2438 3959 2769 3997 occurramus
2784 3959 2959 3996 omnes
2976 3944 3030 3996 in
3053 3943 3249 3997 unitate
3266 3940 3411 4011 ﬁdei.
3436 3939 3551 3995 Hoc
3572 3950 3747 3995 votum

2159 4037 2325 4095 etiam
2357 4037 2512 4093 falsis
2535 4035 2850 4093 doctoribus
2875 4034 3039 4103 inest,
3070 4034 3123 4089 id
3145 4024 3249 4102 est,
3276 4033 3400 4088 volo
3424 4047 3618 4088 omnes
3638 4040 3765 4087 esse

2172 4135 2315 4191 sicut
2343 4149 2448 4190 me.

2235 4226 2300 4280 Et
2331 4225 2612 4299 agnitionis
2642 4224 2770 4280 Filii
2813 4223 2935 4279 Dei.
2978 4223 3076 4280 llle
3118 4222 3339 4295 agnovit
3366 4222 3596 4294 gratiam
3629 4218 3741 4276 Filii

2166 4318 2257 4372 Dei
2279 4362 2293 4385 ,
2328 4318 2422 4389 qui
2462 4334 2570 4372 non
2619 4327 2810 4387 peccat
2841 4334 2854 4370 :
2887 4315 3017 4386 quia
3060 4314 3238 4371 omnis
3267 4314 3359 4385 qui
3389 4321 3615 4385 peccat,
3646 4326 3747 4367 non

2165 4412 2309 4468 videt
2335 4426 2480 4476 eum,
2516 4425 2621 4466 nec
2646 4410 2903 4480 cognovit
2932 4424 3080 4465 eum.

467 4509 577 4548 uno
604 4494 762 4549 Patre
791 4492 902 4548 Deo
946 4492 1061 4547 nati
1105 4492 1239 4548 estis
1264 4533 1280 4558 ,
1330 4494 1500 4549 nolite
1533 4494 1684 4550 vobis
1726 4495 1795 4552 de
1842 4504 2057 4553 terrena
2086 4489 2141 4550 D
2240 4505 2308 4561 ιη
2338 4506 2506 4560 virum
2531 4505 2843 4576 perfectum,
2874 4504 2928 4558 ίη
2959 4519 3255 4559 mensuram
3280 4501 3452 4558 ωιαιεε
3473 4496 3753 4572 plangat“.

472 4584 753 4641 nobilitate
802 4582 1009 4655 aliquid
1062 4600 1358 4656 arrogare,
1418 4600 1487 4640 ne
1545 4596 1780 4642 vestram
1833 4586 2059 4658 gloriam

470 4681 759 4737 amittatis.

545 4773 691 4830 Unus
734 4772 876 4830 Deus
905 4783 951 4829 et
994 4775 1148 4830 Pater
1183 4777 1432 4833 omnium.
1480 4777 1658 4835 Etiam
1708 4795 1896 4837 eorum
1924 4821 1939 4847 ,
1972 4782 2065 4852 qui

471 4882 535 4923 ex
566 4866 821 4937 gentibus
851 4867 1229 4923 crediderunt.

545 4960 646 5025 Qui
678 4976 834 5026 super
863 4976 1060 5029 omnes,
1088 4971 1133 5014 et
1157 4978 1247 5031 per
1277 4962 1450 5016 omnia
1480 4965 1604 5018 etin
1632 4966 1871 5021 omnibus
1897 4967 2065 5023 nobis.

473 5051 650 5121 Super
688 5065 887 5107 omnes
918 5051 1184 5119 virtutes,
1221 5062 1279 5108 ut
1311 5064 1529 5122 potens,
1561 5071 1659 5126 per
1688 5058 1869 5111 omnia
1902 5074 2067 5129 opera

475 5162 573 5201 sua
606 5164 619 5201 :
650 5145 742 5216 qui
766 5145 1062 5201 immensus
1087 5148 1339 5203 omnibus
1367 5146 1697 5206 Christianis
1725 5194 1739 5219 ,
1764 5154 2067 5209 secundum

474 5256 634 5312 quem
659 5239 909 5295 habitare
938 5240 1215 5311 dignatur.

506 5331 841 5403 .Unicuique
898 5341 1070 5385 autem
1117 5343 1351 5387 nostrum
1397 5336 1520 5389 data
1566 5344 1640 5391 est
1697 5338 1888 5408 gratia.
1951 5338 2072 5394 Non

478 5427 649 5482 multa
691 5435 820 5482 sunt
858 5440 1087 5497 corpora
1118 5441 1219 5496 per
1242 5427 1569 5484 varietatem
1598 5433 1895 5502 gratiarum
1922 5477 1935 5502 ,
1969 5434 2067 5489 sed

480 5522 721 5576 tnembra
754 5519 983 5576 diversa.

556 5611 853 5665 Secundum
880 5629 1194 5668 mensuram.
1226 5613 1342 5671 Non
1370 5624 1476 5672 lant
1508 5625 1710 5673 nostra:
1735 5616 2079 5689 capacitatis,

497 5712 658 5765 quant
690 5700 833 5753 illius
863 5701 1161 5772 largientis.

2171 4602 2249 4656 nis
2298 4600 2510 4655 Christi.
2543 4598 2644 4665 Qui
2694 4597 2839 4653 enim
2882 4611 2943 4653 se
2981 4596 3117 4652 dicit
3166 4597 3223 4651 in
3262 4595 3478 4651 Christo
3520 4605 3754 4658 manere,

2172 4694 2336 4749 debet
2380 4690 2656 4761 quomodo
2695 4690 2787 4746 ille
2822 4689 3155 4756 ambulavit,
3199 4688 3522 4743 ambulare:
3553 4693 3609 4741 et
3650 4698 3755 4739 non

2171 4800 2439 4842 annorum
2467 4783 2588 4853 ejus
2619 4790 2871 4849 aetatem,
2901 4782 2995 4836 sed
3028 4780 3417 4851 plenitudinem
3445 4774 3663 4831 imitari.

2248 4877 2314 4933 Ut
2342 4881 2459 4951 jam
2492 4884 2593 4931 non
2631 4876 2790 4930 simus
2829 4874 3031 4941 paruuli
3058 4876 3384 4944 ﬂuctuantes,
3414 4877 3459 4923 et
3484 4866 3752 4937 circumfe-

2170 4985 2351 5025 ramur
2372 4969 2512 5023 omni
2536 4976 2682 5022 vento
2705 4967 2975 5021 doctrinm.
3002 4964 3072 5023 Ut
3098 4980 3203 5021 non
3227 4965 3398 5021 simus
3418 4962 3718 5033 ignorantes
3734 4999 3750 5024 ,

2172 5078 2273 5119 nec
2298 5062 2472 5129 dubii,
2501 5077 2564 5116 ac
2595 5060 2938 5127 vacillantes,
2967 5067 3023 5115 et
3052 5075 3205 5117 more
3227 5058 3465 5129 imperiti
3496 5055 3759 5126 guberna-

2174 5157 2328 5223 toris,
2361 5154 2540 5211 omnis
2569 5154 2831 5211 doctrina:
2851 5162 3019 5209 vento
3048 5162 3251 5209 nostra:
3274 5151 3399 5207 ﬁdei
3424 5149 3544 5204 vela
3564 5161 3756 5218 appen-

2174 5250 2365 5305 deutes
2390 5288 2405 5315 ,
2439 5263 2507 5302 ne
2533 5246 2694 5303 facile
2724 5245 3110 5317 naufragemus
3136 5287 3151 5313 ,
3184 5254 3275 5301 aut
3305 5243 3372 5298 ad
3402 5249 3618 5313 portum
3646 5253 3762 5309 per-

2174 5342 2429 5401 fectionis
2454 5356 2744 5412 numquam
2784 5339 3075 5409 pervenire
3108 5337 3402 5409 possimus.

2252 5434 2319 5489 In
2357 5434 2582 5505 nequitia
2625 5430 2928 5496 hominum,
2968 5431 3021 5484 in
3052 5428 3270 5485 astutia.
3319 5423 3569 5497 Nequitia
3590 5423 3765 5479 homi-

2181 5543 2331 5595 num,
2362 5524 2555 5580 astutis
2592 5523 3052 5593 disputationibus
3082 5538 3111 5577 a
3143 5530 3295 5578 recto
3328 5517 3455 5575 lidei
3483 5530 3651 5573 cursu
3677 5515 3767 5573 de-

2184 5626 2403 5689 torquet
2423 5610 2691 5671 incautos:

2186 5753 2197 5772 ι
2258 5711 2337 5772 Ad
2366 5708 2847 5771 circumvt'tttioncm
2869 5709 3077 5767 erroris.
3110 5708 3238 5770 Sive
3264 5722 3387 5767 cum
3415 5705 3572 5765 multi
3601 5703 3767 5776 quod-
