4008 6188
229 204 330 264 835
898 197 1458 262 COMMENTARIUS
1495 199 1564 259 ΙΝ
1604 191 1994 259 EPISTOLAM
2038 197 2128 256 AD
2168 191 2519 259 EPlll-LSIOS.
2561 199 2712 259 CAP.
2754 199 2844 258 iV.
3418 191 3526 259 δδι

227 324 348 380 dam
376 321 582 379 erroris
616 323 703 380 sui
735 319 1036 379 remedium
1068 328 1257 393 putent
1283 361 1298 388 ,
1330 320 1377 375 si
1405 318 1603 375 multos
1634 332 1818 374 secum
1848 318 1902 380 Α
2002 316 2261 388 Deponite
2308 334 2396 373 vos
2443 320 2724 373 secundum
2770 316 3043 388 pristinam
3087 319 3529 374 conversationem

230 417 497 474 traxerint
542 417 611 472 ad
663 430 907 473 errorem
948 433 962 468 :
1004 415 1118 471 sive
1164 414 1478 470 errantibus
1520 411 1826 468 remedium
1933 421 2151 466 veterem
2177 411 2457 467 hominem.
2490 411 2759 482 Exposuit
2788 412 2915 482 quid
2947 412 3018 468 sit
3056 422 3208 470 vetus
3239 414 3436 482 homo,
3467 424 3523 472 et

234 510 553 568 sinelabore
572 509 972 580 promittentes,
1003 520 1324 576 permanere
1341 504 1826 559 faciuntiuerrore.
1933 502 2211 574 quomodo
2245 503 2552 575 deponatur
2588 522 2601 558 :
2644 503 2856 560 scilicet
2898 514 2958 559 ut
3001 507 3261 575 pristinos
3309 522 3531 564 errores

311 601 598 658 Veritatem
626 611 795 658 autem
847 600 1095 669 facientes
1126 598 1182 652 in
1229 596 1508 653 charitate.
1554 594 1745 651 Omnia
1774 596 1830 671 ip
1935 599 2158 669 abjiciat
2182 598 2342 669 hujus
2372 599 2580 668 mundi,
2614 608 2669 655 et
2698 615 2806 655 non
2840 598 3101 655 membris
3122 600 3398 672 corporis,
3434 601 3531 658 sed

234 690 467 749 veritate
493 700 722 764 propter
763 689 1090 747 charitatem
1122 688 1363 756 Christi,
1395 697 1450 744 et
1477 687 1614 743 nihil
1649 687 1703 742 iu
1737 687 1834 757 hy-
1934 701 2118 748 mente
2144 701 2201 748 et
2220 694 2642 750 conversatione
2669 701 2932 750 mutetur,

240 780 442 853 pocrisi
469 780 757 838 facientes.
2015 783 2119 851 Qui
2153 786 2507 857 corrumpitur
2546 785 2829 840 secundum
2871 786 3130 842 desideria
3169 788 3384 844 erroris.
3430 789 3535 846 Fa-

309 871 613 929 Crescamus
636 875 690 927 in
733 872 829 928 illo
859 890 946 943 per
973 873 1170 929 omnia.
1199 872 1258 929 ιη
1305 872 1453 928 illius
1492 868 1835 943 perfectione
1939 876 2091 933 ciens
2120 877 2458 933 voluntatem
2488 879 2791 934 carnalium
2824 880 3237 950 cogitationum.

238 978 306 1021 ex
330 964 481 1020 omni
504 972 660 1036 parte
680 978 1024 1021 crescamus.
2013 969 2355 1025 Renovamini
2385 980 2558 1025 autem
2588 972 2783 1042 spiritu
2812 974 2995 1028 mentis
3027 984 3230 1029 vestrae.
3273 973 3424 1031 Sicut
3451 973 3542 1031 Je-

315 1058 419 1127 Qui
444 1069 518 1114 est
546 1069 704 1130 caput
734 1057 1011 1115 Christus?
1034 1074 1099 1113 ea:
1124 1074 1225 1129 quo
1265 1066 1426 1112 totum
1464 1069 1653 1126 corpus
1692 1068 1837 1108 com-
1941 1062 2144 1118 remias
2188 1063 2264 1118 ait
2303 1080 2316 1117 :
2363 1062 2552 1121 Facite
2595 1065 2751 1121 vobis
2791 1081 2892 1122 cor
2920 1082 3117 1123 novum
3144 1109 3158 1133 ,
3190 1076 3248 1124 et
3288 1069 3538 1139 spiritum

240 1166 472 1229 pactum,
500 1164 549 1211 et
577 1172 866 1212 connexum
896 1172 985 1225 per
1008 1170 1209 1210 omnem
1226 1156 1532 1225 juncturam
1556 1148 1835 1204 subminis-
1944 1167 2168 1210 novum,

243 1249 483 1304 trationis
506 1248 791 1304 secundum
814 1248 1185 1320 operationem.
1219 1245 1303 1300 Ex
1332 1244 1511 1314 capite
1532 1255 1838 1298 connexum
2018 1246 2088 1302 Et
2137 1248 2337 1303 induite
2377 1265 2564 1305 novum
2614 1252 2893 1309 hominem.
2949 1254 3028 1310 Ex
3074 1254 3254 1312 veteri
3299 1254 3543 1329 intellige

241 1354 466 1411 corpus,
502 1356 599 1412 per
627 1355 848 1396 omnem
877 1338 1316 1409 subjunctionem
1340 1335 1676 1406 operationis
1696 1346 1845 1388 cres-
1946 1354 2168 1395 novum.

237 1432 336 1499 cit,
368 1432 499 1487 dum
520 1448 579 1488 se
598 1432 924 1488 alterutrum
955 1430 1195 1486 membra
1219 1428 1493 1484 aediﬁcant
1520 1424 1801 1497 diligendo
1826 1442 1839 1478 :

236 1523 315 1582 ita
344 1533 403 1578 ut
432 1524 855 1595 unumquodque
895 1522 1200 1579 membrum
1232 1522 1287 1577 in
1328 1536 1427 1577 sua
1456 1534 1717 1576 mensura
1749 1534 1847 1574 au-

2012 1527 2125 1579 tate
2154 1527 2399 1582 veritatis.
2438 1530 2702 1601 Exposuit
2732 1534 2858 1603 quid
2890 1535 2964 1590 sit
3007 1535 3281 1594 hominem
3314 1539 3381 1593 ad
3414 1540 3549 1595 ima-

240 1626 436 1691 geatur
466 1635 482 1674 :
515 1618 764 1687 boc.est,
809 1626 870 1673 ut
898 1616 991 1690 qui
1016 1624 1102 1673 est
1138 1631 1243 1687 per
1272 1614 1596 1686 sapientiam
1626 1612 1841 1683 oculus,
1949 1619 2129 1690 ginem
2159 1619 2254 1676 Dei
2284 1632 2528 1679 creatum
2558 1642 2572 1680 :
2600 1636 2657 1680 ut
2681 1626 2892 1683 scilicet
2912 1627 3114 1697 iustus,
3138 1638 3193 1685 et
3223 1640 3467 1699 Sanctus,
3492 1639 3548 1688 et

245 1710 302 1766 in
336 1724 526 1768 eorum
557 1725 847 1766 numerum
874 1717 1110 1773 crescat,
1138 1707 1231 1779 qui
1284 1706 1427 1762 oculi
1454 1705 1696 1761 ofﬁcium
1722 1720 1846 1776 ges-
1876 1719 1924 1779 Β
1951 1726 2115 1767 verax
2136 1758 2150 1782 ,
2195 1713 2338 1770 sicut
2368 1715 2511 1771 Deus
2544 1734 2557 1770 :
2589 1726 2648 1773 ut
2675 1721 2965 1777 sanctitate
2993 1723 3276 1793 veritatis,
3322 1740 3430 1781 non
3458 1740 3553 1780 va-

246 1805 355 1859 turi
381 1812 512 1861 sunt
540 1822 555 1859 :
580 1814 633 1859 et
654 1803 865 1874 singula
891 1817 1121 1872 quaeque
1157 1802 1401 1856 membra
1433 1797 1740 1869 proﬁciant.
1956 1804 2141 1860 uitatis
2168 1806 2238 1861 sit
2270 1808 2527 1876 praeditus
2551 1853 2566 1878 ,
2602 1810 2704 1866 hoc
2736 1822 2845 1879 est,
2877 1830 2996 1884 quae
3040 1831 3232 1872 vanam
3267 1818 3545 1873 hominum

2024 1432 2128 1498 Qui
2151 1436 2437 1489 secundum
2461 1434 2628 1491 Deum
2651 1448 2852 1494 creatus
2882 1450 2955 1495 est
2990 1443 3041 1495 in
3055 1446 3291 1515 justitia,
3351 1454 3397 1499 et
3425 1462 3551 1500 san-

329 1894 398 1951 In
421 1912 663 1951 mensura
691 1896 1104 1967 uniuscujusque
1139 1894 1350 1948 membri
1375 1901 1709 1964 augmentum
1736 1907 1852 1945 cor—
1946 1898 2183 1969 gloriam
2214 1910 2519 1971 aucupatur
2542 1944 2557 1969 ,
2589 1918 2716 1959 cum
2749 1906 3011 1977 scriptum
3053 1911 3125 1965 sit
3161 1928 3172 1962 :
3216 1910 3373 1968 Iuste
3402 1911 3547 1981 quod

239 1995 392 2068 poris
421 1994 549 2065 facit
578 1995 633 2048 in
670 1993 1066 2063 wdiﬁcationem
1094 1994 1174 2047 sui
1204 1993 1258 2045 in
1282 1990 1553 2045 charitate.
1583 1989 1720 2044 Dum
1742 1989 1855 2044 sin-
1947 1989 2153 2062 justum
2184 2001 2269 2048 cst
2299 1998 2663 2066 persequeris.

238 2098 371 2170 gula
403 2096 651 2153 membra
674 2104 954 2162 crescunt,
980 2094 1156 2165 majus
1178 2092 1411 2149 efﬁcitur
1434 2106 1661 2162 corpus,
2030 2082 2256 2155 Propter
2284 2088 2425 2158 quod
2469 2088 2783 2160 deponentes
2822 2091 3175 2148 mendacium.
3218 2092 3317 2149 Hic
3346 2094 3554 2152 descri-

320 2188 444 2245 Hoc
471 2190 635 2261 igitur
661 2189 811 2257 dico,
851 2195 899 2242 et
943 2187 1193 2255 testiﬁcor
1230 2185 1285 2240 in
1316 2184 1559 2240 Domino.
1593 2183 1741 2252 Quos
1765 2199 1856 2239 su-
1958 2175 2161 2233 buntur
2200 2179 2329 2242 ipsa:
2371 2180 2584 2251 species
2618 2183 2921 2253 casﬁtatis,
2954 2186 3149 2256 quibus
3182 2201 3352 2243 novus
3385 2186 3550 2246 homo

248 2283 446 2355 perius
490 2282 922 2349 obsecraverat,
972 2279 1062 2336 hic
1107 2280 1162 2335 in
1214 2279 1447 2336 Domino
1488 2276 1858 2334 obtestatione
1958 2270 2324 2339 cognoscitur.

244 2375 601 2447 constringit.
2034 2361 2335 2431 Loquimini
2358 2366 2624 2422 veritatem
2647 2370 2999 2442 unusquisque
3015 2388 3129 2427 cum
3156 2373 3394 2445 proximo
3416 2391 3512 2430 suo
3535 2393 3553 2431 :

329 2467 402 2524 υι
423 2472 541 2540 jam
580 2483 683 2523 non
722 2466 1035 2533 αηιθυιειίε,
1078 2465 1217 2521 sicut
1256 2475 1306 2521 ει
1343 2474 1518 2537 gentes
1562 2463 1855 2519 ambulant,
1962 2455 2213 2525 quoniam
2233 2473 2414 2511 sumus
2442 2459 2656 2513 inricem
2683 2461 2928 2516 membra.
2953 2462 3124 2520 Nemo
3145 2482 3298 2521 suum
3322 2465 3556 2522 circum-

251 2560 423 2628 Nolo,
473 2561 592 2627 ait,
641 2560 761 2615 solo
804 2574 901 2616 vos
944 2560 1170 2615 nomine
1216 2574 1339 2615 esse
1374 2556 1720 2615 Christianos
1755 2578 1767 2614 :
1805 2567 1861 2615 et
1967 2547 2152 2603 venit"
2180 2549 2402 2606 ΐΐθιτθῐη
2439 2554 2604 2620 Hillia
2636 2570 2800 2611 υηιιῐη
2838 2571 3038 2627 corpus
3081 2574 3303 2626 sumus,
3347 2571 3403 2617 ει
3448 2578 3555 2617 ηοη
3620 2594 3625 2599 ι

249 2654 440 2710 Deum
462 2666 558 2708 οιιε
578 2652 926 2721 conﬁtentes,
951 2653 1209 2725 operibus
1230 2652 1504 2725 denegare
1533 2670 1547 2708 τ
1573 2653 1667 2709 sed
1690 2669 1861 2724 qua"-
1964 2651 2192 2712 possunt
2240 2643 2564 2698 alterutrum
2614 2647 2855 2702 membra
2900 2664 2960 2704 se
3002 2648 3194 2707 fallere
3227 2669 3240 2706 :
3270 2668 3372 2709 nec
3410 2656 3557 2710 enim

254 2753 380 2801 tum
412 2745 558 2800 inter
595 2742 873 2800 diabolum
906 2745 1092 2811 distat,
1123 2752 1180 2800 et
1203 2744 1398 2812 Deum,
1428 2752 1573 2799 tanta
1603 2743 1861 2799 dium-en-
1964 2749 2158 2789 manus
2191 2734 2369 2791 illudit
2406 2737 2564 2792 oculo
2585 2780 2600 2803 ,
2653 2749 2746 2795 aut
2792 2739 2986 2797 dentes
3017 2742 3265 2799 lacerant
3293 2747 3559 2817 membra,

252 2838 332 2894 tia
363 2836 572 2894 debent
596 2837 696 2893 ﬁlii
727 2838 821 2894 Dei
847 2855 875 2892 a
907 2838 1035 2894 ﬁliis
1058 2838 1257 2894 diaboli
1289 2839 1341 2893 in
1368 2839 1628 2909 operibus
1654 2838 1861 2893 discre-
1962 2824 2068 2880 DiSi
2094 2825 2234 2881 Γονῐθ
2260 2827 2348 2881 ubi
2380 2828 2603 2899 Spiritus
2631 2832 2938 2887 immundus
2968 2833 3253 2909 inhabitat.

248 2944 417 3002 pare.
466 2929 547 2985 Ne
600 2929 772 2986 Deum
810 2930 974 2993 labiis
1014 2930 1384 2997 honorantes,
1443 2931 1623 2986 cordis
1670 2931 1862 2987 timore

246 3024 479 3095 longius
506 3024 855 3088 assistamus,
886 3032 943 3080 et
972 3024 1186 3079 dicatur
1210 3023 1278 3078 de
1310 3023 1468 3078 nobis
1497 3039 1512 3077 :
1540 3022 1669 3079 Sine
1697 3037 1859 3078 causa

2042 2917 2367 2989 Irascimini,
2394 2932 2442 2976 et
2466 2923 2625 2978 nolite
2653 2940 2882 2993 peccare.
2916 2908 3000 2981 Ira
3025 2943 3132 2983 non
3160 2927 3393 2986 inebriet
3417 2945 3563 2987 men-

1966 3022 2099 3082 tem,
2135 3013 2232 3068 sed
2262 3015 2473 3070 veritas
2501 3015 2784 3086 dispenset
2818 3035 2833 3073 :
2859 3033 2959 3074 nec
2984 3027 3131 3075 tuam
3160 3020 3433 3093 iniuriam,
3467 3022 3563 3079 sed

249 3118 458 3175 colunt
484 3132 573 3173 me
606 3133 622 3175 :
653 3116 758 3173 hoc
782 3126 886 3184 est,
910 3131 980 3173 ex
1005 3132 1124 3173 mea
1146 3117 1363 3174 cultura
1388 3116 1570 3172 nullos
1600 3115 1867 3187 accipient
1892 3099 1939 3166 C
1969 3104 2154 3161 fratris
2186 3106 2562 3165 animadverte
2586 3119 2887 3179 peccatum.

247 3211 497 3267 fructus.

326 3302 400 3359 In
435 3302 666 3357 vanitate
687 3317 872 3357 sensus
912 3302 1017 3357 sui.
1048 3301 1182 3356 Vani
1210 3309 1340 3356 sunt
1367 3300 1513 3357 enim
1542 3315 1738 3358 omnes
1772 3300 1869 3358 ho-

243 3399 464 3466 mines,
496 3398 692 3469 quibus
719 3412 826 3452 non
857 3405 943 3453 est
964 3397 1239 3466 sapientia
1272 3396 1389 3453 Dei.

323 3487 590 3546 Tenebris
637 3489 968 3543 obscuratum
993 3486 1244 3543 habentes
1282 3489 1616 3546 intellectum.
1646 3489 1873 3546 Scilicet

245 3581 613 3656 ignorantia,
662 3590 715 3637 et
758 3580 1159 3637 mundanarum
1211 3597 1396 3638 rerum
1444 3581 1869 3639 sollicitudinum

242 3677 500 3749 caligine
525 3689 590 3731 ac
618 3676 855 3732 tenebris
887 3675 1257 3732 obscuratum.

328 3770 578 3825 Alienati
626 3783 657 3821 a
700 3768 804 3823 vita
836 3768 954 3823 Dei.
997 3767 1080 3823 illi
1114 3768 1240 3825 ideo
1269 3782 1296 3822 a
1338 3768 1449 3823 vita
1494 3769 1715 3825 alienati
1746 3777 1875 3825 sunt

247 3864 397 3931 Dei,
454 3861 589 3934 quia
635 3861 940 3932 ignorant:
988 3875 1088 3917 vos
1134 3868 1315 3917 autem
1367 3862 1491 3934 quia
1542 3863 1874 3934 cognovistis

240 3956 455 4020 Deum,
486 3953 643 4022 sequi
674 3950 904 4007 debetis.

321 4046 443 4101 Per
471 4043 830 4115 ignorantiam
855 4082 871 4109 ,
893 4059 1009 4113 qua:
1035 4044 1185 4098 estin
1214 4043 1345 4098 illis.
1380 4042 1719 4112 Notandum,
1750 4045 1877 4116 quia

239 4141 628 4204 contemptus
663 4134 1022 4205 ignorantiam
1051 4134 1347 4205 generavit.

321 4230 582 4293 Propter
611 4227 893 4281 ctecitatem
916 4227 1087 4283 cordis
1115 4230 1368 4299 ipsorum.
1401 4227 1734 4296 Dicentium,
1770 4245 1878 4286 non

244 4333 337 4381 est
373 4323 566 4378 Deus.
1812 4394 1829 4400 η

322 4416 440 4483 Qui
466 4413 815 4482 desperantes
837 4412 1135 4483 semetipsos
1165 4413 1494 4470 tradiderunt
1522 4393 1881 4484 impudicitia;

2047 3197 2142 3254 Sol
2192 3215 2297 3254 non
2348 3201 2550 3255 occidat
2606 3219 2762 3275 super
2808 3202 3136 3258 iracundiam
3189 3216 3427 3261 vestram.
3490 3206 3568 3266 Ne

1971 3290 2217 3346 scientiae
2248 3293 2426 3347 lumen
2454 3294 2507 3347 in
2535 3302 2624 3348 tua
2655 3294 3027 3363 indignatione
3055 3295 3295 3352 deficiat.

2047 3385 2228 3440 Nolite
2251 3383 2424 3439 locum
2456 3384 2585 3439 dare
2607 3386 2832 3440 diabolo.
2868 3386 3176 3456 lrascendo,
3210 3390 3297 3445 vel
3325 3391 3571 3462 quolibet

1973 3479 2082 3535 alio
2112 3478 2333 3534 delicto.
2362 3478 2521 3533 Porta
2552 3479 2695 3533 enim
2729 3478 2927 3534 diaboli
2959 3492 3041 3536 est
3070 3493 3351 3553 peccatum
3383 3501 3399 3542 :
3426 3486 3568 3542 sicut

1976 3572 2140 3629 homo
2160 3573 2337 3643 justus
2366 3571 2601 3641 Spiritus
2632 3573 2806 3629 sancti
2836 3583 2990 3645 porta
3021 3586 3137 3631 est.

2052 3665 2155 3733 Qui
2184 3664 2483 3736 iurabatur,
2503 3668 2621 3739 jam
2646 3683 2747 3720 non
2777 3670 2980 3738 [aretur
3004 3684 3020 3721 :
3048 3669 3210 3739 magis
3236 3678 3403 3725 autem
3426 3669 3576 3726 labo-

1977 3767 2074 3812 ret.
2114 3757 2337 3813 Alienos
2382 3757 2599 3815 labores
2642 3758 2932 3829 aliquando
2977 3760 3247 3832 direptos,
3300 3777 3445 3818 nunc
3474 3779 3575 3820 suo

1980 3849 2171 3905 labore
2212 3860 2533 3920 compenset
2566 3867 2580 3904 :
2614 3860 2669 3907 et
2706 3851 2981 3922 operando
3033 3853 3239 3909 tribuat
3283 3854 3575 3927 indigenti-

1980 3943 2103 4009 bus,
2138 3943 2228 4015 qui
2271 3944 2468 3999 multos
2500 3941 2728 3999 iurando
2756 3945 2878 4002 fecit
2906 3955 3150 4017 egentes.

2060 4036 2339 4108 Operando
2369 4037 2604 4092 manibus
2633 4038 2762 4107 suis,
2788 4039 2927 4111 quod
2951 4040 3138 4094 bonum
3163 4050 3238 4095 est
3264 4054 3282 4092 :
3312 4046 3368 4094 ut
3389 4038 3577 4095 habeat

1983 4128 2120 4184 unde
2148 4129 2339 4184 tribuat
2377 4131 2723 4187 necessitatem
2753 4132 2987 4203 patienti.
3016 4132 3135 4188 Non
3158 4133 3300 4204 quod
3325 4133 3524 4189 malum
3562 4153 3574 4189 :

1985 4228 2115 4277 sunt
2145 4220 2291 4276 enim
2315 4222 2523 4288 multae,
2556 4222 2642 4278 vel
2672 4222 2999 4292 inhonestzc,
3030 4225 3111 4278 vel
3140 4224 3296 4280 mala:
3325 4232 3491 4292 artes,
3520 4234 3581 4281 ut

2001 4316 2262 4372 maleficia
2288 4357 2303 4382 ,
2328 4324 2382 4372 et
2407 4317 2585 4371 omnia
2609 4360 2621 4383 ,
2655 4334 2775 4388 qua:
2815 4335 2921 4373 non
2949 4317 3015 4372 ad
3049 4326 3255 4373 natura:
3283 4320 3581 4374 necessita-

1988 4417 2118 4472 tem,
2135 4408 2228 4465 sed
2242 4409 2306 4462 ad
2326 4410 2889 4479 concupiscentiarum
2906 4410 3197 4477 proliciunt
3216 4410 3570 4481 voluptatem.

242 4511 656 4580 Desperantes
702 4519 917 4576 pmnam
949 4505 1236 4577 impiorum
1265 4550 1279 4573 ,
1311 4515 1366 4563 et
1395 4507 1677 4578 praemium
1703 4508 1881 4577 justo-
1910 4495 1964 4558 D
2066 4503 2245 4557 Omnis
2268 4519 2432 4557 sermo
2454 4502 2627 4557 matus
2649 4519 2712 4557 ea:
2732 4520 2819 4557 ore
2849 4514 3014 4557 vestro
3043 4519 3143 4557 non
3171 4503 3436 4573 procedat.
3465 4503 3584 4561 Non

241 4618 401 4666 rum,
434 4611 682 4656 necesse
712 4607 797 4654 est
831 4608 890 4653 ut
922 4599 1285 4669 prmsenlibus
1309 4600 1678 4671 voluptatibus
1699 4599 1883 4655 adlue-

1986 4614 2148 4665 unus,
2195 4614 2296 4655 nec
2332 4598 2464 4664 duo,
2496 4599 2591 4654 sed
2633 4614 2821 4654 omnes
2851 4599 2978 4654 mali
3006 4615 3289 4656 sermones
3323 4619 3337 4656 :
3386 4601 3442 4658 in
3481 4601 3586 4659 hoc

246 4702 450 4764 reant,
484 4690 592 4762 qui
621 4689 802 4746 futura
831 4690 1129 4760 deSperant
1158 4710 1169 4745 :
1201 4690 1396 4747 Venite
1424 4700 1481 4749 et
1520 4693 1760 4749 fruamur
1789 4693 1887 4749 hoc
1986 4693 2285 4750 Christiani
2318 4693 2516 4749 debent
2544 4707 2666 4749 esse
2696 4693 2960 4748 cruciﬁxi.

242 4789 365 4858 nis,
401 4798 543 4857 quae
575 4790 726 4850 sunt,
757 4794 811 4838 et
831 4792 1053 4837 cmtera.

322 4880 400 4935 In
425 4874 754 4949 operatione
784 4874 1134 4930 immunditiis
1160 4875 1326 4929 omnis
1355 4876 1408 4929 in
1435 4874 1729 4929 avaritiam.
1759 4874 1891 4930 0m-

241 4973 343 5031 nia
376 4969 635 5027 crimina
664 5012 679 5038 ,
716 4966 1078 5039 immunditiae
1107 4975 1162 5024 et
1202 4968 1446 5025 avaritia:
1488 4968 1705 5025 nomine
1737 4984 1883 5024 com-

245 5064 600 5140 prehendit.

2063 4785 2172 4842 Sed
2193 4788 2238 4840 si
2258 4786 2373 4855 quis
2396 4784 2553 4839 bonus
2583 4794 2658 4840 est
2688 4787 2755 4839 ad
2782 4786 3177 4856 tediﬁcationem
3196 4787 3341 4857 ﬁdei.
3368 4788 3484 4847 Non
3516 4790 3590 4848 si-

1989 4879 2216 4935 lentium
2250 4878 2529 4947 imposuit,
2558 4877 2653 4934 sed
2684 4878 2999 4948 qualitatem
3028 4880 3283 4950 loquendi
3314 4892 3590 4941 monstra-

1994 4970 2094 5035 vit,
2119 4976 2180 5022 ut
2200 4968 2375 5023 omnis
2404 4982 2585 5023 sermo
2618 4968 2777 5025 tidem
2828 4970 3064 5027 aediﬁcet
3096 4971 3459 5032 Christianam
3492 4996 3504 5031 :
3537 4986 3594 5031 et

1995 5074 2057 5115 os
2084 5068 2326 5115 nostrum
2359 5058 2533 5115 solum
2583 5069 2806 5131 appetat
2850 5062 3075 5118 verbum
3109 5064 3224 5121 Dei.
3271 5067 3445 5123 Simul
3489 5082 3591 5124 no-

336 5158 454 5214 Vos
486 5162 679 5210 autem
722 5170 824 5210 non
873 5156 947 5210 ita
976 5155 1235 5211 didicistis
1266 5154 1535 5210 Christum
1578 5170 1596 5209 :
1639 5155 1684 5208 si
1716 5163 1891 5209 tamen

248 5255 420 5311 illum
451 5249 737 5317 audistis,
788 5258 839 5303 et
866 5250 921 5304 in
951 5251 1065 5322 ipso
1104 5251 1271 5306 edocti
1320 5251 1464 5305 estis.
1508 5249 1579 5304 Et
1621 5247 1761 5303 sicut
1799 5247 1892 5305 ille

250 5365 373 5407 non
425 5343 641 5417 gentili
692 5342 799 5399 ritu
845 5343 1061 5400 vivatis.
1115 5345 1205 5401 llle
1247 5346 1395 5401 enim
1437 5358 1566 5401 vere
1614 5340 1890 5398 Christum

251 5439 528 5504 audivit,
571 5442 632 5490 et
667 5434 735 5488 ab
779 5434 905 5506 ipso
944 5436 1166 5505 didicit,
1215 5437 1308 5509 qui
1338 5437 1491 5493 nullo
1535 5434 1728 5493 similis
1758 5434 1894 5490 vitio

249 5530 538 5609 gentibus
572 5526 876 5583 invenitur.

334 5626 507 5683 Sicut
542 5626 627 5674 est
672 5618 860 5673 veritas
900 5621 951 5675 in
981 5619 1132 5677 Iesu.
1167 5621 1322 5679 Sicut
1353 5623 1446 5679 ille
1485 5636 1617 5679 vere
1648 5627 1895 5677 mortuus

247 5728 348 5785 est
378 5724 441 5777 et
475 5707 767 5780 surrexit,
801 5719 861 5767 ut
890 5725 989 5771 nos
1016 5728 1145 5772 vere
1174 5713 1224 5770 in
1248 5715 1493 5772 novitate
1525 5712 1889 5775 ambulemus.

1996 5151 2245 5216 tandum,
2274 5150 2397 5219 quia
2422 5151 2523 5205 hoc
2555 5151 2826 5207 universa:
2850 5153 3109 5211 Ecclesia:
3131 5158 3462 5228 prmcipitur.

2072 5243 2141 5300 Ut
2182 5243 2268 5298 det
2320 5247 2543 5314 gratiam
2572 5246 2919 5301 audientibus.
2970 5248 3086 5304 Hoc
3138 5257 3222 5304 est
3272 5250 3416 5320 quod
3465 5250 3593 5306 alibi

1996 5337 2127 5394 dicit
2159 5355 2173 5393 :
2204 5337 2398 5393 Sermo
2425 5346 2606 5394 vester
2635 5340 2687 5394 in
2726 5341 2901 5411 gratia
2953 5342 3024 5397 sit
3067 5342 3181 5398 sale
3210 5344 3460 5402 conditus
3497 5361 3511 5399 :
3541 5354 3596 5402 et

1996 5431 2051 5487 in
2073 5444 2327 5487 sermone
2355 5440 2539 5485 nostro
2561 5432 2788 5502 gratiam
2814 5434 3081 5503 accipiant
3111 5434 3415 5493 audientes.

2070 5522 2137 5578 Et
2166 5524 2322 5578 nolite
2366 5524 2674 5577 contristare
2704 5523 2961 5597 Spiritum
2998 5535 3231 5581 sanctum
3262 5526 3380 5582 Dei.
3412 5528 3600 5585 Homi-

2002 5616 2161 5673 nibus
2191 5616 2442 5687 loquens,
2472 5614 2933 5686 comparationem
2959 5618 3162 5674 inducit
3194 5619 3507 5691 humanam,
3540 5630 3593 5679 ut

2000 5725 2069 5775 ex
2101 5710 2255 5769 nobis
2295 5710 2663 5784 intelligamus
2700 5720 2954 5785 quantam
2981 5712 3205 5788 Spiritui
3228 5726 3418 5776 sancto
3449 5715 3591 5790 iniu.
