4008 6188
478 248 582 304 835

1518 245 1574 297 S.
1623 241 1994 299 lllERONYMI
2036 239 2322 298 OPERUM
2365 243 2728 302 MANTISSA.

3689 241 3798 300 836

477 364 615 420 riam
645 366 891 429 Licinius,
911 378 1032 420 cum
1054 360 1254 420 donum
1276 359 1393 429 ejus
1417 359 1468 413 in
1494 360 1669 431 aliqua
1693 364 1904 431 peccati
1924 359 2089 418 sorde
2116 358 2166 424 Λ
2264 359 2370 414 Sed
2391 361 2555 432 magis
2576 363 2866 433 gratiarum
2889 362 3043 418 actio.
3074 361 3193 419 Hoc
3224 362 3398 434 magis
3434 377 3658 432 semper
3689 373 3799 419 tra-

482 459 779 525 polluimus
813 477 826 512 :
860 458 921 512 Et
953 456 1080 525 quia
1109 453 1177 509 de
1210 451 1442 523 hospitio
1473 469 1572 509 suo
1604 456 1757 510 nobis
1786 455 2040 511 condolel
2074 471 2087 506 :

482 549 609 604 ideo
634 552 741 608 sibi
764 548 954 605 dolens
985 545 1153 600 tristis
1183 544 1448 599 abscedit.
1483 546 1755 602 Cazlerum
1789 547 2007 604 tristitia
2037 554 2094 602 et

482 643 562 699 ira
583 655 637 698 et
665 652 858 699 czt-tera
883 637 1199 707 hujusmodi
1228 639 1278 694 in
1305 639 1462 694 nobis
1487 643 1766 710 passiones
1792 650 1938 709 sunt,
1963 641 2090 711 quia

483 735 778 804 passibiles
805 747 995 787 sumus
1047 746 1060 784 :
1103 731 1155 786 in
1191 731 1300 786 Deo
1337 747 1466 788 vero
1493 733 1951 805 dispensationes.
1983 735 2092 790 Nos

487 825 577 880 illa
612 824 763 878 inviti
795 821 1052 892 patimur,
1096 822 1188 876 ille
1215 823 1493 882 voluntate
1523 824 1590 880 ad
1625 835 1868 882 nostram
1898 840 2087 881 emen-

484 916 760 972 dationem
794 917 1047 971 assumit.
1077 915 1143 972 Et
1195 916 1309 970 hzec
1355 926 1460 986 est,
1501 932 1621 988 quae
1648 919 1881 976 assumit
1918 918 2088 975 Deum

481 1020 534 1062 et
567 1008 863 1071 imminent,
891 1006 1078 1061 harum
1101 1007 1473 1064 conditionum
1493 1009 1780 1068 diversitas
1795 1022 1850 1064 et
1871 1019 2085 1067 natura.

553 1099 618 1156 In
640 1118 742 1172 quo
765 1101 952 1171 signati
981 1102 1102 1154 estis
1134 1101 1184 1154 in
1214 1103 1296 1156 die
1322 1103 1714 1174 redemptionis.
1739 1105 2086 1176 Signaculum

485 1194 657 1248 sant-ti
689 1193 926 1261 Spiritus
957 1190 1012 1247 in
1052 1191 1140 1248 die
1191 1194 1440 1262 baptismi
1486 1196 1774 1265 accepistis
1819 1214 1833 1251 :
1887 1213 2086 1254 novum

484 1285 821 1354 signaculum
849 1284 1048 1340 habere
1073 1285 1338 1356 coepistis.

562 1376 744 1430 Omnis
794 1378 1117 1433 amaritudo.
1175 1378 1230 1432 In
1271 1394 1376 1448 qua
1434 1380 1791 1435 contristatur
1851 1382 2087 1453 Spiritus

487 1478 730 1527 sanctus.
779 1469 948 1525 Recte
988 1481 1169 1525 autem
1227 1472 1408 1540 posuit
1465 1473 1906 1542 amaritudinem,
1959 1476 2082 1548 quia

481 1563 598 1632 ipsa
627 1570 710 1617 est
739 1563 1070 1632 provocatio.

555 1656 618 1711 Et
651 1657 750 1710 ira.
780 1658 1009 1712 Omnem
1045 1656 1222 1714 aufert
1269 1658 1426 1716 iram.

2191 462 2340 510 ctare
2366 455 2610 523 debetis,
2640 457 2914 528 quomodo
2943 457 3056 513 Deo
3100 466 3158 513 et
3198 466 3323 512 actu
3370 465 3428 513 et
3463 457 3798 528 cogitatione

2193 545 2476 615 placeatis.

2264 637 2381 694 Hoc
2409 640 2543 696 enim
2586 641 2796 705 scitote,
2841 639 3206 714 intelligentes,
3235 643 3379 712 quod
3415 642 3584 697 omnis
3631 644 3798 712 forni-

2190 740 2352 797 cator,
2385 743 2474 788 aut
2499 750 2709 798 avarus,
2732 735 2872 805 quod
2903 744 2976 789 est
3013 732 3276 789 idolorum
3305 735 3545 802 seruitus,
3569 750 3676 788 non
3702 736 3796 790 lto—

2191 822 2271 876 bet
2297 822 2654 880 hazreditatem
2679 826 2734 879 in
2775 841 2933 897 regno
2958 823 3152 880 Christi
3183 835 3231 879 et
3277 822 3394 880 Dei.
3435 824 3640 880 Contra
3676 827 3798 882 illos

2189 914 2322 983 agit,
2351 915 2442 984 qui
2472 916 2648 974 solam
2681 915 2841 972 fidem
2872 915 3063 971 dicunt
3104 914 3362 972 sufﬁcere
3395 933 3412 971 ε
3443 917 3571 986 quia
3599 916 3796 986 hujus-

2192 1005 2335 1061 niodi
2368 1017 2525 1061 actus
2557 1022 2664 1061 non
2699 1007 2834 1076 Deo,
2887 1007 2982 1062 sed
3025 1007 3262 1062 duuiani
3291 1007 3644 1066 exhibentur.
3678 1008 3800 1065 Hae-

2189 1098 2395 1156 reditas
2425 1108 2610 1157 autem
2639 1101 2791 1172 regni
2836 1099 3104 1158 caelorum
3141 1099 3242 1155 Det
3267 1099 3411 1166 ﬁliis,
3447 1116 3557 1155 non
3597 1099 3795 1158 diaboli

2191 1205 2298 1261 pra
2309 1201 2552 1261 paratur.

2265 1282 2434 1338 Nemo
2458 1299 2543 1338 vos
2566 1284 2777 1340 seducet
2803 1301 2820 1338 :
2860 1285 3108 1345 Dicenda
3135 1284 3244 1341 hoc
3288 1284 3633 1340 solummodo
3661 1300 3795 1354 opus

2188 1387 2298 1444 est,
2345 1387 2404 1432 ut
2453 1378 2589 1434 fides
2636 1379 2729 1443 sit,
2759 1388 2818 1438 et
2854 1378 3018 1436 homo
3041 1377 3247 1436 Christi
3288 1378 3551 1449 baptisma
3589 1392 3790 1433 course-

2189 1479 2386 1539 quatur
2418 1484 2434 1522 :
2461 1469 2712 1538 quamvis
2736 1481 2949 1542 peccet,
2981 1472 3162 1540 perire
3184 1486 3290 1528 non
3319 1481 3518 1542 potest.

2264 1559 2526 1618 [nauibus
2549 1562 2735 1618 verbis.
2763 1564 2895 1632 Qua:
2943 1564 3220 1622 hominem
3258 1564 3490 1621 liberare
3515 1579 3619 1621 non
3652 1579 3794 1636 pono

2189 1665 2336 1710 sunt.

561 1747 623 1802 Et
645 1749 954 1819 indignatio.
979 1747 1290 1822 Indignatio
1321 1767 1386 1807 ex
1419 1751 1671 1821 superbia
1704 1763 1808 1817 cst,
1841 1768 1963 1810 cum
1990 1753 2088 1810 ali-
2121 1741 2169 1806 B
2268 1746 2495 1817 Propter
2523 1749 2633 1806 haec
2661 1748 2797 1808 enim
2825 1747 2959 1804 uenit
2985 1747 3066 1804 ira
3101 1747 3221 1806 Dei.
3271 1748 3353 1804 Ex
3394 1750 3690 1819 premitis
3720 1750 3795 1806 ει-

483 1857 643 1912 qnem
668 1841 976 1911 iudicamus
1002 1843 1280 1916 indignum
1315 1862 1326 1896 :
1363 1844 1488 1898 ideo
1518 1860 1643 1900 eum
1678 1845 1935 1903 nolumus
1961 1862 2082 1902 sus.

488 1933 683 1988 linere.

553 2024 622 2078 Et
661 2025 879 2079 clamor.
914 2025 1016 2093 Qui
1061 2041 1127 2082 ex
1169 2027 1354 2082 lurore
1398 2027 1713 2097 descendit,
1765 2045 1925 2101 quem
1978 2048 2085 2088 non

482 2119 721 2175 habeant
765 2118 1088 2176 Christiani.
1139 2120 1409 2177 Caeterum
1460 2123 1630 2180 Isaias
1668 2124 1808 2186 bene
1849 2128 2086 2181 clamare

472 2214 720 2284 jubetur.
749 2213 856 2270 Sed
888 2224 943 2269 et
965 2215 1081 2286 ipse
1115 2216 1274 2271 Iesus
1305 2218 1578 2274 clamabat
1609 2218 1661 2274 itt
1695 2219 1899 2288 templo
1931 2239 1942 2272 :
1979 2219 2084 2288 Qui

478 2308 614 2372 sitit,
650 2308 853 2377 veniat,
881 2317 936 2362 et
969 2309 1140 2362 bibat.

554 2399 619 2452 Et
661 2400 975 2472 blattpltemia
1005 2399 1218 2454 tollatur
1255 2417 1287 2454 a
1322 2400 1462 2455 vobis
1507 2417 1624 2458 cum
1669 2404 1810 2458 omni
1859 2405 2077 2460 malitia.

476 2493 608 2562 Qua:
634 2495 716 2549 vel
751 2495 972 2550 inimico
1005 2505 1191 2566 potest
1217 2496 1390 2550 vicem
1421 2495 1670 2572 reddere.

550 2583 728 2639 Estotc
749 2596 918 2640 autem
948 2588 1168 2640 invicem
1190 2588 1419 2660 benigni.
1441 2587 1634 2644 Servat
1657 2588 1907 2656 ordinem
1928 2591 2079 2662 legis,

409 2677 418 2690 '
477 2686 538 2733 ut
567 2693 674 2734 non
713 2681 890 2734 solum
921 2680 1128 2736 malitia
1159 2679 1410 2748 tollatur,
1439 2681 1534 2738 sed
1567 2683 1730 2740 etiam
1779 2685 2080 2756 benignitas

474 2767 772 2825 inseratur.

553 2864 942 2920 Misericordcs.
974 2863 1029 2920 ld
1053 2875 1160 2931 est,
1188 2866 1568 2925 condolentcs.

547 2955 813 3011 Donantes
841 2960 1078 3022 invicem,
1111 2958 1244 3013 sicut
1270 2970 1317 3014 et
1355 2959 1499 3018 Deus
1541 2964 1592 3016 in
1616 2961 1824 3021 Christo
1865 2965 2079 3022 donarit

474 3051 637 3106 rcbis.
665 3051 1028 3108 Remittentes
1060 3060 1307 3121 peccata,
1341 3070 1408 3109 ne
1440 3055 1592 3110 vobis
1623 3056 1834 3111 dicatur
1867 3074 1880 3112 :
1907 3057 2077 3114 Serve

2196 1848 2312 1894 tura
2345 1841 2660 1909 cOgnoscite
2706 1858 2721 1899 :
2757 1843 2804 1900 si
2853 1841 3156 1898 Sodomitis
3199 1857 3306 1902 non
3336 1843 3600 1913 pepercit,
3626 1856 3682 1900 et
3709 1843 3794 1899 his

2192 1933 2282 2003 qni
2314 1935 2369 1992 in
2397 1934 2604 1992 diluvio
2625 1935 2923 2004 perierunt,
2961 1945 3146 2003 parcet
3178 1935 3371 1990 vobis?

2260 2025 2327 2080 In
2369 2027 2509 2097 ﬁlias
2558 2026 2888 2097 difﬁdentiae.
2936 2025 3037 2093 Qui
3091 2042 3197 2090 non
3245 2027 3601 2087 crediderunt
3651 2028 3787 2086 iram

2190 2119 2574 2175 comminantis
2599 2132 2660 2175 se
2699 2127 3176 2191 superventuram.

2265 2209 2444 2265 Nolite
2473 2228 2591 2282 ergo
2617 2212 2755 2280 effici
2783 2213 3066 2283 participes
3103 2226 3302 2270 eorum.
3331 2211 3390 2268 Si
3434 2210 3490 2268 in
3521 2214 3781 2284 peceatis,

2183 2300 2390 2372 judicio
2437 2302 2847 2372 desperantium
2899 2304 3198 2378 participes
3253 2304 3490 2374 fueritis,
3536 2306 3692 2368 eritis
3738 2306 3793 2364 in

2187 2412 2348 2467 poma
2378 2406 2683 2453 consortes.

2261 2489 2442 2548 Eratis
2468 2492 2605 2546 enim
2640 2490 2927 2562 aliquando
2957 2489 3206 2556 tencbrc,
3239 2506 3376 2552 nunc
3405 2500 3580 2546 autem
3615 2491 3712 2554 lus
3738 2493 3788 2546 in

2187 2581 2439 2640 Domino.
2477 2582 2541 2638 Ut
2573 2583 2674 2652 ﬁlii
2715 2583 2844 2638 lucis
2882 2581 3167 2642 ambulate.
3203 2582 3435 2651 Quando
3463 2585 3789 2641 nesciebatis

2185 2675 2404 2732 Domini
2435 2677 2796 2736 voluntatem.
2841 2676 3164 2738 Nnnc‘vero
3201 2678 3386 2736 omnia
3432 2680 3786 2750 cognovistis.

2184 2771 2459 2840 Quantum
2491 2787 2592 2844 ego
2616 2757 2759 2830 inter
2790 2771 2967 2828 lucem
2997 2771 3162 2828 distat
3183 2782 3238 2828 et
3272 2773 3554 2840 tenebras,
3579 2783 3785 2832 tantum

2183 2878 2212 2916 a
2249 2863 2470 2933 priStina
2501 2862 2915 2920 conversatione
2943 2863 3261 2937 discrepare
3292 2865 3526 2924 debetis.

2256 2954 2483 3010 Fructus
2511 2957 2642 3012 enim
2673 2957 2802 3011 lucis
2831 2967 2901 3010 est
2931 2956 2986 3010 in
3015 2957 3154 3012 omni
3201 2957 3449 3027 bonitate,
3490 2967 3541 3014 et
3554 2960 3783 3030 justitia,

2183 3057 2230 3101 et
2263 3049 2494 3103 tet-itote.
2526 3047 2713 3104 Talem
2748 3047 2912 3104 habet
2935 3049 3160 3104 scientia
3189 3047 3444 3105 fructum.
3555 3058 3559 3062 ‘

475 3158 732 3212 nequam,
775 3159 936 3199 omne
978 3142 1220 3199 debitum
1265 3145 1444 3201 dimisi
1491 3147 1584 3202 tibi
1620 3166 1632 3201 :
1665 3149 1906 3220 oportuit
1939 3160 1996 3208 et
2025 3161 2078 3208 te
2103 3133 2151 3196 (ἶ
2256 3138 2680 3210 Ρνοὺαηεεδιιιιὶά
2699 3139 3153 3212 δὶιὺεηεριαεὶιιιιη
3170 3137 3300 3198 Deo.
3322 3142 3399 3198 Ex
3422 3141 3784 3214 legeprobale

479 3237 760 3293 dimittere
789 3252 1058 3294 conservo
1093 3246 1202 3291 tuo.

1112 3371 1342 3430 CAPUT
1372 3371 1437 3428 V.

549 3516 727 3572 Estote
774 3532 894 3587 ergo
942 3516 1228 3569 imitatores
1276 3512 1395 3581 Dei,
1435 3512 1569 3568 sicut
1612 3512 1711 3583 ﬁlii
1751 3511 2070 3574 charissimi.

472 3610 784 3664 lmitatiunc
816 3609 981 3673 enim,
1019 3620 1125 3660 non
1170 3614 1358 3660 natura
1394 3606 1492 3660 lilii
1548 3607 1640 3663 Dei
1672 3621 1881 3677 sumus,
1931 3609 2076 3664 sicut

472 3700 553 3755 ait
592 3700 841 3756 Salvator
883 3715 896 3751 :
931 3695 1001 3753 Ut
1047 3696 1167 3753 silis
1211 3697 1304 3756 filii
1339 3698 1519 3753 Patris
1567 3697 1675 3754 mei
1703 3699 1793 3772 qui
1828 3699 1880 3756 in
1918 3700 2072 3758 caalis

472 3800 577 3856 est,
607 3799 713 3845 etc.

549 3883 612 3936 Et
641 3882 894 3942 ambulate
921 3883 975 3936 in
1017 3883 1318 3950 dilectione,
1359 3885 1494 3938 sicut
1531 3894 1576 3945 et
1623 3885 1860 3942 Christus
1889 3886 2073 3944 dilexit

475 3992 587 4030 nos.
625 3974 780 4031 Unde
809 3985 864 4030 et
895 3974 1134 4030 Joannes
1165 3978 1449 4050 apostolus
1487 3978 1563 4038 ait
1596 3997 1607 4031 :
1643 3979 1699 4036 ln
1738 3979 1841 4036 hoc
1868 3997 2073 4051 cogno-

477 4069 653 4123 vimus
675 4067 996 4123 charitatcm
1034 4087 1046 4124 :
1081 4070 1208 4138 quia
1244 4070 1338 4125 ille
1382 4072 1620 4128 animam
1661 4088 1814 4129 suam
1846 4089 1944 4145 pro
1976 4092 2072 4132 no-

472 4159 558 4215 bis
586 4161 786 4230 posuit.
804 4159 1076 4218 Debemus
1097 4175 1226 4239 ergo
1248 4171 1299 4217 et
1320 4176 1421 4217 nos
1447 4178 1543 4232 pro
1573 4162 1832 4220 fratribus
1861 4165 2070 4224 animas

471 4269 693 4326 ponere.

540 4346 610 4400 Et
637 4347 851 4402 tradidit
877 4347 1562 4422 semetipsumﬂolunlarie
1592 4353 1710 4423 ipse
1739 4367 1797 4408 se
1824 4353 2066 4425 tradidit,

469 4452 578 4497 non
612 4443 678 4497 ab
698 4441 806 4497 alio
836 4442 1036 4498 invitus
1074 4442 1308 4498 traditus
1332 4454 1435 4499 est.

543 4533 648 4590 Pro
680 4535 846 4591 nobis.
882 4536 988 4592 Pro
1021 4537 1422 4606 peccatoribus,
1459 4548 1512 4593 ut
1547 4537 1739 4596 fierent
1761 4540 1916 4613 justi.

542 4627 867 4683 ()blationem
915 4637 963 4684 et
1006 4630 1230 4685 hostiam
1273 4631 1379 4686 Deo
1419 4633 1472 4688 in
1517 4633 1727 4689 odorem
1768 4635 2060 4693 suavitatis.

468 4721 836 4778 Suavissimus
860 4723 973 4778 Deo
1002 4723 1137 4780 odor
1159 4734 1244 4779 est
1266 4726 1523 4781 charitas.

541 4814 847 4872 Fornicatio
877 4813 1072 4888 autem,
1127 4829 1174 4876 et
1217 4820 1381 4875 omnis
1422 4822 1773 4890 immunditia,
1807 4834 1896 4878 aut
1941 4840 2064 4878 ara-

464 4910 608 4964 ritia.
641 4910 830 4964 Omnia
859 4911 1080 4970 crimina
1108 4911 1346 4968 breviter
1369 4915 1804 4988 comprehendit,
1830 4916 2061 4978 duorum

465 5001 756 5056 criminum
784 5003 1122 5076 designanda
1157 5006 1391 5061 radices.

539 5091 654 5146 Nec
685 5096 974 5150 nominetur
1007 5098 1058 5149 in
1087 5097 1248 5163 vobis,
1276 5098 1408 5152 sicut
1448 5100 1587 5155 decet
1614 5110 1842 5156 sanctos.
1871 5099 2060 5158 Consi-

467 5185 768 5242 derandum
814 5187 1022 5243 scilicet
1071 5206 1179 5244 non
1231 5190 1400 5248 licere
1434 5192 1568 5260 fieri,
1602 5193 1745 5264 quod
1794 5209 1904 5250 non
1936 5194 2064 5252 licet

466 5280 770 5335 nominare.
887 5282 897 5290 '

537 5377 641 5428 Aut
686 5375 974 5443 turpitudo,
1033 5385 1125 5430 aut
1171 5373 1574 5448 stultiloquium.
1625 5379 1739 5436 lloc
1788 5381 1950 5438 etiam
2003 5380 2061 5442 in

463 5464 588 5522 ﬁliis
618 5466 898 5521 hominum
931 5467 1351 5538 reprehenditur
1381 5471 1758 5527 honestorum.

542 5559 644 5612 Aut
689 5561 1005 5628 scurrilitas,
1063 5576 1178 5628 quae
1227 5561 1294 5615 ad
1334 5579 1439 5618 rem
1469 5580 1570 5618 non
1599 5567 1838 5635 pertinet.
1873 5565 2059 5622 Risum

471 5661 736 5713 movens,
787 5651 879 5718 qui
921 5652 1172 5722 gravitati
1224 5670 1329 5709 non
1389 5659 1642 5712 convenit
1689 5657 2058 5722 Christiana};

471 5737 593 5804 quia
615 5738 682 5791 ad
713 5755 827 5793 rem
850 5756 954 5796 non
985 5743 1221 5812 pertinet
1242 5746 1524 5805 cmlesletn
1551 5757 1604 5808 et
1625 5748 1887 5808 divinam.

2186 3232 2319 3303 quid
2353 3232 2712 3302 bencplaceat
2741 3232 2873 3299 Deo,
2907 3249 3016 3286 non
3055 3234 3198 3303 quod
3230 3235 3483 3289 homines
3513 3247 3783 3294 asserunt.

2251 3325 2340 3380 Et'
2365 3327 2524 3383 nolite
2563 3329 2948 3384 communicare
2993 3327 3229 3400 operibus
3268 3329 3609 3401 infructuosis
3649 3340 3787 3385 tene-

2181 3418 2412 3471 brarnm.
2440 3415 2561 3472 Non
2590 3417 2816 3486 prodest
2844 3419 3104 3490 quidquid
3141 3419 3200 3474 fit
3229 3418 3349 3478 sine
3376 3420 3609 3477 scientia
3639 3421 3786 3478 veri-

2178 3511 2339 3568 tatis:
2361 3513 2485 3582 quia
2502 3526 2605 3568 nec
2627 3512 2717 3568 lux
2742 3521 2921 3582 potest
2946 3515 3361 3571 communicare
3379 3530 3502 3570 cum
3522 3516 3781 3576 tenebris.

2254 3601 2428 3676 Magis
2451 3614 2620 3658 autem
2652 3605 2967 3676 redarguite.
2999 3604 3117 3662 Non
3161 3607 3336 3666 solum
3376 3609 3784 3672 communicare

2181 3693 2373 3759 nolite,
2397 3695 2493 3749 sed
2524 3695 2690 3750 etiam
2720 3695 3057 3766 redarguite.
3363 3704 3368 3707 ’

2250 3786 2382 3856 Qua:
2409 3787 2546 3850 enim
2576 3789 2629 3844 in
2658 3786 2857 3842 occulto
2878 3788 3011 3862 ﬁunt
3034 3789 3099 3846 ab
3135 3790 3284 3862 ipsis.
3313 3789 3375 3854 lu
3396 3791 3628 3856 secretis
3649 3791 3780 3850 locis

2173 3879 2482 3948 domorum,
2516 3881 2600 3937 vel
2636 3882 2845 3954 templi.

2247 3971 2419 4045 Turpe
2443 3982 2520 4029 est
2569 3985 2616 4028 et
2664 3974 2856 4029 dicere.
2896 3973 3065 4030 Nobis
3093 3975 3274 4034 dicere
3317 3985 3474 4048 turpe
3507 3986 3618 4049 est,
3661 3993 3780 4050 qua

2172 4067 2272 4136 illi,
2307 4069 2389 4124 vel
2416 4069 2467 4122 in
2495 4068 2736 4136 tenebris
2765 4069 2949 4125 facere
2973 4086 3079 4126 non
3100 4064 3453 4136 erubescunt.

2246 4161 2436 4214 Umnia
2455 4170 2648 4224 autem,
2677 4177 2793 4232 qua:
2819 4173 3135 4234 arguuntur,
3165 4179 3198 4217 a
3222 4162 3412 4228 lumine
3442 4163 3780 4236 manifestan-

2172 4259 2276 4307 tttr.
2327 4252 2481 4309 Sicut
2525 4254 2594 4308 ad
2628 4253 2943 4311 Corinthios
2972 4256 3048 4314 ait
3087 4273 3101 4310 :
3134 4256 3354 4312 Occulta
3403 4258 3567 4320 etiam
3593 4258 3774 4314 contis

2170 4345 2289 4415 ejus
2320 4346 2609 4403 manifesta
2651 4348 2804 4402 fiunt.
2841 4349 2902 4402 Et
2945 4358 3070 4403 tunc
3099 4349 3301 4404 cadens
3328 4349 3382 4404 in
3425 4349 3617 4412 faciem
3647 4350 3778 4406 ado-

2171 4436 2315 4493 rabis
2339 4439 2504 4493 Deum
2527 4480 2542 4507 ,
2563 4439 2916 4508 pronuntians
2937 4440 3082 4512 quod
3104 4442 3242 4497 Deus
3267 4457 3395 4500 vere
3411 4451 3498 4508 ost
3518 4445 3571 4504 in
3595 4443 3771 4502 nobis.

2092 4517 2146 4582 Β
2245 4529 2414 4586 Omne
2438 4533 2575 4586 enim
2600 4533 2737 4602 quod
2781 4535 3170 4607 manifestatur,
3207 4534 3384 4596 lumen
3433 4546 3529 4598 est.
3578 4536 3773 4607 Incipit

2170 4625 2353 4690 lumen
2385 4641 2505 4689 esse
2531 4642 2650 4684 cum
2689 4629 3005 4700 crediderit,
3040 4639 3098 4687 et
3123 4629 3276 4690 vobis
3305 4630 3636 4701 adiungitur.

2242 4721 2468 4793 Propter
2489 4722 2627 4792 quod
2657 4721 2779 4778 dicit
2811 4740 2830 4778 :
2865 4724 3031 4797 Surge
3062 4724 3151 4794 qui
3177 4724 3393 4784 dormis.
3426 4723 3568 4780 Voce
3591 4723 3772 4779 alicu-

2164 4817 2254 4889 jus
2301 4819 2582 4888 sapientis,
2639 4818 3024 4873 conscientiam
3088 4818 3349 4876 increduli
3401 4815 3616 4886 pulsare
3670 4830 3775 4870 cu-

2171 4913 2390 4984 pientis,
2413 4913 2482 4969 «ιθ
2511 4928 2705 4968 somno
2730 4913 3049 4984 ignorantiae
3077 4913 3298 4970 excitat.

2241 5004 2308 5061 Et
2340 5021 2555 5076 exsurge
2573 5021 2606 5060 a
2631 5005 2870 5060 mortuis.
2899 5006 2943 5060 A
2975 5006 3234 5076 peccatis,
3263 5004 3348 5061 vel
3374 5000 3547 5060 idolis.

2242 5099 2310 5154 Et
2338 5098 2657 5153 illuminabit
2686 5109 2733 5154 te
2770 5098 3028 5154 Christus.
3054 5099 3187 5154 Cum
3220 5099 3267 5154 ei
3300 5094 3614 5162 credideris,
3647 5094 3768 5152 efli-

2166 5194 2326 5252 cieris
2355 5205 2410 5250 et
2437 5194 2553 5265 ipse
2583 5194 2695 5252 lux.

2246 5288 2430 5346 Videte
2459 5291 2654 5362 itaque,
2695 5289 2910 5359 fratres,
2957 5289 3216 5360 quomodo
3261 5297 3412 5350 caute
3438 5284 3716 5344 ambulo-tis
3749 5300 3768 5339 :

2173 5402 2274 5442 non
2299 5384 2452 5456 quasi
2490 5383 2816 5454 insipientes,
2843 5383 2932 5438 sed
2966 5391 3019 5436 ut
3045 5384 3324 5453 sapientes.
3359 5379 3525 5449 Quasi
3553 5378 3650 5438 ﬁlii
3681 5394 3774 5436 sa-

2171 5475 2388 5545 pientiae
2411 5485 2464 5529 et
2494 5475 2650 5540 lucis,
2676 5490 2744 5532 ne
2774 5475 2932 5530 alicui
2963 5471 3352 5531 oﬂendiculum
3381 5472 3547 5540 detis,
3590 5480 3648 5528 et
3686 5470 3776 5528 iu-

2171 5565 2386 5638 cipiatis
2409 5567 2455 5620 ei
2489 5581 2647 5621 causa
2681 5566 3003 5636 perditionis
3025 5566 3278 5620 existere.

2241 5656 2566 5714 Redimentes
2595 5668 2814 5729 tempus.
2861 5658 3057 5718 Vestra
3093 5655 3390 5726 sapientis,
3418 5654 3504 5716 vel
3535 5654 3775 5712 cautela.

2242 5746 2500 5815 Quoniam
2526 5749 2639 5807 dies
2660 5751 2786 5806 moti
2806 5759 2947 5810 sunt.
2979 5749 3096 5807 Non
3119 5745 3236 5806 dies
3256 5745 3385 5802 mali
3406 5757 3537 5804 sunt
3563 5761 3666 5817 per
3685 5761 3778 5818 se,
