  <div class='ocr_page' id='page_1' title='image "/cluster/home/n/w/nwhite01/storage/ocr_20150623/30/uva.x000826572/426.png"; bbox 0 0 4008 6188; ppageno 0'>
   <div class='ocr_carea' id='block_1_1' title="bbox 197 278 300 335">
    <p class='ocr_par' dir='ltr' id='par_1_1' title="bbox 197 278 300 335">
     <span class='ocr_line' id='line_1_1' title="bbox 197 278 300 335; baseline -0.039 0"><span class='ocrx_word' id='word_1_1' title='bbox 197 278 300 335; x_wconf 66' lang='lat' dir='ltr'><strong>i157</strong></span> 
     </span>
    </p>
   </div>
   <div class='ocr_carea' id='block_1_2' title="bbox 200 384 1874 461">
    <p class='ocr_par' dir='ltr' id='par_1_2' title="bbox 200 384 1874 461">
     <span class='ocr_line' id='line_1_2' title="bbox 200 384 1874 461; baseline -0.007 -17"><span class='ocrx_word' id='word_1_2' title='bbox 200 390 292 444; x_wconf 80' lang='lat' dir='ltr'><strong>Sed</strong></span> <span class='ocrx_word' id='word_1_3' title='bbox 320 404 415 461; x_wconf 83' lang='lat' dir='ltr'><strong>per</strong></span> <span class='ocrx_word' id='word_1_4' title='bbox 461 386 711 447; x_wconf 80' lang='lat' dir='ltr'><strong>homines</strong></span> <span class='ocrx_word' id='word_1_5' title='bbox 742 403 754 440; x_wconf 92' lang='lat'><strong>:</strong></span> <span class='ocrx_word' id='word_1_6' title='bbox 798 386 935 445; x_wconf 84' lang='lat' dir='ltr'><strong>sicut</strong></span> <span class='ocrx_word' id='word_1_7' title='bbox 976 388 1125 460; x_wconf 72' lang='lat' dir='ltr'><strong>locus</strong></span> <span class='ocrx_word' id='word_1_8' title='bbox 1158 385 1332 440; x_wconf 86' lang='lat' dir='ltr'><strong>malus</strong></span> <span class='ocrx_word' id='word_1_9' title='bbox 1355 384 1574 449; x_wconf 90' lang='lat' dir='ltr'><strong>dicitur,</strong></span> <span class='ocrx_word' id='word_1_10' title='bbox 1607 384 1660 437; x_wconf 89' lang='lat' dir='ltr'><strong>in</strong></span> <span class='ocrx_word' id='word_1_11' title='bbox 1691 397 1796 451; x_wconf 89' lang='lat' dir='ltr'><strong>quo</strong></span> <span class='ocrx_word' id='word_1_12' title='bbox 1824 386 1874 444; x_wconf 78' lang='grc' dir='ltr'>Α</span> 
     </span>
    </p>
   </div>
   <div class='ocr_carea' id='block_1_3' title="bbox 201 480 973 553">
    <p class='ocr_par' dir='ltr' id='par_1_3' title="bbox 201 480 973 553">
     <span class='ocr_line' id='line_1_3' title="bbox 201 480 973 553; baseline -0.006 -14"><span class='ocrx_word' id='word_1_13' title='bbox 201 483 404 553; x_wconf 84' lang='lat' dir='ltr'><strong>aliquid</strong></span> <span class='ocrx_word' id='word_1_14' title='bbox 432 482 793 538; x_wconf 85' lang='lat' dir='ltr'><strong>committitur</strong></span> <span class='ocrx_word' id='word_1_15' title='bbox 826 480 973 534; x_wconf 85' lang='lat' dir='ltr'><strong>mali.</strong></span> 
     </span>
    </p>
   </div>
   <div class='ocr_carea' id='block_1_4' title="bbox 269 569 1782 644">
    <p class='ocr_par' dir='ltr' id='par_1_4' title="bbox 269 569 1782 644">
     <span class='ocr_line' id='line_1_4' title="bbox 269 569 1782 644; baseline -0.002 -16"><span class='ocrx_word' id='word_1_16' title='bbox 269 575 556 644; x_wconf 69' lang='lat' dir='ltr'><em>Propterta</em></span> <span class='ocrx_word' id='word_1_17' title='bbox 578 574 734 628; x_wconf 80' lang='lat' dir='ltr'><strong>nolite</strong></span> <span class='ocrx_word' id='word_1_18' title='bbox 756 573 867 641; x_wconf 82' lang='lat' dir='ltr'><em>ﬁeri</em></span> <span class='ocrx_word' id='word_1_19' title='bbox 896 571 1273 642; x_wconf 74' lang='lat' dir='ltr'><strong>imprudentes,</strong></span> <span class='ocrx_word' id='word_1_20' title='bbox 1299 572 1391 627; x_wconf 82' lang='lat' dir='ltr'><em>sed</em></span> <span class='ocrx_word' id='word_1_21' title='bbox 1440 569 1782 639; x_wconf 77' lang='lat' dir='ltr'><em>intelligentes</em></span> 
     </span>
    </p>
   </div>
   <div class='ocr_carea' id='block_1_5' title="bbox 198 662 1800 739">
    <p class='ocr_par' dir='ltr' id='par_1_5' title="bbox 198 662 1800 739">
     <span class='ocr_line' id='line_1_5' title="bbox 198 662 1800 739; baseline -0.004 -18"><span class='ocrx_word' id='word_1_22' title='bbox 198 684 313 739; x_wconf 79' lang='lat' dir='ltr'><em>qute</em></span> <span class='ocrx_word' id='word_1_23' title='bbox 350 668 414 721; x_wconf 88' lang='lat' dir='ltr'><em>sit</em></span> <span class='ocrx_word' id='word_1_24' title='bbox 442 667 681 723; x_wconf 75' lang='lat' dir='ltr'><em>voluntas</em></span> <span class='ocrx_word' id='word_1_25' title='bbox 713 665 827 719; x_wconf 77' lang='lat' dir='ltr'><em>Dei.</em></span> <span class='ocrx_word' id='word_1_26' title='bbox 860 664 1190 723; x_wconf 89' lang='lat' dir='ltr'><strong>Scrutamini</strong></span> <span class='ocrx_word' id='word_1_27' title='bbox 1225 664 1421 733; x_wconf 82' lang='lat' dir='ltr'><strong>legem,</strong></span> <span class='ocrx_word' id='word_1_28' title='bbox 1470 662 1526 721; x_wconf 88' lang='lat' dir='ltr'><strong>in</strong></span> <span class='ocrx_word' id='word_1_29' title='bbox 1560 676 1665 734; x_wconf 88' lang='lat' dir='ltr'><strong>qua</strong></span> <span class='ocrx_word' id='word_1_30' title='bbox 1705 675 1800 715; x_wconf 76' lang='lat' dir='ltr'><strong>vo-</strong></span> 
     </span>
    </p>
   </div>
   <div class='ocr_carea' id='block_1_6' title="bbox 201 761 736 832">
    <p class='ocr_par' dir='ltr' id='par_1_6' title="bbox 201 761 736 832">
     <span class='ocr_line' id='line_1_6' title="bbox 201 761 736 832; baseline -0.009 -15"><span class='ocrx_word' id='word_1_31' title='bbox 201 763 378 818; x_wconf 77' lang='lat' dir='ltr'><strong>luntas</strong></span> <span class='ocrx_word' id='word_1_32' title='bbox 401 761 736 832; x_wconf 81' lang='lat' dir='ltr'><strong>agnoscitur.</strong></span> 
     </span>
    </p>
   </div>
   <div class='ocr_carea' id='block_1_7' title="bbox 272 846 1797 919">
    <p class='ocr_par' dir='ltr' id='par_1_7' title="bbox 272 846 1797 919">
     <span class='ocr_line' id='line_1_7' title="bbox 272 846 1797 919; baseline -0.005 -12"><span class='ocrx_word' id='word_1_33' title='bbox 272 853 339 907; x_wconf 88' lang='lat' dir='ltr'><strong>Et</strong></span> <span class='ocrx_word' id='word_1_34' title='bbox 372 855 529 907; x_wconf 91' lang='lat' dir='ltr'><em>nolite</em></span> <span class='ocrx_word' id='word_1_35' title='bbox 552 851 799 911; x_wconf 78' lang='lat' dir='ltr'><strong>inebriari</strong></span> <span class='ocrx_word' id='word_1_36' title='bbox 829 850 968 916; x_wconf 81' lang='lat' dir='ltr'><em>vino,</em></span> <span class='ocrx_word' id='word_1_37' title='bbox 992 850 1045 904; x_wconf 90' lang='lat' dir='ltr'><em>in</em></span> <span class='ocrx_word' id='word_1_38' title='bbox 1073 865 1175 919; x_wconf 89' lang='lat' dir='ltr'><strong>quo</strong></span> <span class='ocrx_word' id='word_1_39' title='bbox 1206 858 1281 902; x_wconf 86' lang='lat' dir='ltr'><strong>est</strong></span> <span class='ocrx_word' id='word_1_40' title='bbox 1305 848 1517 903; x_wconf 70' lang='lat' dir='ltr'><em>luxuria</em></span> <span class='ocrx_word' id='word_1_41' title='bbox 1540 863 1559 901; x_wconf 91' lang='lat'><strong><em>:</em></strong></span> <span class='ocrx_word' id='word_1_42' title='bbox 1589 846 1677 901; x_wconf 88' lang='lat' dir='ltr'><em>sed</em></span> <span class='ocrx_word' id='word_1_43' title='bbox 1700 846 1797 900; x_wconf 84' lang='lat' dir='ltr'><strong>iut-</strong></span> 
     </span>
    </p>
   </div>
   <div class='ocr_carea' id='block_1_8' title="bbox 202 936 1801 1017">
    <p class='ocr_par' dir='ltr' id='par_1_8' title="bbox 202 936 1801 1017">
     <span class='ocr_line' id='line_1_8' title="bbox 202 936 1801 1017; baseline -0.006 -16"><span class='ocrx_word' id='word_1_44' title='bbox 202 946 445 1017; x_wconf 86' lang='lat' dir='ltr'><em>pleamini</em></span> <span class='ocrx_word' id='word_1_45' title='bbox 477 945 681 1016; x_wconf 86' lang='lat' dir='ltr'><em>Spiritu</em></span> <span class='ocrx_word' id='word_1_46' title='bbox 734 953 928 997; x_wconf 82' lang='lat' dir='ltr'><em>sancto.</em></span> <span class='ocrx_word' id='word_1_47' title='bbox 980 941 1223 1012; x_wconf 78' lang='lat' dir='ltr'><strong>Exponit</strong></span> <span class='ocrx_word' id='word_1_48' title='bbox 1265 940 1617 996; x_wconf 66' lang='lat' dir='ltr'><strong>continentia:</strong></span> <span class='ocrx_word' id='word_1_49' title='bbox 1655 936 1801 993; x_wconf 87' lang='lat' dir='ltr'><strong>utili-</strong></span> 
     </span>
    </p>
   </div>
   <div class='ocr_carea' id='block_1_9' title="bbox 200 1031 1802 1105">
    <p class='ocr_par' dir='ltr' id='par_1_9' title="bbox 200 1031 1802 1105">
     <span class='ocr_line' id='line_1_9' title="bbox 200 1031 1802 1105; baseline -0.004 -13"><span class='ocrx_word' id='word_1_50' title='bbox 200 1047 384 1093; x_wconf 90' lang='lat' dir='ltr'><strong>tatem.</strong></span> <span class='ocrx_word' id='word_1_51' title='bbox 416 1037 548 1105; x_wconf 83' lang='lat' dir='ltr'><strong>Quia</strong></span> <span class='ocrx_word' id='word_1_52' title='bbox 576 1036 804 1091; x_wconf 71' lang='lat' dir='ltr'><strong>luxuria:</strong></span> <span class='ocrx_word' id='word_1_53' title='bbox 832 1034 1114 1090; x_wconf 74' lang='lat' dir='ltr'><strong>materiam</strong></span> <span class='ocrx_word' id='word_1_54' title='bbox 1140 1039 1399 1102; x_wconf 77' lang='lat' dir='ltr'><strong>expetere</strong></span> <span class='ocrx_word' id='word_1_55' title='bbox 1420 1048 1525 1089; x_wconf 90' lang='lat' dir='ltr'><strong>non</strong></span> <span class='ocrx_word' id='word_1_56' title='bbox 1550 1031 1802 1088; x_wconf 84' lang='lat' dir='ltr'><strong>convenit</strong></span> 
     </span>
    </p>
   </div>
   <div class='ocr_carea' id='block_1_10' title="bbox 198 1125 1334 1198">
    <p class='ocr_par' dir='ltr' id='par_1_10' title="bbox 198 1125 1334 1198">
     <span class='ocr_line' id='line_1_10' title="bbox 198 1125 1334 1198; baseline -0.004 -14"><span class='ocrx_word' id='word_1_57' title='bbox 198 1128 497 1196; x_wconf 73' lang='lat' dir='ltr'><strong>cruciﬁxis,</strong></span> <span class='ocrx_word' id='word_1_58' title='bbox 530 1128 626 1183; x_wconf 87' lang='lat' dir='ltr'><strong>sed</strong></span> <span class='ocrx_word' id='word_1_59' title='bbox 658 1127 865 1198; x_wconf 77' lang='lat' dir='ltr'><strong>Spiritu</strong></span> <span class='ocrx_word' id='word_1_60' title='bbox 895 1135 1085 1181; x_wconf 81' lang='lat' dir='ltr'><strong>sancto</strong></span> <span class='ocrx_word' id='word_1_61' title='bbox 1114 1125 1334 1196; x_wconf 85' lang='lat' dir='ltr'><strong>repleri.</strong></span> 
     </span>
    </p>
   </div>
   <div class='ocr_carea' id='block_1_11' title="bbox 267 1214 1802 1295">
    <p class='ocr_par' dir='ltr' id='par_1_11' title="bbox 267 1214 1802 1295">
     <span class='ocr_line' id='line_1_11' title="bbox 267 1214 1802 1295; baseline -0.006 -17"><span class='ocrx_word' id='word_1_62' title='bbox 267 1223 557 1295; x_wconf 77' lang='lat' dir='ltr'><em>Loqueutrs</em></span> <span class='ocrx_word' id='word_1_63' title='bbox 596 1221 972 1286; x_wconf 75' lang='lat' dir='ltr'><em>robismetipsis</em></span> <span class='ocrx_word' id='word_1_64' title='bbox 1002 1220 1052 1273; x_wconf 87' lang='lat' dir='ltr'><em>in</em></span> <span class='ocrx_word' id='word_1_65' title='bbox 1104 1217 1343 1289; x_wconf 76' lang='lat' dir='ltr'><strong>psalmis,</strong></span> <span class='ocrx_word' id='word_1_66' title='bbox 1394 1224 1441 1272; x_wconf 89' lang='lat' dir='ltr'><strong>et</strong></span> <span class='ocrx_word' id='word_1_67' title='bbox 1490 1214 1713 1286; x_wconf 70' lang='lat' dir='ltr'><strong>hymnis,</strong></span> <span class='ocrx_word' id='word_1_68' title='bbox 1752 1223 1802 1269; x_wconf 89' lang='lat' dir='ltr'><em>et</em></span> 
     </span>
    </p>
   </div>
   <div class='ocr_carea' id='block_1_12' title="bbox 197 1307 1803 1385">
    <p class='ocr_par' dir='ltr' id='par_1_12' title="bbox 197 1307 1803 1385">
     <span class='ocr_line' id='line_1_12' title="bbox 197 1307 1803 1385; baseline -0.004 -17"><span class='ocrx_word' id='word_1_69' title='bbox 197 1316 411 1369; x_wconf 83' lang='lat' dir='ltr'><em>canticis</em></span> <span class='ocrx_word' id='word_1_70' title='bbox 442 1314 828 1385; x_wconf 86' lang='lat' dir='ltr'><em>spiritualibus.</em></span> <span class='ocrx_word' id='word_1_71' title='bbox 853 1310 969 1365; x_wconf 81' lang='lat' dir='ltr'><strong>Non</strong></span> <span class='ocrx_word' id='word_1_72' title='bbox 996 1311 1046 1363; x_wconf 90' lang='lat' dir='ltr'><strong>in</strong></span> <span class='ocrx_word' id='word_1_73' title='bbox 1081 1310 1294 1364; x_wconf 91' lang='lat' dir='ltr'><strong>actibus</strong></span> <span class='ocrx_word' id='word_1_74' title='bbox 1321 1308 1530 1375; x_wconf 71' lang='lat' dir='ltr'><strong>SUDCUll,</strong></span> <span class='ocrx_word' id='word_1_75' title='bbox 1560 1307 1700 1359; x_wconf 85' lang='lat' dir='ltr'><strong>sicut</strong></span> <span class='ocrx_word' id='word_1_76' title='bbox 1726 1307 1803 1362; x_wconf 87' lang='lat' dir='ltr'><strong>ait</strong></span> 
     </span>
    </p>
   </div>
   <div class='ocr_carea' id='block_1_13' title="bbox 198 1400 1798 1473">
    <p class='ocr_par' dir='ltr' id='par_1_13' title="bbox 198 1400 1798 1473">
     <span class='ocr_line' id='line_1_13' title="bbox 198 1400 1798 1473; baseline -0.004 -12"><span class='ocrx_word' id='word_1_77' title='bbox 198 1406 470 1473; x_wconf 67' lang='lat' dir='ltr'><strong>PPOIlllela</strong></span> <span class='ocrx_word' id='word_1_78' title='bbox 508 1422 518 1455; x_wconf 88' lang='lat'>:</span> <span class='ocrx_word' id='word_1_79' title='bbox 546 1402 615 1459; x_wconf 89' lang='lat' dir='ltr'><strong>Ut</strong></span> <span class='ocrx_word' id='word_1_80' title='bbox 638 1418 743 1458; x_wconf 91' lang='lat' dir='ltr'><strong>non</strong></span> <span class='ocrx_word' id='word_1_81' title='bbox 770 1404 1022 1471; x_wconf 63' lang='lat' dir='ltr'><strong>loquatur</strong></span> <span class='ocrx_word' id='word_1_82' title='bbox 1039 1416 1098 1453; x_wconf 88' lang='lat' dir='ltr'><strong>os</strong></span> <span class='ocrx_word' id='word_1_83' title='bbox 1118 1415 1298 1453; x_wconf 90' lang='lat' dir='ltr'><strong>meum</strong></span> <span class='ocrx_word' id='word_1_84' title='bbox 1319 1415 1480 1470; x_wconf 87' lang='lat' dir='ltr'><strong>opera</strong></span> <span class='ocrx_word' id='word_1_85' title='bbox 1499 1400 1798 1455; x_wconf 82' lang='lat' dir='ltr'><strong>hominum.</strong></span> 
     </span>
    </p>
   </div>
   <div class='ocr_carea' id='block_1_14' title="bbox 271 1488 1799 1565">
    <p class='ocr_par' dir='ltr' id='par_1_14' title="bbox 271 1488 1799 1565">
     <span class='ocr_line' id='line_1_14' title="bbox 271 1488 1799 1565; baseline -0.003 -16"><span class='ocrx_word' id='word_1_86' title='bbox 271 1494 547 1549; x_wconf 80' lang='lat' dir='ltr'><em>Cantantes</em></span> <span class='ocrx_word' id='word_1_87' title='bbox 592 1503 637 1546; x_wconf 89' lang='lat' dir='ltr'><strong>et</strong></span> <span class='ocrx_word' id='word_1_88' title='bbox 685 1491 961 1565; x_wconf 77' lang='lat' dir='ltr'><strong>psallentes</strong></span> <span class='ocrx_word' id='word_1_89' title='bbox 1010 1492 1064 1545; x_wconf 90' lang='lat' dir='ltr'><strong>in</strong></span> <span class='ocrx_word' id='word_1_90' title='bbox 1092 1490 1335 1545; x_wconf 83' lang='lat' dir='ltr'><strong>cordibus</strong></span> <span class='ocrx_word' id='word_1_91' title='bbox 1361 1492 1563 1545; x_wconf 76' lang='lat' dir='ltr'><strong>vestris.</strong></span> <span class='ocrx_word' id='word_1_92' title='bbox 1596 1488 1674 1545; x_wconf 83' lang='lat' dir='ltr'><strong>Ne</strong></span> <span class='ocrx_word' id='word_1_93' title='bbox 1705 1504 1799 1546; x_wconf 91' lang='lat' dir='ltr'><strong>ore</strong></span> 
     </span>
    </p>
   </div>
   <div class='ocr_carea' id='block_1_15' title="bbox 200 1585 1093 1642">
    <p class='ocr_par' dir='ltr' id='par_1_15' title="bbox 200 1585 1093 1642">
     <span class='ocr_line' id='line_1_15' title="bbox 200 1585 1093 1642; baseline -0.006 0"><span class='ocrx_word' id='word_1_94' title='bbox 200 1596 403 1642; x_wconf 89' lang='lat' dir='ltr'><strong>tantum</strong></span> <span class='ocrx_word' id='word_1_95' title='bbox 429 1585 593 1640; x_wconf 72' lang='lat' dir='ltr'><strong>verba</strong></span> <span class='ocrx_word' id='word_1_96' title='bbox 628 1586 720 1638; x_wconf 87' lang='lat' dir='ltr'><strong>Dei</strong></span> <span class='ocrx_word' id='word_1_97' title='bbox 753 1598 1093 1639; x_wconf 88' lang='lat' dir='ltr'><strong>resonemus.</strong></span> 
     </span>
    </p>
   </div>
   <div class='ocr_carea' id='block_1_16' title="bbox 276 1678 1800 1750">
    <p class='ocr_par' dir='ltr' id='par_1_16' title="bbox 276 1678 1800 1750">
     <span class='ocr_line' id='line_1_16' title="bbox 276 1678 1800 1750; baseline -0.001 -18"><span class='ocrx_word' id='word_1_98' title='bbox 276 1679 494 1734; x_wconf 88' lang='lat' dir='ltr'><em>Domino</em></span> <span class='ocrx_word' id='word_1_99' title='bbox 515 1681 713 1750; x_wconf 86' lang='lat' dir='ltr'><em>gratias</em></span> <span class='ocrx_word' id='word_1_100' title='bbox 757 1687 962 1750; x_wconf 78' lang='lat' dir='ltr'><strong>agentes</strong></span> <span class='ocrx_word' id='word_1_101' title='bbox 1005 1694 1207 1745; x_wconf 83' lang='lat' dir='ltr'><em>semper</em></span> <span class='ocrx_word' id='word_1_102' title='bbox 1236 1695 1328 1750; x_wconf 90' lang='lat' dir='ltr'><strong>pro</strong></span> <span class='ocrx_word' id='word_1_103' title='bbox 1355 1678 1590 1732; x_wconf 87' lang='lat' dir='ltr'><em>omnibus</em></span> <span class='ocrx_word' id='word_1_104' title='bbox 1624 1679 1676 1731; x_wconf 88' lang='lat' dir='ltr'><em>iu</em></span> <span class='ocrx_word' id='word_1_105' title='bbox 1707 1692 1800 1731; x_wconf 87' lang='lat' dir='ltr'><strong>no-</strong></span> 
     </span>
    </p>
   </div>
   <div class='ocr_carea' id='block_1_17' title="bbox 865 258 2799 333">
    <p class='ocr_par' dir='ltr' id='par_1_17' title="bbox 865 258 2799 333">
     <span class='ocr_line' id='line_1_17' title="bbox 865 258 2799 333; baseline -0.006 -7"><span class='ocrx_word' id='word_1_106' title='bbox 865 268 1413 326; x_wconf 69' lang='lat' dir='ltr'><strong>COMMENTARIUS</strong></span> <span class='ocrx_word' id='word_1_107' title='bbox 1452 267 1517 323; x_wconf 85' lang='lat' dir='ltr'><strong>IN</strong></span> <span class='ocrx_word' id='word_1_108' title='bbox 1559 262 1941 333; x_wconf 67' lang='lat' dir='ltr'><strong>EPlSTOLAM</strong></span> <span class='ocrx_word' id='word_1_109' title='bbox 1984 263 2076 320; x_wconf 81' lang='lat' dir='ltr'><strong>AD</strong></span> <span class='ocrx_word' id='word_1_110' title='bbox 2116 260 2470 321; x_wconf 80' lang='lat' dir='ltr'><strong>EPllESlOS.</strong></span> <span class='ocrx_word' id='word_1_111' title='bbox 2512 259 2667 317; x_wconf 76' lang='lat' dir='ltr'><strong>CAP.</strong></span> <span class='ocrx_word' id='word_1_112' title='bbox 2708 258 2799 316; x_wconf 77' lang='lat' dir='ltr'><strong>Vl.</strong></span> 
     </span>
    </p>
   </div>
   <div class='ocr_carea' id='block_1_18' title="bbox 3387 260 3493 319">
    <p class='ocr_par' dir='ltr' id='par_1_18' title="bbox 3387 260 3493 319">
     <span class='ocr_line' id='line_1_18' title="bbox 3387 260 3493 319; baseline -0.009 0"><span class='ocrx_word' id='word_1_113' title='bbox 3387 260 3493 319; x_wconf 78' lang='lat'><strong>838</strong></span> 
     </span>
    </p>
   </div>
   <div class='ocr_carea' id='block_1_19' title="bbox 1972 378 3494 450">
    <p class='ocr_par' dir='ltr' id='par_1_19' title="bbox 1972 378 3494 450">
     <span class='ocr_line' id='line_1_19' title="bbox 1972 378 3494 450; baseline -0.001 -15"><span class='ocrx_word' id='word_1_114' title='bbox 1972 380 2138 435; x_wconf 75' lang='lat' dir='ltr'><em>Nemo</em></span> <span class='ocrx_word' id='word_1_115' title='bbox 2165 380 2299 434; x_wconf 88' lang='lat' dir='ltr'><strong>enim</strong></span> <span class='ocrx_word' id='word_1_116' title='bbox 2340 396 2583 450; x_wconf 85' lang='lat' dir='ltr'><strong><em>umquam</em></strong></span> <span class='ocrx_word' id='word_1_117' title='bbox 2609 394 2811 435; x_wconf 81' lang='lat' dir='ltr'><em>carnem</em></span> <span class='ocrx_word' id='word_1_118' title='bbox 2835 394 2979 432; x_wconf 84' lang='lat' dir='ltr'><em>suam</em></span> <span class='ocrx_word' id='word_1_119' title='bbox 3026 378 3144 433; x_wconf 89' lang='lat' dir='ltr'><em>odio</em></span> <span class='ocrx_word' id='word_1_120' title='bbox 3175 378 3371 442; x_wconf 77' lang='lat' dir='ltr'><em>habuit,</em></span> <span class='ocrx_word' id='word_1_121' title='bbox 3405 381 3494 434; x_wconf 85' lang='lat' dir='ltr'><strong>sed</strong></span> 
     </span>
    </p>
   </div>
   <div class='ocr_carea' id='block_1_20' title="bbox 1900 472 3493 545">
    <p class='ocr_par' dir='ltr' id='par_1_20' title="bbox 1900 472 3493 545">
     <span class='ocr_line' id='line_1_20' title="bbox 1900 472 3493 545; baseline 0 -17"><span class='ocrx_word' id='word_1_122' title='bbox 1900 476 2063 529; x_wconf 88' lang='lat' dir='ltr'><em>nutrit</em></span> <span class='ocrx_word' id='word_1_123' title='bbox 2094 486 2140 529; x_wconf 90' lang='lat' dir='ltr'><em>et</em></span> <span class='ocrx_word' id='word_1_124' title='bbox 2172 476 2307 545; x_wconf 76' lang='lat' dir='ltr'><em>[ovet</em></span> <span class='ocrx_word' id='word_1_125' title='bbox 2350 490 2484 527; x_wconf 89' lang='lat' dir='ltr'><em>eam.</em></span> <span class='ocrx_word' id='word_1_126' title='bbox 2516 472 2632 527; x_wconf 85' lang='lat' dir='ltr'><strong>Non</strong></span> <span class='ocrx_word' id='word_1_127' title='bbox 2665 482 2723 527; x_wconf 92' lang='lat' dir='ltr'><strong>ut</strong></span> <span class='ocrx_word' id='word_1_128' title='bbox 2754 473 2802 526; x_wconf 90' lang='lat' dir='ltr'><strong>ei</strong></span> <span class='ocrx_word' id='word_1_129' title='bbox 2836 472 3052 527; x_wconf 78' lang='lat' dir='ltr'><strong>labores</strong></span> <span class='ocrx_word' id='word_1_130' title='bbox 3078 481 3134 526; x_wconf 89' lang='lat' dir='ltr'><strong>et</strong></span> <span class='ocrx_word' id='word_1_131' title='bbox 3157 473 3376 529; x_wconf 83' lang='lat' dir='ltr'><strong>dolores</strong></span> <span class='ocrx_word' id='word_1_132' title='bbox 3408 472 3493 528; x_wconf 58' lang='lat' dir='ltr'><strong>in.</strong></span> 
     </span>
    </p>
   </div>
   <div class='ocr_carea' id='block_1_21' title="bbox 1899 564 3495 639">
    <p class='ocr_par' dir='ltr' id='par_1_21' title="bbox 1899 564 3495 639">
     <span class='ocr_line' id='line_1_21' title="bbox 1899 564 3495 639; baseline -0.004 -14"><span class='ocrx_word' id='word_1_133' title='bbox 1899 569 2069 639; x_wconf 77' lang='lat' dir='ltr'><strong>ﬁigat,</strong></span> <span class='ocrx_word' id='word_1_134' title='bbox 2100 568 2195 622; x_wconf 85' lang='lat' dir='ltr'><strong>sed</strong></span> <span class='ocrx_word' id='word_1_135' title='bbox 2227 578 2284 622; x_wconf 90' lang='lat' dir='ltr'><strong>ut</strong></span> <span class='ocrx_word' id='word_1_136' title='bbox 2331 581 2578 625; x_wconf 76' lang='lat' dir='ltr'><strong>securam</strong></span> <span class='ocrx_word' id='word_1_137' title='bbox 2626 565 2786 620; x_wconf 78' lang='lat' dir='ltr'><strong>faciat</strong></span> <span class='ocrx_word' id='word_1_138' title='bbox 2830 572 2887 619; x_wconf 86' lang='lat' dir='ltr'><strong>et</strong></span> <span class='ocrx_word' id='word_1_139' title='bbox 2912 564 3169 632; x_wconf 79' lang='lat' dir='ltr'><strong>quietam.</strong></span> <span class='ocrx_word' id='word_1_140' title='bbox 3202 566 3317 621; x_wconf 82' lang='lat' dir='ltr'><strong>Non</strong></span> <span class='ocrx_word' id='word_1_141' title='bbox 3353 582 3495 635; x_wconf 76' lang='lat' dir='ltr'><strong>nun-</strong></span> 
     </span>
    </p>
   </div>
   <div class='ocr_carea' id='block_1_22' title="bbox 1902 658 3273 729">
    <p class='ocr_par' dir='ltr' id='par_1_22' title="bbox 1902 658 3273 729">
     <span class='ocr_line' id='line_1_22' title="bbox 1902 658 3273 729; baseline -0.002 -11"><span class='ocrx_word' id='word_1_142' title='bbox 1902 665 2004 718; x_wconf 78' lang='lat' dir='ltr'><strong>tias</strong></span> <span class='ocrx_word' id='word_1_143' title='bbox 2026 663 2266 729; x_wconf 79' lang='lat' dir='ltr'><strong>damnat,</strong></span> <span class='ocrx_word' id='word_1_144' title='bbox 2298 662 2393 717; x_wconf 78' lang='lat' dir='ltr'><strong>sed</strong></span> <span class='ocrx_word' id='word_1_145' title='bbox 2423 660 2488 715; x_wconf 89' lang='lat' dir='ltr'><strong>ad</strong></span> <span class='ocrx_word' id='word_1_146' title='bbox 2518 658 2907 715; x_wconf 76' lang='lat' dir='ltr'><strong>continentiam</strong></span> <span class='ocrx_word' id='word_1_147' title='bbox 2938 658 3273 715; x_wconf 78' lang='lat' dir='ltr'><strong>cohortatur.</strong></span> 
     </span>
    </p>
   </div>
   <div class='ocr_carea' id='block_1_23' title="bbox 1975 750 3499 821">
    <p class='ocr_par' dir='ltr' id='par_1_23' title="bbox 1975 750 3499 821">
     <span class='ocr_line' id='line_1_23' title="bbox 1975 750 3499 821; baseline -0.001 -11"><span class='ocrx_word' id='word_1_148' title='bbox 1975 755 2120 811; x_wconf 80' lang='lat' dir='ltr'><strong>Sicut</strong></span> <span class='ocrx_word' id='word_1_149' title='bbox 2175 764 2222 810; x_wconf 89' lang='lat' dir='ltr'><em>et</em></span> <span class='ocrx_word' id='word_1_150' title='bbox 2270 753 2503 810; x_wconf 74' lang='lat' dir='ltr'><strong>Christus</strong></span> <span class='ocrx_word' id='word_1_151' title='bbox 2529 751 2816 809; x_wconf 80' lang='lat' dir='ltr'><em>Ecclesium</em></span> <span class='ocrx_word' id='word_1_152' title='bbox 2848 767 2868 807; x_wconf 71' lang='grc' dir='ltr'><strong>ι</strong></span> <span class='ocrx_word' id='word_1_153' title='bbox 2896 750 3015 821; x_wconf 85' lang='lat' dir='ltr'><strong>quia</strong></span> <span class='ocrx_word' id='word_1_154' title='bbox 3046 750 3272 806; x_wconf 85' lang='lat' dir='ltr'><em>membra</em></span> <span class='ocrx_word' id='word_1_155' title='bbox 3320 768 3499 811; x_wconf 77' lang='lat' dir='ltr'><em>sumus</em></span> 
     </span>
    </p>
   </div>
   <div class='ocr_carea' id='block_1_24' title="bbox 1902 842 3497 919">
    <p class='ocr_par' dir='ltr' id='par_1_24' title="bbox 1902 842 3497 919">
     <span class='ocr_line' id='line_1_24' title="bbox 1902 842 3497 919; baseline -0.001 -16"><span class='ocrx_word' id='word_1_156' title='bbox 1902 847 2135 913; x_wconf 83' lang='lat' dir='ltr'><strong>corporis</strong></span> <span class='ocrx_word' id='word_1_157' title='bbox 2162 849 2294 919; x_wconf 83' lang='lat' dir='ltr'><em>ejus.</em></span> <span class='ocrx_word' id='word_1_158' title='bbox 2328 844 2567 901; x_wconf 84' lang='lat' dir='ltr'><strong>Membra</strong></span> <span class='ocrx_word' id='word_1_159' title='bbox 2616 845 2733 915; x_wconf 84' lang='lat' dir='ltr'><strong>ejus</strong></span> <span class='ocrx_word' id='word_1_160' title='bbox 2778 859 2903 901; x_wconf 90' lang='lat' dir='ltr'><strong>eum</strong></span> <span class='ocrx_word' id='word_1_161' title='bbox 2941 842 3141 903; x_wconf 82' lang='lat' dir='ltr'><strong>debent</strong></span> <span class='ocrx_word' id='word_1_162' title='bbox 3168 846 3221 901; x_wconf 91' lang='lat' dir='ltr'><strong>in</strong></span> <span class='ocrx_word' id='word_1_163' title='bbox 3247 846 3497 901; x_wconf 87' lang='lat' dir='ltr'><strong>omnibus</strong></span> 
     </span>
    </p>
   </div>
   <div class='ocr_carea' id='block_1_25' title="bbox 1902 940 2121 994">
    <p class='ocr_par' dir='ltr' id='par_1_25' title="bbox 1902 940 2121 994">
     <span class='ocr_line' id='line_1_25' title="bbox 1902 940 2121 994; baseline -0.014 0"><span class='ocrx_word' id='word_1_164' title='bbox 1902 940 2121 994; x_wconf 86' lang='lat' dir='ltr'><strong>imitari.</strong></span> 
     </span>
    </p>
   </div>
   <div class='ocr_carea' id='block_1_26' title="bbox 1978 1029 3501 1102">
    <p class='ocr_par' dir='ltr' id='par_1_26' title="bbox 1978 1029 3501 1102">
     <span class='ocr_line' id='line_1_26' title="bbox 1978 1029 3501 1102; baseline -0.001 -17"><span class='ocrx_word' id='word_1_165' title='bbox 1978 1031 2053 1085; x_wconf 89' lang='lat' dir='ltr'><strong>De</strong></span> <span class='ocrx_word' id='word_1_166' title='bbox 2078 1047 2232 1085; x_wconf 88' lang='lat' dir='ltr'><em>carne</em></span> <span class='ocrx_word' id='word_1_167' title='bbox 2261 1031 2373 1100; x_wconf 80' lang='lat' dir='ltr'><em>ejus</em></span> <span class='ocrx_word' id='word_1_168' title='bbox 2415 1038 2459 1085; x_wconf 90' lang='lat' dir='ltr'><strong>et</strong></span> <span class='ocrx_word' id='word_1_169' title='bbox 2489 1029 2553 1085; x_wconf 90' lang='lat' dir='ltr'><strong>de</strong></span> <span class='ocrx_word' id='word_1_170' title='bbox 2580 1029 2777 1085; x_wconf 87' lang='lat' dir='ltr'><em>ossibus</em></span> <span class='ocrx_word' id='word_1_171' title='bbox 2806 1033 2938 1102; x_wconf 82' lang='lat' dir='ltr'><em>ejus.</em></span> <span class='ocrx_word' id='word_1_172' title='bbox 2970 1030 3191 1102; x_wconf 83' lang='lat' dir='ltr'><em>Propter</em></span> <span class='ocrx_word' id='word_1_173' title='bbox 3219 1030 3313 1086; x_wconf 87' lang='lat' dir='ltr'><strong>Itoc</strong></span> <span class='ocrx_word' id='word_1_174' title='bbox 3342 1030 3501 1085; x_wconf 81' lang='lat' dir='ltr'><em>relin-</em></span> 
     </span>
    </p>
   </div>
   <div class='ocr_carea' id='block_1_27' title="bbox 1901 1123 3494 1195">
    <p class='ocr_par' dir='ltr' id='par_1_27' title="bbox 1901 1123 3494 1195">
     <span class='ocr_line' id='line_1_27' title="bbox 1901 1123 3494 1195; baseline 0.001 -16"><span class='ocrx_word' id='word_1_175' title='bbox 1901 1136 2019 1195; x_wconf 83' lang='lat' dir='ltr'><em>quet</em></span> <span class='ocrx_word' id='word_1_176' title='bbox 2037 1123 2193 1179; x_wconf 88' lang='lat' dir='ltr'><strong>homo</strong></span> <span class='ocrx_word' id='word_1_177' title='bbox 2208 1134 2404 1195; x_wconf 83' lang='lat' dir='ltr'><strong>patrem</strong></span> <span class='ocrx_word' id='word_1_178' title='bbox 2424 1133 2470 1178; x_wconf 88' lang='lat' dir='ltr'><em>et</em></span> <span class='ocrx_word' id='word_1_179' title='bbox 2483 1133 2700 1178; x_wconf 82' lang='lat' dir='ltr'><em>matrem</em></span> <span class='ocrx_word' id='word_1_180' title='bbox 2722 1140 2885 1179; x_wconf 87' lang='lat' dir='ltr'><em>suam.</em></span> <span class='ocrx_word' id='word_1_181' title='bbox 2908 1126 3126 1189; x_wconf 73' lang='lat' dir='ltr'><strong>Amore,</strong></span> <span class='ocrx_word' id='word_1_182' title='bbox 3143 1124 3187 1178; x_wconf 91' lang='lat' dir='ltr'><strong>si</strong></span> <span class='ocrx_word' id='word_1_183' title='bbox 3208 1138 3314 1178; x_wconf 90' lang='lat' dir='ltr'><strong>non</strong></span> <span class='ocrx_word' id='word_1_184' title='bbox 3332 1123 3494 1181; x_wconf 78' lang='lat' dir='ltr'><strong>bono.</strong></span> 
     </span>
    </p>
   </div>
   <div class='ocr_carea' id='block_1_28' title="bbox 1974 1214 3495 1279">
    <p class='ocr_par' dir='ltr' id='par_1_28' title="bbox 1974 1214 3495 1279">
     <span class='ocr_line' id='line_1_28' title="bbox 1974 1214 3495 1279; baseline 0.003 -12"><span class='ocrx_word' id='word_1_185' title='bbox 1974 1214 2041 1268; x_wconf 86' lang='lat' dir='ltr'><em>Et</em></span> <span class='ocrx_word' id='word_1_186' title='bbox 2069 1214 2349 1269; x_wconf 61' lang='lat' dir='ltr'><em>adhaerebit</em></span> <span class='ocrx_word' id='word_1_187' title='bbox 2380 1216 2530 1268; x_wconf 72' lang='lat' dir='ltr'><strong>uxori</strong></span> <span class='ocrx_word' id='word_1_188' title='bbox 2568 1232 2693 1279; x_wconf 76' lang='lat' dir='ltr'><strong>stuc,</strong></span> <span class='ocrx_word' id='word_1_189' title='bbox 2720 1227 2767 1269; x_wconf 91' lang='lat' dir='ltr'><em>et</em></span> <span class='ocrx_word' id='word_1_190' title='bbox 2795 1226 2942 1270; x_wconf 88' lang='lat' dir='ltr'><em>erunt</em></span> <span class='ocrx_word' id='word_1_191' title='bbox 2972 1216 3076 1271; x_wconf 91' lang='lat' dir='ltr'><em>duo</em></span> <span class='ocrx_word' id='word_1_192' title='bbox 3098 1216 3151 1269; x_wconf 86' lang='lat' dir='ltr'><em>in</em></span> <span class='ocrx_word' id='word_1_193' title='bbox 3190 1232 3343 1271; x_wconf 83' lang='lat' dir='ltr'><em>carne</em></span> <span class='ocrx_word' id='word_1_194' title='bbox 3366 1231 3495 1271; x_wconf 83' lang='lat' dir='ltr'><em>una.</em></span> 
     </span>
    </p>
   </div>
   <div class='ocr_carea' id='block_1_29' title="bbox 1902 1306 3500 1378">
    <p class='ocr_par' dir='ltr' id='par_1_29' title="bbox 1902 1306 3500 1378">
     <span class='ocr_line' id='line_1_29' title="bbox 1902 1306 3500 1378; baseline -0.001 -14"><span class='ocrx_word' id='word_1_195' title='bbox 1902 1306 2148 1377; x_wconf 83' lang='lat' dir='ltr'><strong>Objectio</strong></span> <span class='ocrx_word' id='word_1_196' title='bbox 2184 1324 2249 1363; x_wconf 82' lang='lat' dir='ltr'><strong>ex</strong></span> <span class='ocrx_word' id='word_1_197' title='bbox 2284 1321 2515 1378; x_wconf 86' lang='lat' dir='ltr'><em>persona</em></span> <span class='ocrx_word' id='word_1_198' title='bbox 2546 1308 2869 1375; x_wconf 82' lang='lat' dir='ltr'><strong>carnalium,</strong></span> <span class='ocrx_word' id='word_1_199' title='bbox 2901 1309 3196 1369; x_wconf 79' lang='lat' dir='ltr'><strong>volentium</strong></span> <span class='ocrx_word' id='word_1_200' title='bbox 3230 1324 3287 1365; x_wconf 85' lang='lat' dir='ltr'><strong>se</strong></span> <span class='ocrx_word' id='word_1_201' title='bbox 3316 1322 3500 1368; x_wconf 80' lang='lat' dir='ltr'><strong>amare</strong></span> 
     </span>
    </p>
   </div>
   <div class='ocr_carea' id='block_1_30' title="bbox 1902 1399 2920 1469">
    <p class='ocr_par' dir='ltr' id='par_1_30' title="bbox 1902 1399 2920 1469">
     <span class='ocr_line' id='line_1_30' title="bbox 1902 1399 2920 1469; baseline -0.001 -12"><span class='ocrx_word' id='word_1_202' title='bbox 1902 1401 2215 1466; x_wconf 75' lang='lat' dir='ltr'><strong>carnaliter,</strong></span> <span class='ocrx_word' id='word_1_203' title='bbox 2248 1410 2307 1456; x_wconf 90' lang='lat' dir='ltr'><strong>ut</strong></span> <span class='ocrx_word' id='word_1_204' title='bbox 2337 1399 2665 1469; x_wconf 80' lang='lat' dir='ltr'><strong>quibusdam</strong></span> <span class='ocrx_word' id='word_1_205' title='bbox 2688 1400 2920 1457; x_wconf 87' lang='lat' dir='ltr'><strong>videtur.</strong></span> 
     </span>
    </p>
   </div>
   <div class='ocr_carea' id='block_1_31' title="bbox 1979 1492 3501 1566">
    <p class='ocr_par' dir='ltr' id='par_1_31' title="bbox 1979 1492 3501 1566">
     <span class='ocr_line' id='line_1_31' title="bbox 1979 1492 3501 1566; baseline -0.001 -14"><span class='ocrx_word' id='word_1_206' title='bbox 1979 1497 2373 1552; x_wconf 84' lang='lat' dir='ltr'><em>Sacramentum</em></span> <span class='ocrx_word' id='word_1_207' title='bbox 2404 1494 2499 1548; x_wconf 86' lang='lat' dir='ltr'><strong>ltoc</strong></span> <span class='ocrx_word' id='word_1_208' title='bbox 2535 1510 2785 1565; x_wconf 86' lang='lat' dir='ltr'><em>magnum</em></span> <span class='ocrx_word' id='word_1_209' title='bbox 2828 1505 2925 1552; x_wconf 89' lang='lat' dir='ltr'><em>est.</em></span> <span class='ocrx_word' id='word_1_210' title='bbox 2956 1492 3072 1566; x_wconf 82' lang='lat' dir='ltr'><strong>Ego</strong></span> <span class='ocrx_word' id='word_1_211' title='bbox 3094 1504 3267 1549; x_wconf 87' lang='lat' dir='ltr'><em>autem</em></span> <span class='ocrx_word' id='word_1_212' title='bbox 3297 1496 3411 1551; x_wconf 86' lang='lat' dir='ltr'><strong>dico</strong></span> <span class='ocrx_word' id='word_1_213' title='bbox 3443 1495 3501 1550; x_wconf 85' lang='lat' dir='ltr'><em>in</em></span> 
     </span>
    </p>
   </div>
   <div class='ocr_carea' id='block_1_32' title="bbox 1903 1586 3503 1658">
    <p class='ocr_par' dir='ltr' id='par_1_32' title="bbox 1903 1586 3503 1658">
     <span class='ocr_line' id='line_1_32' title="bbox 1903 1586 3503 1658; baseline -0.001 -13"><span class='ocrx_word' id='word_1_214' title='bbox 1903 1589 2107 1645; x_wconf 81' lang='lat' dir='ltr'><em>Christo</em></span> <span class='ocrx_word' id='word_1_215' title='bbox 2128 1600 2176 1643; x_wconf 90' lang='lat' dir='ltr'><em>et</em></span> <span class='ocrx_word' id='word_1_216' title='bbox 2208 1591 2261 1644; x_wconf 87' lang='lat' dir='ltr'><strong>in</strong></span> <span class='ocrx_word' id='word_1_217' title='bbox 2282 1586 2539 1644; x_wconf 84' lang='lat' dir='ltr'><em>Ecclesia.</em></span> <span class='ocrx_word' id='word_1_218' title='bbox 2572 1586 2683 1658; x_wconf 80' lang='lat' dir='ltr'><strong>Ego</strong></span> <span class='ocrx_word' id='word_1_219' title='bbox 2715 1586 2839 1654; x_wconf 89' lang='lat' dir='ltr'><strong>hoc,</strong></span> <span class='ocrx_word' id='word_1_220' title='bbox 2867 1588 3061 1658; x_wconf 83' lang='lat' dir='ltr'><strong>inquit,</strong></span> <span class='ocrx_word' id='word_1_221' title='bbox 3088 1591 3139 1643; x_wconf 91' lang='lat' dir='ltr'><strong>in</strong></span> <span class='ocrx_word' id='word_1_222' title='bbox 3168 1588 3389 1643; x_wconf 84' lang='lat' dir='ltr'><strong>Christo</strong></span> <span class='ocrx_word' id='word_1_223' title='bbox 3417 1587 3503 1643; x_wconf 81' lang='lat' dir='ltr'><strong>in-</strong></span> 
     </span>
    </p>
   </div>
   <div class='ocr_carea' id='block_1_33' title="bbox 1904 1677 3506 1751">
    <p class='ocr_par' dir='ltr' id='par_1_33' title="bbox 1904 1677 3506 1751">
     <span class='ocr_line' id='line_1_33' title="bbox 1904 1677 3506 1751; baseline 0 -16"><span class='ocrx_word' id='word_1_224' title='bbox 1904 1681 2258 1749; x_wconf 80' lang='lat' dir='ltr'><strong>telligendum</strong></span> <span class='ocrx_word' id='word_1_225' title='bbox 2292 1681 2437 1751; x_wconf 92' lang='lat' dir='ltr'><strong>dico,</strong></span> <span class='ocrx_word' id='word_1_226' title='bbox 2482 1688 2536 1735; x_wconf 82' lang='lat' dir='ltr'><strong>et</strong></span> <span class='ocrx_word' id='word_1_227' title='bbox 2587 1679 2643 1737; x_wconf 87' lang='lat' dir='ltr'><strong>in</strong></span> <span class='ocrx_word' id='word_1_228' title='bbox 2688 1678 2928 1735; x_wconf 82' lang='lat' dir='ltr'><strong>Ecclesia</strong></span> <span class='ocrx_word' id='word_1_229' title='bbox 2961 1694 2975 1732; x_wconf 90' lang='lat'>:</span> <span class='ocrx_word' id='word_1_230' title='bbox 3006 1677 3146 1734; x_wconf 86' lang='lat' dir='ltr'><strong>unde</strong></span> <span class='ocrx_word' id='word_1_231' title='bbox 3173 1694 3266 1733; x_wconf 80' lang='lat' dir='ltr'><strong>vos</strong></span> <span class='ocrx_word' id='word_1_232' title='bbox 3297 1678 3506 1748; x_wconf 81' lang='lat' dir='ltr'><strong>majore</strong></span> 
     </span>
    </p>
   </div>
   <div class='ocr_carea' id='block_1_34' title="bbox 197 1764 3502 1842">
    <p class='ocr_par' dir='ltr' id='par_1_34' title="bbox 197 1764 3502 1842">
     <span class='ocr_line' id='line_1_34' title="bbox 197 1764 3502 1842; baseline 0.001 -17"><span class='ocrx_word' id='word_1_233' title='bbox 197 1772 334 1826; x_wconf 88' lang='lat' dir='ltr'><em>mine</em></span> <span class='ocrx_word' id='word_1_234' title='bbox 366 1771 572 1825; x_wconf 87' lang='lat' dir='ltr'><strong>Domini</strong></span> <span class='ocrx_word' id='word_1_235' title='bbox 622 1770 783 1824; x_wconf 80' lang='lat' dir='ltr'><em>nostri</em></span> <span class='ocrx_word' id='word_1_236' title='bbox 831 1770 959 1823; x_wconf 85' lang='lat' dir='ltr'><em>Jesu</em></span> <span class='ocrx_word' id='word_1_237' title='bbox 1015 1768 1225 1823; x_wconf 78' lang='lat' dir='ltr'><strong>Christi.</strong></span> <span class='ocrx_word' id='word_1_238' title='bbox 1287 1769 1410 1824; x_wconf 85' lang='lat' dir='ltr'><strong>Sive</strong></span> <span class='ocrx_word' id='word_1_239' title='bbox 1467 1771 1644 1837; x_wconf 84' lang='lat' dir='ltr'><strong>bonis,</strong></span> <span class='ocrx_word' id='word_1_240' title='bbox 1686 1771 1799 1827; x_wconf 86' lang='lat' dir='ltr'><strong>sive</strong></span> <span class='ocrx_word' id='word_1_241' title='bbox 1830 1764 1879 1827; x_wconf 83' lang='grc' dir='ltr'><strong><em>Β</em></strong></span> <span class='ocrx_word' id='word_1_242' title='bbox 1906 1774 2099 1830; x_wconf 82' lang='lat' dir='ltr'><strong>aﬂ‘ectu</strong></span> <span class='ocrx_word' id='word_1_243' title='bbox 2150 1773 2361 1836; x_wconf 79' lang='lat' dir='ltr'><strong>debetis</strong></span> <span class='ocrx_word' id='word_1_244' title='bbox 2413 1788 2614 1828; x_wconf 84' lang='lat' dir='ltr'><strong>uxores</strong></span> <span class='ocrx_word' id='word_1_245' title='bbox 2652 1784 2866 1828; x_wconf 88' lang='lat' dir='ltr'><strong>vestras</strong></span> <span class='ocrx_word' id='word_1_246' title='bbox 2894 1783 3110 1828; x_wconf 86' lang='lat' dir='ltr'><strong>sanctas</strong></span> <span class='ocrx_word' id='word_1_247' title='bbox 3132 1772 3359 1842; x_wconf 80' lang='lat' dir='ltr'><strong>diligere</strong></span> <span class='ocrx_word' id='word_1_248' title='bbox 3389 1772 3502 1842; x_wconf 85' lang='lat' dir='ltr'><strong>spi-</strong></span> 
     </span>
    </p>
   </div>
   <div class='ocr_carea' id='block_1_35' title="bbox 198 1863 1798 1935">
    <p class='ocr_par' dir='ltr' id='par_1_35' title="bbox 198 1863 1798 1935">
     <span class='ocr_line' id='line_1_35' title="bbox 198 1863 1798 1935; baseline -0.001 -15"><span class='ocrx_word' id='word_1_249' title='bbox 198 1866 378 1935; x_wconf 86' lang='lat' dir='ltr'><strong>malis,</strong></span> <span class='ocrx_word' id='word_1_250' title='bbox 411 1863 647 1918; x_wconf 82' lang='lat' dir='ltr'><strong>sicutait</strong></span> <span class='ocrx_word' id='word_1_251' title='bbox 678 1863 781 1918; x_wconf 82' lang='lat' dir='ltr'><strong>Job</strong></span> <span class='ocrx_word' id='word_1_252' title='bbox 815 1882 827 1916; x_wconf 86' lang='lat'>;</span> <span class='ocrx_word' id='word_1_253' title='bbox 859 1863 940 1917; x_wconf 85' lang='lat' dir='ltr'><strong>Sit</strong></span> <span class='ocrx_word' id='word_1_254' title='bbox 967 1878 1160 1916; x_wconf 80' lang='lat' dir='ltr'><strong>nomen</strong></span> <span class='ocrx_word' id='word_1_255' title='bbox 1189 1863 1397 1916; x_wconf 85' lang='lat' dir='ltr'><strong>Domini</strong></span> <span class='ocrx_word' id='word_1_256' title='bbox 1434 1864 1798 1921; x_wconf 82' lang='lat' dir='ltr'><strong>benedictum.</strong></span> 
     </span>
    </p>
   </div>
   <div class='ocr_carea' id='block_1_36' title="bbox 276 1953 1800 2025">
    <p class='ocr_par' dir='ltr' id='par_1_36' title="bbox 276 1953 1800 2025">
     <span class='ocr_line' id='line_1_36' title="bbox 276 1953 1800 2025; baseline 0.001 -17"><span class='ocrx_word' id='word_1_257' title='bbox 276 1955 387 2009; x_wconf 89' lang='lat' dir='ltr'><strong>Deo</strong></span> <span class='ocrx_word' id='word_1_258' title='bbox 418 1966 465 2008; x_wconf 85' lang='lat' dir='ltr'><strong>et</strong></span> <span class='ocrx_word' id='word_1_259' title='bbox 506 1953 679 2009; x_wconf 85' lang='lat' dir='ltr'><em>Patri.</em></span> <span class='ocrx_word' id='word_1_260' title='bbox 734 1953 968 2025; x_wconf 79' lang='lat' dir='ltr'><em>Subjecti</em></span> <span class='ocrx_word' id='word_1_261' title='bbox 1016 1955 1229 2009; x_wconf 69' lang='lat' dir='ltr'><strong>invicem</strong></span> <span class='ocrx_word' id='word_1_262' title='bbox 1271 1956 1323 2008; x_wconf 86' lang='lat' dir='ltr'><em>in</em></span> <span class='ocrx_word' id='word_1_263' title='bbox 1366 1957 1545 2010; x_wconf 84' lang='lat' dir='ltr'><em>timore</em></span> <span class='ocrx_word' id='word_1_264' title='bbox 1588 1955 1800 2010; x_wconf 89' lang='lat' dir='ltr'><em>Cltristi.</em></span> 
     </span>
    </p>
   </div>
   <div class='ocr_carea' id='block_1_37' title="bbox 206 2046 1803 2123">
    <p class='ocr_par' dir='ltr' id='par_1_37' title="bbox 206 2046 1803 2123">
     <span class='ocr_line' id='line_1_37' title="bbox 206 2046 1803 2123; baseline 0 -19"><span class='ocrx_word' id='word_1_265' title='bbox 206 2048 325 2104; x_wconf 84' lang='lat' dir='ltr'><strong>Non</strong></span> <span class='ocrx_word' id='word_1_266' title='bbox 357 2046 599 2103; x_wconf 85' lang='lat' dir='ltr'><strong>humano</strong></span> <span class='ocrx_word' id='word_1_267' title='bbox 629 2049 842 2114; x_wconf 87' lang='lat' dir='ltr'><strong>timore,</strong></span> <span class='ocrx_word' id='word_1_268' title='bbox 876 2047 957 2102; x_wconf 68' lang='lat' dir='ltr'><strong>vel</strong></span> <span class='ocrx_word' id='word_1_269' title='bbox 990 2048 1227 2101; x_wconf 77' lang='lat' dir='ltr'><strong>avaritiae</strong></span> <span class='ocrx_word' id='word_1_270' title='bbox 1263 2048 1446 2103; x_wconf 84' lang='lat' dir='ltr'><strong>studio</strong></span> <span class='ocrx_word' id='word_1_271' title='bbox 1481 2068 1491 2101; x_wconf 88' lang='lat'>:</span> <span class='ocrx_word' id='word_1_272' title='bbox 1528 2050 1665 2123; x_wconf 83' lang='lat' dir='ltr'><strong>sicut</strong></span> <span class='ocrx_word' id='word_1_273' title='bbox 1688 2051 1803 2121; x_wconf 84' lang='lat' dir='ltr'><strong>qui-</strong></span> 
     </span>
    </p>
   </div>
   <div class='ocr_carea' id='block_1_38' title="bbox 196 2140 1428 2208">
    <p class='ocr_par' dir='ltr' id='par_1_38' title="bbox 196 2140 1428 2208">
     <span class='ocr_line' id='line_1_38' title="bbox 196 2140 1428 2208; baseline 0 -13"><span class='ocrx_word' id='word_1_274' title='bbox 196 2140 319 2195; x_wconf 90' lang='lat' dir='ltr'><strong>dam</strong></span> <span class='ocrx_word' id='word_1_275' title='bbox 351 2140 465 2194; x_wconf 87' lang='lat' dir='ltr'><strong>suis</strong></span> <span class='ocrx_word' id='word_1_276' title='bbox 495 2141 736 2208; x_wconf 79' lang='lat' dir='ltr'><strong>patronis</strong></span> <span class='ocrx_word' id='word_1_277' title='bbox 768 2140 977 2195; x_wconf 89' lang='lat' dir='ltr'><strong>adulari</strong></span> <span class='ocrx_word' id='word_1_278' title='bbox 1010 2150 1428 2195; x_wconf 79' lang='lat' dir='ltr'><strong>consueverunt.</strong></span> 
     </span>
    </p>
   </div>
   <div class='ocr_carea' id='block_1_39' title="bbox 276 2233 1801 2290">
    <p class='ocr_par' dir='ltr' id='par_1_39' title="bbox 276 2233 1801 2290">
     <span class='ocr_line' id='line_1_39' title="bbox 276 2233 1801 2290; baseline 0.002 -3"><span class='ocrx_word' id='word_1_279' title='bbox 276 2233 522 2287; x_wconf 75' lang='lat' dir='ltr'><em>Mulieres</em></span> <span class='ocrx_word' id='word_1_280' title='bbox 556 2235 678 2287; x_wconf 86' lang='lat' dir='ltr'><em>viris</em></span> <span class='ocrx_word' id='word_1_281' title='bbox 710 2236 815 2287; x_wconf 84' lang='lat' dir='ltr'><em>suis</em></span> <span class='ocrx_word' id='word_1_282' title='bbox 845 2234 1065 2287; x_wconf 72' lang='lat' dir='ltr'><em>subdita:</em></span> <span class='ocrx_word' id='word_1_283' title='bbox 1104 2236 1224 2287; x_wconf 88' lang='lat' dir='ltr'><em>sint.</em></span> <span class='ocrx_word' id='word_1_284' title='bbox 1260 2234 1374 2287; x_wconf 79' lang='lat' dir='ltr'><strong>Non</strong></span> <span class='ocrx_word' id='word_1_285' title='bbox 1406 2250 1500 2290; x_wconf 87' lang='lat' dir='ltr'><strong>eos</strong></span> <span class='ocrx_word' id='word_1_286' title='bbox 1530 2233 1670 2289; x_wconf 89' lang='lat' dir='ltr'><strong>sicut</strong></span> <span class='ocrx_word' id='word_1_287' title='bbox 1696 2236 1801 2290; x_wconf 89' lang='lat' dir='ltr'><strong>Co-</strong></span> 
     </span>
    </p>
   </div>
   <div class='ocr_carea' id='block_1_40' title="bbox 203 2324 1806 2396">
    <p class='ocr_par' dir='ltr' id='par_1_40' title="bbox 203 2324 1806 2396">
     <span class='ocr_line' id='line_1_40' title="bbox 203 2324 1806 2396; baseline 0.002 -17"><span class='ocrx_word' id='word_1_288' title='bbox 203 2324 435 2379; x_wconf 89' lang='lat' dir='ltr'><strong>rinthios</strong></span> <span class='ocrx_word' id='word_1_289' title='bbox 478 2327 616 2380; x_wconf 85' lang='lat' dir='ltr'><strong>laete</strong></span> <span class='ocrx_word' id='word_1_290' title='bbox 658 2324 861 2392; x_wconf 84' lang='lat' dir='ltr'><strong>alebat,</strong></span> <span class='ocrx_word' id='word_1_291' title='bbox 891 2325 984 2383; x_wconf 82' lang='lat' dir='ltr'><strong>sed</strong></span> <span class='ocrx_word' id='word_1_292' title='bbox 1018 2325 1257 2396; x_wconf 80' lang='lat' dir='ltr'><strong>perfecto</strong></span> <span class='ocrx_word' id='word_1_293' title='bbox 1298 2326 1421 2381; x_wconf 90' lang='lat' dir='ltr'><strong>cibo</strong></span> <span class='ocrx_word' id='word_1_294' title='bbox 1460 2327 1806 2383; x_wconf 66' lang='lat' dir='ltr'><strong>continentur:</strong></span> 
     </span>
    </p>
   </div>
   <div class='ocr_carea' id='block_1_41' title="bbox 208 2414 1806 2489">
    <p class='ocr_par' dir='ltr' id='par_1_41' title="bbox 208 2414 1806 2489">
     <span class='ocr_line' id='line_1_41' title="bbox 208 2414 1806 2489; baseline -0.001 -19"><span class='ocrx_word' id='word_1_295' title='bbox 208 2415 503 2471; x_wconf 86' lang='lat' dir='ltr'><strong>nutriebat.</strong></span> <span class='ocrx_word' id='word_1_296' title='bbox 538 2415 713 2470; x_wconf 83' lang='lat' dir='ltr'><strong>Timet</strong></span> <span class='ocrx_word' id='word_1_297' title='bbox 742 2414 887 2470; x_wconf 91' lang='lat' dir='ltr'><strong>enim</strong></span> <span class='ocrx_word' id='word_1_298' title='bbox 922 2432 988 2469; x_wconf 91' lang='lat' dir='ltr'><strong>ne</strong></span> <span class='ocrx_word' id='word_1_299' title='bbox 1012 2429 1263 2471; x_wconf 87' lang='lat' dir='ltr'><strong>cessante</strong></span> <span class='ocrx_word' id='word_1_300' title='bbox 1300 2417 1352 2471; x_wconf 92' lang='lat' dir='ltr'><strong>in</strong></span> <span class='ocrx_word' id='word_1_301' title='bbox 1381 2416 1656 2489; x_wconf 83' lang='lat' dir='ltr'><strong>plerisque</strong></span> <span class='ocrx_word' id='word_1_302' title='bbox 1685 2434 1806 2472; x_wconf 85' lang='lat' dir='ltr'><strong>car-</strong></span> 
     </span>
    </p>
   </div>
   <div class='ocr_carea' id='block_1_42' title="bbox 207 2508 1805 2578">
    <p class='ocr_par' dir='ltr' id='par_1_42' title="bbox 207 2508 1805 2578">
     <span class='ocr_line' id='line_1_42' title="bbox 207 2508 1805 2578; baseline -0.001 -15"><span class='ocrx_word' id='word_1_303' title='bbox 207 2509 287 2563; x_wconf 90' lang='lat' dir='ltr'><strong>nis</strong></span> <span class='ocrx_word' id='word_1_304' title='bbox 316 2508 525 2573; x_wconf 78' lang='lat' dir='ltr'><strong>ofﬁcio,</strong></span> <span class='ocrx_word' id='word_1_305' title='bbox 583 2518 677 2562; x_wconf 88' lang='lat' dir='ltr'><strong>aut</strong></span> <span class='ocrx_word' id='word_1_306' title='bbox 729 2508 1049 2562; x_wconf 88' lang='lat' dir='ltr'><strong>nmlieribus</strong></span> <span class='ocrx_word' id='word_1_307' title='bbox 1094 2508 1386 2578; x_wconf 84' lang='lat' dir='ltr'><strong>subjectio,</strong></span> <span class='ocrx_word' id='word_1_308' title='bbox 1430 2520 1521 2563; x_wconf 89' lang='lat' dir='ltr'><strong>aut</strong></span> <span class='ocrx_word' id='word_1_309' title='bbox 1574 2509 1628 2563; x_wconf 91' lang='lat' dir='ltr'><strong>in</strong></span> <span class='ocrx_word' id='word_1_310' title='bbox 1675 2510 1805 2563; x_wconf 80' lang='lat' dir='ltr'><strong>viris</strong></span> 
     </span>
    </p>
   </div>
   <div class='ocr_carea' id='block_1_43' title="bbox 205 2601 1809 2673">
    <p class='ocr_par' dir='ltr' id='par_1_43' title="bbox 205 2601 1809 2673">
     <span class='ocr_line' id='line_1_43' title="bbox 205 2601 1809 2673; baseline -0.001 -15"><span class='ocrx_word' id='word_1_311' title='bbox 205 2614 449 2658; x_wconf 84' lang='lat' dir='ltr'><strong>cessaret</strong></span> <span class='ocrx_word' id='word_1_312' title='bbox 480 2601 764 2657; x_wconf 85' lang='lat' dir='ltr'><strong>charitatis</strong></span> <span class='ocrx_word' id='word_1_313' title='bbox 815 2601 1037 2657; x_wconf 70' lang='lat' dir='ltr'><strong>allectus</strong></span> <span class='ocrx_word' id='word_1_314' title='bbox 1068 2619 1082 2657; x_wconf 88' lang='lat'>:</span> <span class='ocrx_word' id='word_1_315' title='bbox 1130 2613 1185 2657; x_wconf 87' lang='lat' dir='ltr'><strong>et</strong></span> <span class='ocrx_word' id='word_1_316' title='bbox 1226 2618 1291 2658; x_wconf 87' lang='lat' dir='ltr'><strong>ne</strong></span> <span class='ocrx_word' id='word_1_317' title='bbox 1328 2614 1595 2673; x_wconf 84' lang='lat' dir='ltr'><strong>tamquam</strong></span> <span class='ocrx_word' id='word_1_318' title='bbox 1627 2602 1809 2658; x_wconf 79' lang='lat' dir='ltr'><strong>divor-</strong></span> 
     </span>
    </p>
   </div>
   <div class='ocr_carea' id='block_1_44' title="bbox 208 2694 1807 2762">
    <p class='ocr_par' dir='ltr' id='par_1_44' title="bbox 208 2694 1807 2762">
     <span class='ocr_line' id='line_1_44' title="bbox 208 2694 1807 2762; baseline 0.002 -14"><span class='ocrx_word' id='word_1_319' title='bbox 208 2700 340 2749; x_wconf 84' lang='lat' dir='ltr'><strong>tium</strong></span> <span class='ocrx_word' id='word_1_320' title='bbox 365 2694 616 2749; x_wconf 77' lang='lat' dir='ltr'><strong>docuisse</strong></span> <span class='ocrx_word' id='word_1_321' title='bbox 643 2695 979 2751; x_wconf 87' lang='lat' dir='ltr'><strong>crederetur.</strong></span> <span class='ocrx_word' id='word_1_322' title='bbox 1010 2695 1279 2750; x_wconf 79' lang='lat' dir='ltr'><strong>Caeterum</strong></span> <span class='ocrx_word' id='word_1_323' title='bbox 1310 2697 1413 2751; x_wconf 83' lang='lat' dir='ltr'><strong>tale</strong></span> <span class='ocrx_word' id='word_1_324' title='bbox 1439 2706 1542 2762; x_wconf 91' lang='lat' dir='ltr'><strong>est,</strong></span> <span class='ocrx_word' id='word_1_325' title='bbox 1575 2704 1633 2750; x_wconf 92' lang='lat' dir='ltr'><strong>ut</strong></span> <span class='ocrx_word' id='word_1_326' title='bbox 1654 2711 1807 2752; x_wconf 73' lang='lat' dir='ltr'><strong>llOViD</strong></span> 
     </span>
    </p>
   </div>
   <div class='ocr_carea' id='block_1_45' title="bbox 206 2790 1803 2861">
    <p class='ocr_par' dir='ltr' id='par_1_45' title="bbox 206 2790 1803 2861">
     <span class='ocr_line' id='line_1_45' title="bbox 206 2790 1803 2861; baseline 0.003 -19"><span class='ocrx_word' id='word_1_327' title='bbox 206 2791 332 2843; x_wconf 70' lang='lat' dir='ltr'><strong>vita:</strong></span> <span class='ocrx_word' id='word_1_328' title='bbox 373 2790 715 2858; x_wconf 77' lang='lat' dir='ltr'><strong>praedicator,</strong></span> <span class='ocrx_word' id='word_1_329' title='bbox 744 2790 890 2843; x_wconf 90' lang='lat' dir='ltr'><strong>nulla</strong></span> <span class='ocrx_word' id='word_1_330' title='bbox 920 2790 1187 2847; x_wconf 82' lang='lat' dir='ltr'><strong>existente</strong></span> <span class='ocrx_word' id='word_1_331' title='bbox 1213 2807 1399 2861; x_wconf 86' lang='lat' dir='ltr'><strong>causa,</strong></span> <span class='ocrx_word' id='word_1_332' title='bbox 1434 2792 1534 2847; x_wconf 90' lang='lat' dir='ltr'><strong>hoc</strong></span> <span class='ocrx_word' id='word_1_333' title='bbox 1562 2790 1803 2860; x_wconf 86' lang='lat' dir='ltr'><strong>doceret,</strong></span> 
     </span>
    </p>
   </div>
   <div class='ocr_carea' id='block_1_46' title="bbox 205 2881 1100 2951">
    <p class='ocr_par' dir='ltr' id='par_1_46' title="bbox 205 2881 1100 2951">
     <span class='ocr_line' id='line_1_46' title="bbox 205 2881 1100 2951; baseline 0.002 -18"><span class='ocrx_word' id='word_1_334' title='bbox 205 2881 351 2951; x_wconf 89' lang='lat' dir='ltr'><strong>quod</strong></span> <span class='ocrx_word' id='word_1_335' title='bbox 384 2881 705 2934; x_wconf 82' lang='lat' dir='ltr'><strong>naturaliter</strong></span> <span class='ocrx_word' id='word_1_336' title='bbox 732 2881 1100 2950; x_wconf 85' lang='lat' dir='ltr'><strong>possidebant.</strong></span> 
     </span>
    </p>
   </div>
   <div class='ocr_carea' id='block_1_47' title="bbox 282 2969 1809 3038">
    <p class='ocr_par' dir='ltr' id='par_1_47' title="bbox 282 2969 1809 3038">
     <span class='ocr_line' id='line_1_47' title="bbox 282 2969 1809 3038; baseline 0.004 -13"><span class='ocrx_word' id='word_1_337' title='bbox 282 2969 433 3025; x_wconf 86' lang='lat' dir='ltr'><em>Sicut</em></span> <span class='ocrx_word' id='word_1_338' title='bbox 464 2970 708 3025; x_wconf 85' lang='lat' dir='ltr'><strong>Domino.</strong></span> <span class='ocrx_word' id='word_1_339' title='bbox 734 2971 1016 3038; x_wconf 87' lang='lat' dir='ltr'><strong>Quomodo</strong></span> <span class='ocrx_word' id='word_1_340' title='bbox 1046 2973 1179 3029; x_wconf 88' lang='lat' dir='ltr'><strong>Sara</strong></span> <span class='ocrx_word' id='word_1_341' title='bbox 1230 2973 1445 3029; x_wconf 85' lang='lat' dir='ltr'><strong>subdita</strong></span> <span class='ocrx_word' id='word_1_342' title='bbox 1477 2981 1593 3028; x_wconf 88' lang='lat' dir='ltr'><strong>erat</strong></span> <span class='ocrx_word' id='word_1_343' title='bbox 1638 2973 1809 3035; x_wconf 76' lang='lat' dir='ltr'><strong>Abra-</strong></span> 
     </span>
    </p>
   </div>
   <div class='ocr_carea' id='block_1_48' title="bbox 210 3061 1041 3130">
    <p class='ocr_par' dir='ltr' id='par_1_48' title="bbox 210 3061 1041 3130">
     <span class='ocr_line' id='line_1_48' title="bbox 210 3061 1041 3130; baseline 0.002 -15"><span class='ocrx_word' id='word_1_344' title='bbox 210 3061 314 3130; x_wconf 72' lang='lat' dir='ltr'><strong>ltrc,</strong></span> <span class='ocrx_word' id='word_1_345' title='bbox 344 3061 628 3116; x_wconf 90' lang='lat' dir='ltr'><strong>dominum</strong></span> <span class='ocrx_word' id='word_1_346' title='bbox 658 3078 778 3116; x_wconf 89' lang='lat' dir='ltr'><strong>eum</strong></span> <span class='ocrx_word' id='word_1_347' title='bbox 816 3078 1041 3117; x_wconf 88' lang='lat' dir='ltr'><strong>vocans.</strong></span> 
     </span>
    </p>
   </div>
   <div class='ocr_carea' id='block_1_49' title="bbox 1908 1865 3505 1937">
    <p class='ocr_par' dir='ltr' id='par_1_49' title="bbox 1908 1865 3505 1937">
     <span class='ocr_line' id='line_1_49' title="bbox 1908 1865 3505 1937; baseline 0 -14"><span class='ocrx_word' id='word_1_348' title='bbox 1908 1867 2153 1932; x_wconf 73' lang='lat' dir='ltr'><strong>rituales,</strong></span> <span class='ocrx_word' id='word_1_349' title='bbox 2185 1867 2273 1937; x_wconf 89' lang='lat' dir='ltr'><strong>qui</strong></span> <span class='ocrx_word' id='word_1_350' title='bbox 2300 1877 2427 1923; x_wconf 84' lang='lat' dir='ltr'><strong>ante</strong></span> <span class='ocrx_word' id='word_1_351' title='bbox 2457 1865 2730 1925; x_wconf 80' lang='lat' dir='ltr'><strong>dilexistis</strong></span> <span class='ocrx_word' id='word_1_352' title='bbox 2760 1867 3113 1935; x_wconf 80' lang='lat' dir='ltr'><strong>peccatrices,</strong></span> <span class='ocrx_word' id='word_1_353' title='bbox 3146 1877 3202 1922; x_wconf 90' lang='lat' dir='ltr'><strong>et</strong></span> <span class='ocrx_word' id='word_1_354' title='bbox 3229 1868 3281 1922; x_wconf 92' lang='lat' dir='ltr'><strong>in</strong></span> <span class='ocrx_word' id='word_1_355' title='bbox 3329 1866 3505 1937; x_wconf 80' lang='lat' dir='ltr'><strong>genti-</strong></span> 
     </span>
    </p>
   </div>
   <div class='ocr_carea' id='block_1_50' title="bbox 1906 1959 2352 2014">
    <p class='ocr_par' dir='ltr' id='par_1_50' title="bbox 1906 1959 2352 2014">
     <span class='ocr_line' id='line_1_50' title="bbox 1906 1959 2352 2014; baseline -0.002 0"><span class='ocrx_word' id='word_1_356' title='bbox 1906 1959 2055 2014; x_wconf 78' lang='lat' dir='ltr'><strong>litate</strong></span> <span class='ocrx_word' id='word_1_357' title='bbox 2084 1961 2352 2013; x_wconf 81' lang='lat' dir='ltr'><strong>carnales.</strong></span> 
     </span>
    </p>
   </div>
   <div class='ocr_carea' id='block_1_51' title="bbox 1988 2049 3504 2122">
    <p class='ocr_par' dir='ltr' id='par_1_51' title="bbox 1988 2049 3504 2122">
     <span class='ocr_line' id='line_1_51' title="bbox 1988 2049 3504 2122; baseline -0.003 -17"><span class='ocrx_word' id='word_1_358' title='bbox 1988 2050 2356 2109; x_wconf 75' lang='lat' dir='ltr'><strong>Verumtamen</strong></span> <span class='ocrx_word' id='word_1_359' title='bbox 2404 2059 2453 2107; x_wconf 85' lang='lat' dir='ltr'><strong>et</strong></span> <span class='ocrx_word' id='word_1_360' title='bbox 2501 2066 2589 2105; x_wconf 78' lang='lat' dir='ltr'><strong>vos</strong></span> <span class='ocrx_word' id='word_1_361' title='bbox 2654 2049 2846 2122; x_wconf 85' lang='lat' dir='ltr'><em>singuli</em></span> <span class='ocrx_word' id='word_1_362' title='bbox 2894 2049 3242 2120; x_wconf 83' lang='lat' dir='ltr'><em>unusquisque</em></span> <span class='ocrx_word' id='word_1_363' title='bbox 3293 2064 3504 2104; x_wconf 71' lang='lat' dir='ltr'><em>uxorem</em></span> 
     </span>
    </p>
   </div>
   <div class='ocr_carea' id='block_1_52' title="bbox 1907 2142 3503 2215">
    <p class='ocr_par' dir='ltr' id='par_1_52' title="bbox 1907 2142 3503 2215">
     <span class='ocr_line' id='line_1_52' title="bbox 1907 2142 3503 2215; baseline -0.002 -17"><span class='ocrx_word' id='word_1_364' title='bbox 1907 2160 2053 2199; x_wconf 85' lang='lat' dir='ltr'><strong>suout</strong></span> <span class='ocrx_word' id='word_1_365' title='bbox 2080 2145 2211 2198; x_wconf 88' lang='lat' dir='ltr'><strong>sicut</strong></span> <span class='ocrx_word' id='word_1_366' title='bbox 2243 2145 2466 2215; x_wconf 87' lang='lat' dir='ltr'><em>seipsum</em></span> <span class='ocrx_word' id='word_1_367' title='bbox 2490 2144 2674 2214; x_wconf 82' lang='lat' dir='ltr'><em>diligat</em></span> <span class='ocrx_word' id='word_1_368' title='bbox 2705 2158 2724 2198; x_wconf 86' lang='lat'><strong><em>:</em></strong></span> <span class='ocrx_word' id='word_1_369' title='bbox 2756 2158 2888 2198; x_wconf 69' lang='lat' dir='ltr'><em>uxor</em></span> <span class='ocrx_word' id='word_1_370' title='bbox 2916 2152 3087 2197; x_wconf 85' lang='lat' dir='ltr'><em>autem</em></span> <span class='ocrx_word' id='word_1_371' title='bbox 3133 2143 3306 2197; x_wconf 86' lang='lat' dir='ltr'><em>timeat</em></span> <span class='ocrx_word' id='word_1_372' title='bbox 3336 2142 3503 2197; x_wconf 84' lang='lat' dir='ltr'><em>virum</em></span> 
     </span>
    </p>
   </div>
   <div class='ocr_carea' id='block_1_53' title="bbox 1910 2233 3499 2306">
    <p class='ocr_par' dir='ltr' id='par_1_53' title="bbox 1910 2233 3499 2306">
     <span class='ocr_line' id='line_1_53' title="bbox 1910 2233 3499 2306; baseline -0.003 -12"><span class='ocrx_word' id='word_1_373' title='bbox 1910 2253 2085 2295; x_wconf 88' lang='lat' dir='ltr'><em>suum.</em></span> <span class='ocrx_word' id='word_1_374' title='bbox 2126 2235 2378 2306; x_wconf 82' lang='lat' dir='ltr'><strong>Subjecta</strong></span> <span class='ocrx_word' id='word_1_375' title='bbox 2406 2237 2477 2291; x_wconf 90' lang='lat' dir='ltr'><strong>sit</strong></span> <span class='ocrx_word' id='word_1_376' title='bbox 2501 2238 2549 2291; x_wconf 90' lang='lat' dir='ltr'><strong>ei</strong></span> <span class='ocrx_word' id='word_1_377' title='bbox 2578 2244 2851 2305; x_wconf 86' lang='lat' dir='ltr'><strong>tamquam</strong></span> <span class='ocrx_word' id='word_1_378' title='bbox 2880 2233 3169 2301; x_wconf 87' lang='lat' dir='ltr'><strong>inﬁrmior,</strong></span> <span class='ocrx_word' id='word_1_379' title='bbox 3200 2243 3257 2290; x_wconf 93' lang='lat' dir='ltr'><strong>ut</strong></span> <span class='ocrx_word' id='word_1_380' title='bbox 3303 2248 3499 2303; x_wconf 78' lang='lat' dir='ltr'><strong>regne-</strong></span> 
     </span>
    </p>
   </div>
   <div class='ocr_carea' id='block_1_54' title="bbox 1911 2339 2906 2451">
    <p class='ocr_par' dir='ltr' id='par_1_54' title="bbox 1911 2339 2906 2451">
     <span class='ocr_line' id='line_1_54' title="bbox 1911 2339 2906 2451; baseline -0.003 1"><span class='ocrx_word' id='word_1_381' title='bbox 1911 2339 2015 2387; x_wconf 61' lang='lat' dir='ltr'><strong>m&quot;</strong></span> <span class='ocrx_word' id='word_1_382' title='bbox 2543 2394 2773 2451; x_wconf 88' lang='lat' dir='ltr'><strong>CAPUT</strong></span> <span class='ocrx_word' id='word_1_383' title='bbox 2814 2393 2906 2450; x_wconf 69' lang='grc' dir='ltr'><strong>γι.</strong></span> 
     </span>
    </p>
   </div>
   <div class='ocr_carea' id='block_1_55' title="bbox 1983 2507 3503 2585">
    <p class='ocr_par' dir='ltr' id='par_1_55' title="bbox 1983 2507 3503 2585">
     <span class='ocr_line' id='line_1_55' title="bbox 1983 2507 3503 2585; baseline -0.003 -18"><span class='ocrx_word' id='word_1_384' title='bbox 1983 2512 2132 2583; x_wconf 87' lang='lat' dir='ltr'><strong>Filii,</strong></span> <span class='ocrx_word' id='word_1_385' title='bbox 2158 2512 2355 2569; x_wconf 85' lang='lat' dir='ltr'><strong>obedite</strong></span> <span class='ocrx_word' id='word_1_386' title='bbox 2376 2510 2677 2585; x_wconf 70' lang='lat' dir='ltr'><em>parentibus</em></span> <span class='ocrx_word' id='word_1_387' title='bbox 2704 2510 2883 2565; x_wconf 84' lang='lat' dir='ltr'><em>vestris</em></span> <span class='ocrx_word' id='word_1_388' title='bbox 2910 2510 2964 2564; x_wconf 85' lang='lat' dir='ltr'><em>in</em></span> <span class='ocrx_word' id='word_1_389' title='bbox 2986 2507 3231 2585; x_wconf 84' lang='lat' dir='ltr'><em>Domino.</em></span> <span class='ocrx_word' id='word_1_390' title='bbox 3258 2507 3416 2563; x_wconf 83' lang='lat' dir='ltr'><strong>Parat</strong></span> <span class='ocrx_word' id='word_1_391' title='bbox 3440 2509 3503 2563; x_wconf 84' lang='lat' dir='ltr'><strong>il-</strong></span> 
     </span>
    </p>
   </div>
   <div class='ocr_carea' id='block_1_56' title="bbox 1911 2599 3505 2673">
    <p class='ocr_par' dir='ltr' id='par_1_56' title="bbox 1911 2599 3505 2673">
     <span class='ocr_line' id='line_1_56' title="bbox 1911 2599 3505 2673; baseline -0.004 -14"><span class='ocrx_word' id='word_1_392' title='bbox 1911 2606 1993 2659; x_wconf 87' lang='lat' dir='ltr'><strong>lus</strong></span> <span class='ocrx_word' id='word_1_393' title='bbox 2040 2604 2360 2673; x_wconf 71' lang='lat' dir='ltr'><strong>disciplima,</strong></span> <span class='ocrx_word' id='word_1_394' title='bbox 2421 2618 2525 2673; x_wconf 88' lang='lat' dir='ltr'><strong>qua</strong></span> <span class='ocrx_word' id='word_1_395' title='bbox 2580 2602 2700 2657; x_wconf 91' lang='lat' dir='ltr'><strong>illos</strong></span> <span class='ocrx_word' id='word_1_396' title='bbox 2751 2617 2780 2656; x_wconf 92' lang='lat' dir='ltr'><strong>a</strong></span> <span class='ocrx_word' id='word_1_397' title='bbox 2839 2600 3153 2673; x_wconf 83' lang='lat' dir='ltr'><strong>parentibus</strong></span> <span class='ocrx_word' id='word_1_398' title='bbox 3206 2599 3505 2656; x_wconf 82' lang='lat' dir='ltr'><strong>secundum</strong></span> 
     </span>
    </p>
   </div>
   <div class='ocr_carea' id='block_1_57' title="bbox 1912 2695 2640 2767">
    <p class='ocr_par' dir='ltr' id='par_1_57' title="bbox 1912 2695 2640 2767">
     <span class='ocr_line' id='line_1_57' title="bbox 1912 2695 2640 2767; baseline -0.011 -9"><span class='ocrx_word' id='word_1_399' title='bbox 1912 2701 2081 2759; x_wconf 80' lang='lat' dir='ltr'><strong>Deum</strong></span> <span class='ocrx_word' id='word_1_400' title='bbox 2116 2698 2381 2767; x_wconf 66' lang='lat' dir='ltr'><strong>prmeepit</strong></span> <span class='ocrx_word' id='word_1_401' title='bbox 2409 2695 2640 2752; x_wconf 89' lang='lat' dir='ltr'><strong>erudiri.</strong></span> 
     </span>
    </p>
   </div>
   <div class='ocr_carea' id='block_1_58' title="bbox 1986 2788 3497 2865">
    <p class='ocr_par' dir='ltr' id='par_1_58' title="bbox 1986 2788 3497 2865">
     <span class='ocr_line' id='line_1_58' title="bbox 1986 2788 3497 2865; baseline -0.002 -19"><span class='ocrx_word' id='word_1_402' title='bbox 1986 2792 2100 2846; x_wconf 79' lang='lat' dir='ltr'><strong>Hoc</strong></span> <span class='ocrx_word' id='word_1_403' title='bbox 2124 2793 2261 2847; x_wconf 87' lang='lat' dir='ltr'><em>enim</em></span> <span class='ocrx_word' id='word_1_404' title='bbox 2273 2795 2475 2865; x_wconf 78' lang='lat' dir='ltr'><em>justum</em></span> <span class='ocrx_word' id='word_1_405' title='bbox 2504 2798 2598 2845; x_wconf 82' lang='lat' dir='ltr'><em>est.</em></span> <span class='ocrx_word' id='word_1_406' title='bbox 2623 2788 2693 2846; x_wconf 89' lang='lat' dir='ltr'><strong>Ut</strong></span> <span class='ocrx_word' id='word_1_407' title='bbox 2717 2800 2958 2845; x_wconf 85' lang='lat' dir='ltr'><strong>mutuam</strong></span> <span class='ocrx_word' id='word_1_408' title='bbox 2985 2789 3216 2845; x_wconf 86' lang='lat' dir='ltr'><strong>invicem</strong></span> <span class='ocrx_word' id='word_1_409' title='bbox 3246 2788 3497 2845; x_wconf 77' lang='lat' dir='ltr'><strong>dilectio-</strong></span> 
     </span>
    </p>
   </div>
   <div class='ocr_carea' id='block_1_59' title="bbox 1912 2883 2396 2943">
    <p class='ocr_par' dir='ltr' id='par_1_59' title="bbox 1912 2883 2396 2943">
     <span class='ocr_line' id='line_1_59' title="bbox 1912 2883 2396 2943; baseline -0.012 0"><span class='ocrx_word' id='word_1_410' title='bbox 1912 2900 2036 2943; x_wconf 88' lang='lat' dir='ltr'><strong>nem</strong></span> <span class='ocrx_word' id='word_1_411' title='bbox 2068 2883 2396 2940; x_wconf 83' lang='lat' dir='ltr'><strong>exbibeatis.</strong></span> 
     </span>
    </p>
   </div>
   <div class='ocr_carea' id='block_1_60' title="bbox 1987 2974 3501 3049">
    <p class='ocr_par' dir='ltr' id='par_1_60' title="bbox 1987 2974 3501 3049">
     <span class='ocr_line' id='line_1_60' title="bbox 1987 2974 3501 3049; baseline -0.001 -17"><span class='ocrx_word' id='word_1_412' title='bbox 1987 2976 2206 3033; x_wconf 84' lang='lat' dir='ltr'><em>Honora</em></span> <span class='ocrx_word' id='word_1_413' title='bbox 2231 2986 2429 3049; x_wconf 88' lang='lat' dir='ltr'><em>patrem</em></span> <span class='ocrx_word' id='word_1_414' title='bbox 2458 2986 2600 3030; x_wconf 84' lang='lat' dir='ltr'><em>tuum</em></span> <span class='ocrx_word' id='word_1_415' title='bbox 2628 2985 2677 3031; x_wconf 86' lang='lat' dir='ltr'><strong>et</strong></span> <span class='ocrx_word' id='word_1_416' title='bbox 2698 2985 2915 3032; x_wconf 86' lang='lat' dir='ltr'><em>matrem</em></span> <span class='ocrx_word' id='word_1_417' title='bbox 2945 2983 3108 3029; x_wconf 85' lang='lat' dir='ltr'><em>tuam.</em></span> <span class='ocrx_word' id='word_1_418' title='bbox 3132 2974 3294 3031; x_wconf 71' lang='lat' dir='ltr'><strong>lubet</strong></span> <span class='ocrx_word' id='word_1_419' title='bbox 3327 2974 3501 3031; x_wconf 45' lang='lat' dir='ltr'><strong>bono.</strong></span> 
     </span>
    </p>
   </div>
   <div class='ocr_carea' id='block_1_61' title="bbox 1914 3066 3498 3139">
    <p class='ocr_par' dir='ltr' id='par_1_61' title="bbox 1914 3066 3498 3139">
     <span class='ocr_line' id='line_1_61' title="bbox 1914 3066 3498 3139; baseline 0.001 -15"><span class='ocrx_word' id='word_1_420' title='bbox 1914 3086 2037 3126; x_wconf 88' lang='lat' dir='ltr'><strong>rare</strong></span> <span class='ocrx_word' id='word_1_421' title='bbox 2061 3078 2339 3139; x_wconf 84' lang='lat' dir='ltr'><strong>parentes,</strong></span> <span class='ocrx_word' id='word_1_422' title='bbox 2374 3068 2471 3124; x_wconf 88' lang='lat' dir='ltr'><strong>scd</strong></span> <span class='ocrx_word' id='word_1_423' title='bbox 2514 3068 2705 3124; x_wconf 90' lang='lat' dir='ltr'><strong>bonos.</strong></span> <span class='ocrx_word' id='word_1_424' title='bbox 2756 3067 3026 3124; x_wconf 62' lang='lat' dir='ltr'><strong>Caeterum</strong></span> <span class='ocrx_word' id='word_1_425' title='bbox 3082 3080 3275 3124; x_wconf 87' lang='lat' dir='ltr'><strong>contra</strong></span> <span class='ocrx_word' id='word_1_426' title='bbox 3331 3066 3498 3125; x_wconf 75' lang='lat' dir='ltr'><strong>ﬁcum</strong></span> 
     </span>
    </p>
   </div>
   <div class='ocr_carea' id='block_1_62' title="bbox 286 3152 3338 3232">
    <p class='ocr_par' dir='ltr' id='par_1_62' title="bbox 286 3152 3338 3232">
     <span class='ocr_line' id='line_1_62' title="bbox 286 3152 3338 3232; baseline 0.001 -22"><span class='ocrx_word' id='word_1_427' title='bbox 286 3156 552 3223; x_wconf 81' lang='lat' dir='ltr'><em>Quoniam</em></span> <span class='ocrx_word' id='word_1_428' title='bbox 598 3158 675 3209; x_wconf 84' lang='lat' dir='ltr'><strong>rir</strong></span> <span class='ocrx_word' id='word_1_429' title='bbox 717 3167 871 3225; x_wconf 83' lang='lat' dir='ltr'><em>caput</em></span> <span class='ocrx_word' id='word_1_430' title='bbox 897 3166 973 3211; x_wconf 86' lang='lat' dir='ltr'><strong>est</strong></span> <span class='ocrx_word' id='word_1_431' title='bbox 1014 3157 1268 3225; x_wconf 86' lang='lat' dir='ltr'><em>mulieris,</em></span> <span class='ocrx_word' id='word_1_432' title='bbox 1301 3157 1437 3211; x_wconf 84' lang='lat' dir='ltr'><strong>sicut</strong></span> <span class='ocrx_word' id='word_1_433' title='bbox 1462 3152 1695 3214; x_wconf 77' lang='lat' dir='ltr'><em>Christus</em></span> <span class='ocrx_word' id='word_1_434' title='bbox 1726 3176 1812 3212; x_wconf 83' lang='lat' dir='ltr'><strong>ca-</strong></span> <span class='ocrx_word' id='word_1_435' title='bbox 1841 3154 1887 3220; x_wconf 85' lang='lat' dir='ltr'><strong>C</strong></span> <span class='ocrx_word' id='word_1_436' title='bbox 1922 3164 2172 3217; x_wconf 84' lang='lat' dir='ltr'><strong>viventes</strong></span> <span class='ocrx_word' id='word_1_437' title='bbox 2204 3161 2321 3231; x_wconf 87' lang='lat' dir='ltr'><strong>ipse</strong></span> <span class='ocrx_word' id='word_1_438' title='bbox 2351 3160 2517 3216; x_wconf 88' lang='lat' dir='ltr'><strong>etiam</strong></span> <span class='ocrx_word' id='word_1_439' title='bbox 2548 3161 2760 3232; x_wconf 84' lang='lat' dir='ltr'><strong>Moyses</strong></span> <span class='ocrx_word' id='word_1_440' title='bbox 2794 3160 3074 3231; x_wconf 86' lang='lat' dir='ltr'><strong>prohibuit</strong></span> <span class='ocrx_word' id='word_1_441' title='bbox 3099 3159 3338 3229; x_wconf 75' lang='lat' dir='ltr'><strong>agnosci.</strong></span> 
     </span>
    </p>
   </div>
   <div class='ocr_carea' id='block_1_63' title="bbox 207 3248 1811 3323">
    <p class='ocr_par' dir='ltr' id='par_1_63' title="bbox 207 3248 1811 3323">
     <span class='ocr_line' id='line_1_63' title="bbox 207 3248 1811 3323; baseline 0.002 -21"><span class='ocrx_word' id='word_1_442' title='bbox 207 3259 298 3319; x_wconf 86' lang='lat' dir='ltr'><strong>put</strong></span> <span class='ocrx_word' id='word_1_443' title='bbox 326 3260 400 3304; x_wconf 83' lang='lat' dir='ltr'><strong>est</strong></span> <span class='ocrx_word' id='word_1_444' title='bbox 435 3248 713 3317; x_wconf 65' lang='lat' dir='ltr'><strong>Ecclesiae,</strong></span> <span class='ocrx_word' id='word_1_445' title='bbox 741 3252 850 3323; x_wconf 88' lang='lat' dir='ltr'><em>ipse</em></span> <span class='ocrx_word' id='word_1_446' title='bbox 874 3249 1120 3305; x_wconf 72' lang='lat' dir='ltr'><em>Salvator</em></span> <span class='ocrx_word' id='word_1_447' title='bbox 1145 3252 1379 3321; x_wconf 86' lang='lat' dir='ltr'><em>corporis</em></span> <span class='ocrx_word' id='word_1_448' title='bbox 1404 3254 1536 3322; x_wconf 77' lang='lat' dir='ltr'><em>ejus,</em></span> <span class='ocrx_word' id='word_1_449' title='bbox 1557 3252 1662 3307; x_wconf 85' lang='lat' dir='ltr'><em>Sed</em></span> <span class='ocrx_word' id='word_1_450' title='bbox 1683 3253 1811 3306; x_wconf 82' lang='lat' dir='ltr'><em>sicut</em></span> 
     </span>
    </p>
   </div>
   <div class='ocr_carea' id='block_1_64' title="bbox 202 3342 1813 3417">
    <p class='ocr_par' dir='ltr' id='par_1_64' title="bbox 202 3342 1813 3417">
     <span class='ocr_line' id='line_1_64' title="bbox 202 3342 1813 3417; baseline 0.002 -20"><span class='ocrx_word' id='word_1_451' title='bbox 202 3342 443 3400; x_wconf 68' lang='lat' dir='ltr'><em>Ecclesia</em></span> <span class='ocrx_word' id='word_1_452' title='bbox 473 3344 703 3417; x_wconf 88' lang='lat' dir='ltr'><em>subjecta</em></span> <span class='ocrx_word' id='word_1_453' title='bbox 751 3355 824 3398; x_wconf 88' lang='lat' dir='ltr'><strong>est</strong></span> <span class='ocrx_word' id='word_1_454' title='bbox 852 3342 1100 3398; x_wconf 82' lang='lat' dir='ltr'><em>Christo:</em></span> <span class='ocrx_word' id='word_1_455' title='bbox 1130 3347 1202 3397; x_wconf 86' lang='lat' dir='ltr'><em>ita</em></span> <span class='ocrx_word' id='word_1_456' title='bbox 1225 3355 1270 3398; x_wconf 89' lang='lat' dir='ltr'><strong>et</strong></span> <span class='ocrx_word' id='word_1_457' title='bbox 1301 3344 1543 3400; x_wconf 88' lang='lat' dir='ltr'><em>mulieres</em></span> <span class='ocrx_word' id='word_1_458' title='bbox 1568 3347 1688 3399; x_wconf 84' lang='lat' dir='ltr'><em>viris</em></span> <span class='ocrx_word' id='word_1_459' title='bbox 1708 3348 1813 3401; x_wconf 87' lang='lat' dir='ltr'><em>suis</em></span> 
     </span>
    </p>
   </div>
   <div class='ocr_carea' id='block_1_65' title="bbox 202 3436 1811 3511">
    <p class='ocr_par' dir='ltr' id='par_1_65' title="bbox 202 3436 1811 3511">
     <span class='ocr_line' id='line_1_65' title="bbox 202 3436 1811 3511; baseline 0.003 -21"><span class='ocrx_word' id='word_1_460' title='bbox 202 3439 257 3490; x_wconf 89' lang='lat' dir='ltr'><em>in</em></span> <span class='ocrx_word' id='word_1_461' title='bbox 287 3439 553 3492; x_wconf 84' lang='lat' dir='ltr'><em>omnibus.</em></span> <span class='ocrx_word' id='word_1_462' title='bbox 588 3436 783 3492; x_wconf 71' lang='lat' dir='ltr'><strong>lteddit</strong></span> <span class='ocrx_word' id='word_1_463' title='bbox 805 3438 1003 3508; x_wconf 85' lang='lat' dir='ltr'><strong>justam</strong></span> <span class='ocrx_word' id='word_1_464' title='bbox 1031 3454 1249 3495; x_wconf 81' lang='lat' dir='ltr'><strong>oausam</strong></span> <span class='ocrx_word' id='word_1_465' title='bbox 1275 3439 1661 3509; x_wconf 73' lang='lat' dir='ltr'><strong>subiectionis:</strong></span> <span class='ocrx_word' id='word_1_466' title='bbox 1688 3443 1811 3511; x_wconf 87' lang='lat' dir='ltr'><strong>quia</strong></span> 
     </span>
    </p>
   </div>
   <div class='ocr_carea' id='block_1_66' title="bbox 202 3529 1814 3602">
    <p class='ocr_par' dir='ltr' id='par_1_66' title="bbox 202 3529 1814 3602">
     <span class='ocr_line' id='line_1_66' title="bbox 202 3529 1814 3602; baseline 0.001 -18"><span class='ocrx_word' id='word_1_467' title='bbox 202 3540 253 3584; x_wconf 90' lang='lat' dir='ltr'><strong>et</strong></span> <span class='ocrx_word' id='word_1_468' title='bbox 278 3531 435 3598; x_wconf 86' lang='lat' dir='ltr'><strong>prior</strong></span> <span class='ocrx_word' id='word_1_469' title='bbox 469 3538 553 3585; x_wconf 91' lang='lat' dir='ltr'><strong>est</strong></span> <span class='ocrx_word' id='word_1_470' title='bbox 576 3530 679 3597; x_wconf 84' lang='lat' dir='ltr'><strong>vir,</strong></span> <span class='ocrx_word' id='word_1_471' title='bbox 700 3539 753 3586; x_wconf 91' lang='lat' dir='ltr'><strong>et</strong></span> <span class='ocrx_word' id='word_1_472' title='bbox 780 3529 1061 3601; x_wconf 90' lang='lat' dir='ltr'><strong>utriusque</strong></span> <span class='ocrx_word' id='word_1_473' title='bbox 1090 3531 1333 3602; x_wconf 88' lang='lat' dir='ltr'><strong>corporis</strong></span> <span class='ocrx_word' id='word_1_474' title='bbox 1365 3531 1525 3586; x_wconf 84' lang='lat' dir='ltr'><strong>debet</strong></span> <span class='ocrx_word' id='word_1_475' title='bbox 1549 3544 1669 3587; x_wconf 91' lang='lat' dir='ltr'><strong>esse</strong></span> <span class='ocrx_word' id='word_1_476' title='bbox 1697 3532 1814 3587; x_wconf 84' lang='lat' dir='ltr'><strong>Sal-</strong></span> 
     </span>
    </p>
   </div>
   <div class='ocr_carea' id='block_1_67' title="bbox 205 3630 384 3677">
    <p class='ocr_par' dir='ltr' id='par_1_67' title="bbox 205 3630 384 3677">
     <span class='ocr_line' id='line_1_67' title="bbox 205 3630 384 3677; baseline -0.006 0"><span class='ocrx_word' id='word_1_477' title='bbox 205 3630 384 3677; x_wconf 80' lang='lat' dir='ltr'><strong>vator.</strong></span> 
     </span>
    </p>
   </div>
   <div class='ocr_carea' id='block_1_68' title="bbox 284 3714 1815 3787">
    <p class='ocr_par' dir='ltr' id='par_1_68' title="bbox 284 3714 1815 3787">
     <span class='ocr_line' id='line_1_68' title="bbox 284 3714 1815 3787; baseline 0.001 -18"><span class='ocrx_word' id='word_1_478' title='bbox 284 3714 424 3781; x_wconf 81' lang='lat' dir='ltr'><strong>Viri,</strong></span> <span class='ocrx_word' id='word_1_479' title='bbox 458 3715 663 3787; x_wconf 78' lang='lat' dir='ltr'><em>diligite</em></span> <span class='ocrx_word' id='word_1_480' title='bbox 713 3733 899 3772; x_wconf 69' lang='lat' dir='ltr'><em>uxores</em></span> <span class='ocrx_word' id='word_1_481' title='bbox 930 3727 1141 3785; x_wconf 80' lang='lat' dir='ltr'><em>vestras,</em></span> <span class='ocrx_word' id='word_1_482' title='bbox 1188 3718 1318 3772; x_wconf 88' lang='lat' dir='ltr'><em>sicut</em></span> <span class='ocrx_word' id='word_1_483' title='bbox 1356 3727 1401 3771; x_wconf 87' lang='lat' dir='ltr'><em>et</em></span> <span class='ocrx_word' id='word_1_484' title='bbox 1454 3716 1686 3772; x_wconf 80' lang='lat' dir='ltr'><em>Christus</em></span> <span class='ocrx_word' id='word_1_485' title='bbox 1736 3719 1815 3770; x_wconf 87' lang='lat' dir='ltr'><strong>di-</strong></span> 
     </span>
    </p>
   </div>
   <div class='ocr_carea' id='block_1_69' title="bbox 205 3805 1809 3867">
    <p class='ocr_par' dir='ltr' id='par_1_69' title="bbox 205 3805 1809 3867">
     <span class='ocr_line' id='line_1_69' title="bbox 205 3805 1809 3867; baseline 0 -5"><span class='ocrx_word' id='word_1_486' title='bbox 205 3808 333 3862; x_wconf 76' lang='lat' dir='ltr'><em>lexit</em></span> <span class='ocrx_word' id='word_1_487' title='bbox 376 3805 690 3862; x_wconf 85' lang='lat' dir='ltr'><em>Ecclesium.</em></span> <span class='ocrx_word' id='word_1_488' title='bbox 719 3806 853 3863; x_wconf 89' lang='lat' dir='ltr'><strong>Tam</strong></span> <span class='ocrx_word' id='word_1_489' title='bbox 899 3818 1084 3863; x_wconf 89' lang='lat' dir='ltr'><strong>sancta</strong></span> <span class='ocrx_word' id='word_1_490' title='bbox 1115 3818 1169 3864; x_wconf 87' lang='lat' dir='ltr'><strong>et</strong></span> <span class='ocrx_word' id='word_1_491' title='bbox 1199 3808 1500 3864; x_wconf 74' lang='lat' dir='ltr'><strong>venerabili</strong></span> <span class='ocrx_word' id='word_1_492' title='bbox 1526 3808 1809 3867; x_wconf 86' lang='lat' dir='ltr'><strong>cbaritate.</strong></span> 
     </span>
    </p>
   </div>
   <div class='ocr_carea' id='block_1_70' title="bbox 277 3899 1815 3973">
    <p class='ocr_par' dir='ltr' id='par_1_70' title="bbox 277 3899 1815 3973">
     <span class='ocr_line' id='line_1_70' title="bbox 277 3899 1815 3973; baseline 0.001 -19"><span class='ocrx_word' id='word_1_493' title='bbox 277 3899 351 3954; x_wconf 86' lang='lat' dir='ltr'><strong>Et</strong></span> <span class='ocrx_word' id='word_1_494' title='bbox 380 3900 606 3972; x_wconf 87' lang='lat' dir='ltr'><em>seipsum</em></span> <span class='ocrx_word' id='word_1_495' title='bbox 633 3900 855 3953; x_wconf 85' lang='lat' dir='ltr'><strong>tradidit</strong></span> <span class='ocrx_word' id='word_1_496' title='bbox 884 3918 978 3972; x_wconf 90' lang='lat' dir='ltr'><em>pro</em></span> <span class='ocrx_word' id='word_1_497' title='bbox 1014 3919 1095 3955; x_wconf 88' lang='lat' dir='ltr'><em>ea.</em></span> <span class='ocrx_word' id='word_1_498' title='bbox 1137 3899 1214 3954; x_wconf 86' lang='lat' dir='ltr'><strong>Ita</strong></span> <span class='ocrx_word' id='word_1_499' title='bbox 1262 3910 1317 3955; x_wconf 92' lang='lat' dir='ltr'><strong>et</strong></span> <span class='ocrx_word' id='word_1_500' title='bbox 1362 3914 1458 3955; x_wconf 91' lang='lat' dir='ltr'><strong>vos</strong></span> <span class='ocrx_word' id='word_1_501' title='bbox 1487 3917 1586 3973; x_wconf 90' lang='lat' dir='ltr'><strong>pro</strong></span> <span class='ocrx_word' id='word_1_502' title='bbox 1613 3902 1815 3956; x_wconf 85' lang='lat' dir='ltr'><strong>sancti-</strong></span> 
     </span>
    </p>
   </div>
   <div class='ocr_carea' id='block_1_71' title="bbox 204 3994 1810 4059">
    <p class='ocr_par' dir='ltr' id='par_1_71' title="bbox 204 3994 1810 4059">
     <span class='ocr_line' id='line_1_71' title="bbox 204 3994 1810 4059; baseline 0.001 -10"><span class='ocrx_word' id='word_1_503' title='bbox 204 4000 317 4049; x_wconf 83' lang='lat' dir='ltr'><strong>tate</strong></span> <span class='ocrx_word' id='word_1_504' title='bbox 350 4009 616 4059; x_wconf 80' lang='lat' dir='ltr'><strong>uxorum,</strong></span> <span class='ocrx_word' id='word_1_505' title='bbox 650 4008 749 4047; x_wconf 88' lang='lat' dir='ltr'><strong>nec</strong></span> <span class='ocrx_word' id='word_1_506' title='bbox 782 3994 921 4047; x_wconf 83' lang='lat' dir='ltr'><strong>mori</strong></span> <span class='ocrx_word' id='word_1_507' title='bbox 950 3994 994 4048; x_wconf 87' lang='lat' dir='ltr'><strong>si</strong></span> <span class='ocrx_word' id='word_1_508' title='bbox 1036 4009 1259 4048; x_wconf 89' lang='lat' dir='ltr'><strong>necesse</strong></span> <span class='ocrx_word' id='word_1_509' title='bbox 1305 3994 1491 4059; x_wconf 80' lang='lat' dir='ltr'><strong>fuerit,</strong></span> <span class='ocrx_word' id='word_1_510' title='bbox 1526 3997 1810 4050; x_wconf 83' lang='lat' dir='ltr'><strong>recusetis.</strong></span> 
     </span>
    </p>
   </div>
   <div class='ocr_carea' id='block_1_72' title="bbox 280 4084 1816 4159">
    <p class='ocr_par' dir='ltr' id='par_1_72' title="bbox 280 4084 1816 4159">
     <span class='ocr_line' id='line_1_72' title="bbox 280 4084 1816 4159; baseline 0.002 -22"><span class='ocrx_word' id='word_1_511' title='bbox 280 4084 353 4141; x_wconf 84' lang='lat' dir='ltr'><em>Ut</em></span> <span class='ocrx_word' id='word_1_512' title='bbox 388 4085 543 4139; x_wconf 85' lang='lat' dir='ltr'><em>illam</em></span> <span class='ocrx_word' id='word_1_513' title='bbox 585 4084 953 4153; x_wconf 78' lang='lat' dir='ltr'><em>sanctiﬁcaret,</em></span> <span class='ocrx_word' id='word_1_514' title='bbox 988 4086 1243 4153; x_wconf 78' lang='lat' dir='ltr'><em>inundans</em></span> <span class='ocrx_word' id='word_1_515' title='bbox 1273 4101 1387 4138; x_wconf 87' lang='lat' dir='ltr'><em>eam</em></span> <span class='ocrx_word' id='word_1_516' title='bbox 1433 4087 1639 4140; x_wconf 82' lang='lat' dir='ltr'><em>lavacro</em></span> <span class='ocrx_word' id='word_1_517' title='bbox 1670 4103 1816 4159; x_wconf 63' lang='lat' dir='ltr'><em>aqua</em></span> 
     </span>
    </p>
   </div>
   <div class='ocr_carea' id='block_1_73' title="bbox 201 4174 1813 4245">
    <p class='ocr_par' dir='ltr' id='par_1_73' title="bbox 201 4174 1813 4245">
     <span class='ocr_line' id='line_1_73' title="bbox 201 4174 1813 4245; baseline 0.001 -16"><span class='ocrx_word' id='word_1_518' title='bbox 201 4176 258 4229; x_wconf 91' lang='lat' dir='ltr'><strong>in</strong></span> <span class='ocrx_word' id='word_1_519' title='bbox 289 4174 450 4229; x_wconf 85' lang='lat' dir='ltr'><em>verba</em></span> <span class='ocrx_word' id='word_1_520' title='bbox 488 4175 624 4227; x_wconf 63' lang='lat' dir='ltr'><em>vitae.</em></span> <span class='ocrx_word' id='word_1_521' title='bbox 679 4174 830 4245; x_wconf 84' lang='lat' dir='ltr'><strong>Aqua</strong></span> <span class='ocrx_word' id='word_1_522' title='bbox 874 4175 1004 4229; x_wconf 85' lang='lat' dir='ltr'><strong>lavit</strong></span> <span class='ocrx_word' id='word_1_523' title='bbox 1048 4188 1264 4244; x_wconf 87' lang='lat' dir='ltr'><strong>corpus,</strong></span> <span class='ocrx_word' id='word_1_524' title='bbox 1298 4174 1531 4231; x_wconf 89' lang='lat' dir='ltr'><strong>animam</strong></span> <span class='ocrx_word' id='word_1_525' title='bbox 1571 4177 1813 4232; x_wconf 87' lang='lat' dir='ltr'><strong>doctrina</strong></span> 
     </span>
    </p>
   </div>
   <div class='ocr_carea' id='block_1_74' title="bbox 205 4266 1815 4340">
    <p class='ocr_par' dir='ltr' id='par_1_74' title="bbox 205 4266 1815 4340">
     <span class='ocr_line' id='line_1_74' title="bbox 205 4266 1815 4340; baseline 0 -15"><span class='ocrx_word' id='word_1_526' title='bbox 205 4267 519 4333; x_wconf 82' lang='lat' dir='ltr'><strong>mandavit,</strong></span> <span class='ocrx_word' id='word_1_527' title='bbox 559 4266 699 4322; x_wconf 88' lang='lat' dir='ltr'><strong>sicut</strong></span> <span class='ocrx_word' id='word_1_528' title='bbox 738 4268 813 4322; x_wconf 90' lang='lat' dir='ltr'><strong>ait</strong></span> <span class='ocrx_word' id='word_1_529' title='bbox 849 4266 915 4322; x_wconf 90' lang='lat' dir='ltr'><strong>ad</strong></span> <span class='ocrx_word' id='word_1_530' title='bbox 957 4267 1212 4323; x_wconf 73' lang='lat' dir='ltr'><strong>Hebraeos</strong></span> <span class='ocrx_word' id='word_1_531' title='bbox 1248 4287 1259 4322; x_wconf 86' lang='lat'><strong>:</strong></span> <span class='ocrx_word' id='word_1_532' title='bbox 1314 4268 1541 4340; x_wconf 75' lang='lat' dir='ltr'><strong>Asper-si</strong></span> <span class='ocrx_word' id='word_1_533' title='bbox 1590 4268 1754 4325; x_wconf 90' lang='lat' dir='ltr'><strong>corda</strong></span> <span class='ocrx_word' id='word_1_534' title='bbox 1784 4284 1815 4325; x_wconf 91' lang='lat' dir='ltr'><strong>a</strong></span> 
     </span>
    </p>
   </div>
   <div class='ocr_carea' id='block_1_75' title="bbox 206 4359 1812 4432">
    <p class='ocr_par' dir='ltr' id='par_1_75' title="bbox 206 4359 1812 4432">
     <span class='ocr_line' id='line_1_75' title="bbox 206 4359 1812 4432; baseline 0.001 -17"><span class='ocrx_word' id='word_1_535' title='bbox 206 4360 552 4419; x_wconf 74' lang='lat' dir='ltr'><strong>conscientia</strong></span> <span class='ocrx_word' id='word_1_536' title='bbox 600 4359 760 4425; x_wconf 88' lang='lat' dir='ltr'><strong>mala,</strong></span> <span class='ocrx_word' id='word_1_537' title='bbox 799 4369 853 4415; x_wconf 91' lang='lat' dir='ltr'><strong>et</strong></span> <span class='ocrx_word' id='word_1_538' title='bbox 882 4360 1047 4415; x_wconf 90' lang='lat' dir='ltr'><strong>abluti</strong></span> <span class='ocrx_word' id='word_1_539' title='bbox 1074 4375 1270 4432; x_wconf 90' lang='lat' dir='ltr'><strong>corpus</strong></span> <span class='ocrx_word' id='word_1_540' title='bbox 1299 4376 1436 4430; x_wconf 88' lang='lat' dir='ltr'><strong>aqua</strong></span> <span class='ocrx_word' id='word_1_541' title='bbox 1469 4361 1666 4417; x_wconf 87' lang='lat' dir='ltr'><strong>munda</strong></span> <span class='ocrx_word' id='word_1_542' title='bbox 1699 4380 1711 4415; x_wconf 90' lang='lat'>:</span> <span class='ocrx_word' id='word_1_543' title='bbox 1742 4364 1812 4417; x_wconf 91' lang='lat' dir='ltr'><strong>ita</strong></span> 
     </span>
    </p>
   </div>
   <div class='ocr_carea' id='block_1_76' title="bbox 206 4453 1814 4523">
    <p class='ocr_par' dir='ltr' id='par_1_76' title="bbox 206 4453 1814 4523">
     <span class='ocr_line' id='line_1_76' title="bbox 206 4453 1814 4523; baseline -0.001 -12"><span class='ocrx_word' id='word_1_544' title='bbox 206 4467 259 4511; x_wconf 90' lang='lat' dir='ltr'><strong>et</strong></span> <span class='ocrx_word' id='word_1_545' title='bbox 292 4469 390 4510; x_wconf 88' lang='lat' dir='ltr'><strong>vos</strong></span> <span class='ocrx_word' id='word_1_546' title='bbox 422 4466 659 4523; x_wconf 88' lang='lat' dir='ltr'><strong>corpora</strong></span> <span class='ocrx_word' id='word_1_547' title='bbox 688 4468 942 4520; x_wconf 82' lang='lat' dir='ltr'><strong>uxorum,</strong></span> <span class='ocrx_word' id='word_1_548' title='bbox 984 4454 1330 4509; x_wconf 84' lang='lat' dir='ltr'><strong>conscientia:</strong></span> <span class='ocrx_word' id='word_1_549' title='bbox 1377 4453 1607 4521; x_wconf 88' lang='lat' dir='ltr'><strong>animas,</strong></span> <span class='ocrx_word' id='word_1_550' title='bbox 1659 4469 1814 4509; x_wconf 92' lang='lat' dir='ltr'><strong>mun-</strong></span> 
     </span>
    </p>
   </div>
   <div class='ocr_carea' id='block_1_77' title="bbox 207 4546 661 4604">
    <p class='ocr_par' dir='ltr' id='par_1_77' title="bbox 207 4546 661 4604">
     <span class='ocr_line' id='line_1_77' title="bbox 207 4546 661 4604; baseline -0.002 0"><span class='ocrx_word' id='word_1_551' title='bbox 207 4550 336 4604; x_wconf 89' lang='lat' dir='ltr'><strong>date</strong></span> <span class='ocrx_word' id='word_1_552' title='bbox 361 4546 661 4604; x_wconf 86' lang='lat' dir='ltr'><strong>doctrinis.</strong></span> 
     </span>
    </p>
   </div>
   <div class='ocr_carea' id='block_1_78' title="bbox 279 4639 1817 4713">
    <p class='ocr_par' dir='ltr' id='par_1_78' title="bbox 279 4639 1817 4713">
     <span class='ocr_line' id='line_1_78' title="bbox 279 4639 1817 4713; baseline -0.001 -17"><span class='ocrx_word' id='word_1_553' title='bbox 279 4642 348 4701; x_wconf 86' lang='lat' dir='ltr'><em>Ut</em></span> <span class='ocrx_word' id='word_1_554' title='bbox 378 4641 645 4700; x_wconf 78' lang='lat' dir='ltr'><em>ea&#39;hiberet</em></span> <span class='ocrx_word' id='word_1_555' title='bbox 674 4641 779 4713; x_wconf 84' lang='lat' dir='ltr'><em>ipse</em></span> <span class='ocrx_word' id='word_1_556' title='bbox 805 4639 902 4699; x_wconf 89' lang='lat' dir='ltr'><em>sibi</em></span> <span class='ocrx_word' id='word_1_557' title='bbox 930 4642 1210 4713; x_wconf 71' lang='lat' dir='ltr'><em>gloriosae:</em></span> <span class='ocrx_word' id='word_1_558' title='bbox 1252 4642 1564 4709; x_wconf 81' lang='lat' dir='ltr'><em>Ecclesium,</em></span> <span class='ocrx_word' id='word_1_559' title='bbox 1592 4659 1694 4697; x_wconf 88' lang='lat' dir='ltr'><em>non</em></span> <span class='ocrx_word' id='word_1_560' title='bbox 1721 4642 1817 4696; x_wconf 85' lang='lat' dir='ltr'><strong>Ita-</strong></span> 
     </span>
    </p>
   </div>
   <div class='ocr_carea' id='block_1_79' title="bbox 209 4735 1814 4811">
    <p class='ocr_par' dir='ltr' id='par_1_79' title="bbox 209 4735 1814 4811">
     <span class='ocr_line' id='line_1_79' title="bbox 209 4735 1814 4811; baseline -0.002 -19"><span class='ocrx_word' id='word_1_561' title='bbox 209 4740 409 4793; x_wconf 89' lang='lat' dir='ltr'><em>bentem</em></span> <span class='ocrx_word' id='word_1_562' title='bbox 450 4736 715 4791; x_wconf 82' lang='lat' dir='ltr'><em>maculam</em></span> <span class='ocrx_word' id='word_1_563' title='bbox 756 4744 844 4789; x_wconf 90' lang='lat' dir='ltr'><strong>aut</strong></span> <span class='ocrx_word' id='word_1_564' title='bbox 895 4753 1101 4807; x_wconf 88' lang='lat' dir='ltr'><strong>rugam,</strong></span> <span class='ocrx_word' id='word_1_565' title='bbox 1132 4747 1222 4789; x_wconf 88' lang='lat' dir='ltr'><strong>aut</strong></span> <span class='ocrx_word' id='word_1_566' title='bbox 1263 4738 1463 4807; x_wconf 82' lang='lat' dir='ltr'><em>aliquid</em></span> <span class='ocrx_word' id='word_1_567' title='bbox 1491 4735 1814 4811; x_wconf 79' lang='lat' dir='ltr'><strong>Itujttsutodi.</strong></span> 
     </span>
    </p>
   </div>
   <div class='ocr_carea' id='block_1_80' title="bbox 211 4828 1819 4898">
    <p class='ocr_par' dir='ltr' id='par_1_80' title="bbox 211 4828 1819 4898">
     <span class='ocr_line' id='line_1_80' title="bbox 211 4828 1819 4898; baseline 0 -15"><span class='ocrx_word' id='word_1_568' title='bbox 211 4830 287 4885; x_wconf 86' lang='lat' dir='ltr'><strong>Ita</strong></span> <span class='ocrx_word' id='word_1_569' title='bbox 335 4830 441 4886; x_wconf 85' lang='lat' dir='ltr'><strong>sibi</strong></span> <span class='ocrx_word' id='word_1_570' title='bbox 490 4828 743 4883; x_wconf 88' lang='lat' dir='ltr'><strong>Christus</strong></span> <span class='ocrx_word' id='word_1_571' title='bbox 795 4828 1078 4882; x_wconf 80' lang='lat' dir='ltr'><strong>mandavit</strong></span> <span class='ocrx_word' id='word_1_572' title='bbox 1124 4828 1448 4891; x_wconf 86' lang='lat' dir='ltr'><strong>Ecclesiam,</strong></span> <span class='ocrx_word' id='word_1_573' title='bbox 1499 4838 1554 4880; x_wconf 88' lang='lat' dir='ltr'><strong>ut</strong></span> <span class='ocrx_word' id='word_1_574' title='bbox 1596 4829 1819 4898; x_wconf 89' lang='lat' dir='ltr'><strong>antiqua</strong></span> 
     </span>
    </p>
   </div>
   <div class='ocr_carea' id='block_1_81' title="bbox 210 4921 1821 4989">
    <p class='ocr_par' dir='ltr' id='par_1_81' title="bbox 210 4921 1821 4989">
     <span class='ocr_line' id='line_1_81' title="bbox 210 4921 1821 4989; baseline -0.001 -11"><span class='ocrx_word' id='word_1_575' title='bbox 210 4924 437 4978; x_wconf 90' lang='lat' dir='ltr'><strong>crimina</strong></span> <span class='ocrx_word' id='word_1_576' title='bbox 473 4923 723 4977; x_wconf 88' lang='lat' dir='ltr'><strong>ablueret</strong></span> <span class='ocrx_word' id='word_1_577' title='bbox 755 4938 769 4976; x_wconf 89' lang='lat'>:</span> <span class='ocrx_word' id='word_1_578' title='bbox 800 4930 856 4975; x_wconf 88' lang='lat' dir='ltr'><strong>et</strong></span> <span class='ocrx_word' id='word_1_579' title='bbox 882 4935 1051 4976; x_wconf 79' lang='lat' dir='ltr'><strong>novas</strong></span> <span class='ocrx_word' id='word_1_580' title='bbox 1080 4922 1320 4975; x_wconf 88' lang='lat' dir='ltr'><strong>maculas</strong></span> <span class='ocrx_word' id='word_1_581' title='bbox 1343 4921 1612 4989; x_wconf 79' lang='lat' dir='ltr'><strong>quomodo</strong></span> <span class='ocrx_word' id='word_1_582' title='bbox 1636 4922 1821 4977; x_wconf 89' lang='lat' dir='ltr'><strong>incur-</strong></span> 
     </span>
    </p>
   </div>
   <div class='ocr_carea' id='block_1_82' title="bbox 212 5016 1429 5086">
    <p class='ocr_par' dir='ltr' id='par_1_82' title="bbox 212 5016 1429 5086">
     <span class='ocr_line' id='line_1_82' title="bbox 212 5016 1429 5086; baseline -0.002 -15"><span class='ocrx_word' id='word_1_583' title='bbox 212 5018 405 5085; x_wconf 88' lang='lat' dir='ltr'><strong>rimus,</strong></span> <span class='ocrx_word' id='word_1_584' title='bbox 438 5026 495 5072; x_wconf 90' lang='lat' dir='ltr'><strong>et</strong></span> <span class='ocrx_word' id='word_1_585' title='bbox 521 5017 689 5072; x_wconf 83' lang='lat' dir='ltr'><strong>verbo</strong></span> <span class='ocrx_word' id='word_1_586' title='bbox 719 5016 1036 5071; x_wconf 87' lang='lat' dir='ltr'><strong>ostenderet</strong></span> <span class='ocrx_word' id='word_1_587' title='bbox 1064 5024 1117 5070; x_wconf 84' lang='lat' dir='ltr'><strong>et</strong></span> <span class='ocrx_word' id='word_1_588' title='bbox 1152 5016 1429 5086; x_wconf 80' lang='lat' dir='ltr'><strong>exemplo.</strong></span> 
     </span>
    </p>
   </div>
   <div class='ocr_carea' id='block_1_83' title="bbox 282 5106 1818 5165">
    <p class='ocr_par' dir='ltr' id='par_1_83' title="bbox 282 5106 1818 5165">
     <span class='ocr_line' id='line_1_83' title="bbox 282 5106 1818 5165; baseline -0.002 -1"><span class='ocrx_word' id='word_1_589' title='bbox 282 5109 390 5165; x_wconf 90' lang='lat' dir='ltr'><strong>Sed</strong></span> <span class='ocrx_word' id='word_1_590' title='bbox 418 5119 473 5163; x_wconf 89' lang='lat' dir='ltr'><strong>ut</strong></span> <span class='ocrx_word' id='word_1_591' title='bbox 512 5110 581 5163; x_wconf 88' lang='lat' dir='ltr'><strong>sit</strong></span> <span class='ocrx_word' id='word_1_592' title='bbox 611 5118 791 5162; x_wconf 89' lang='lat' dir='ltr'><em>sancta</em></span> <span class='ocrx_word' id='word_1_593' title='bbox 833 5117 883 5163; x_wconf 89' lang='lat' dir='ltr'><em>et</em></span> <span class='ocrx_word' id='word_1_594' title='bbox 928 5108 1283 5162; x_wconf 87' lang='lat' dir='ltr'><em>immaculata.</em></span> <span class='ocrx_word' id='word_1_595' title='bbox 1317 5106 1372 5164; x_wconf 86' lang='lat' dir='ltr'><strong>Si</strong></span> <span class='ocrx_word' id='word_1_596' title='bbox 1419 5108 1673 5164; x_wconf 87' lang='lat' dir='ltr'><strong>omnibus</strong></span> <span class='ocrx_word' id='word_1_597' title='bbox 1716 5108 1818 5162; x_wconf 85' lang='lat' dir='ltr'><strong>im-</strong></span> 
     </span>
    </p>
   </div>
   <div class='ocr_carea' id='block_1_84' title="bbox 215 5203 1812 5272">
    <p class='ocr_par' dir='ltr' id='par_1_84' title="bbox 215 5203 1812 5272">
     <span class='ocr_line' id='line_1_84' title="bbox 215 5203 1812 5272; baseline 0.002 -17"><span class='ocrx_word' id='word_1_598' title='bbox 215 5204 485 5256; x_wconf 86' lang='lat' dir='ltr'><strong>maculata</strong></span> <span class='ocrx_word' id='word_1_599' title='bbox 515 5213 621 5268; x_wconf 88' lang='lat' dir='ltr'><strong>est,</strong></span> <span class='ocrx_word' id='word_1_600' title='bbox 656 5203 997 5258; x_wconf 84' lang='lat' dir='ltr'><strong>maculaliab</strong></span> <span class='ocrx_word' id='word_1_601' title='bbox 1038 5218 1100 5259; x_wconf 87' lang='lat' dir='ltr'><strong>ea</strong></span> <span class='ocrx_word' id='word_1_602' title='bbox 1146 5204 1307 5258; x_wconf 90' lang='lat' dir='ltr'><strong>alieni</strong></span> <span class='ocrx_word' id='word_1_603' title='bbox 1336 5219 1458 5259; x_wconf 70' lang='lat' dir='ltr'><strong>esse</strong></span> <span class='ocrx_word' id='word_1_604' title='bbox 1501 5212 1812 5272; x_wconf 84' lang='lat' dir='ltr'><strong>censentur,</strong></span> 
     </span>
    </p>
   </div>
   <div class='ocr_carea' id='block_1_85' title="bbox 216 5294 1691 5367">
    <p class='ocr_par' dir='ltr' id='par_1_85' title="bbox 216 5294 1691 5367">
     <span class='ocr_line' id='line_1_85' title="bbox 216 5294 1691 5367; baseline 0.002 -19"><span class='ocrx_word' id='word_1_605' title='bbox 216 5294 325 5348; x_wconf 88' lang='lat' dir='ltr'><strong>nisi</strong></span> <span class='ocrx_word' id='word_1_606' title='bbox 351 5308 572 5348; x_wconf 85' lang='lat' dir='ltr'><strong>rursum</strong></span> <span class='ocrx_word' id='word_1_607' title='bbox 604 5310 700 5364; x_wconf 88' lang='lat' dir='ltr'><strong>per</strong></span> <span class='ocrx_word' id='word_1_608' title='bbox 729 5299 1100 5365; x_wconf 76' lang='lat' dir='ltr'><strong>paenitentiam</strong></span> <span class='ocrx_word' id='word_1_609' title='bbox 1129 5297 1335 5354; x_wconf 78' lang='lat' dir='ltr'><strong>fuerint</strong></span> <span class='ocrx_word' id='word_1_610' title='bbox 1359 5297 1691 5367; x_wconf 46' lang='lat' dir='ltr'><strong>expurgatu</strong></span> 
     </span>
    </p>
   </div>
   <div class='ocr_carea' id='block_1_86' title="bbox 284 5383 1817 5461">
    <p class='ocr_par' dir='ltr' id='par_1_86' title="bbox 284 5383 1817 5461">
     <span class='ocr_line' id='line_1_86' title="bbox 284 5383 1817 5461; baseline 0.003 -23"><span class='ocrx_word' id='word_1_611' title='bbox 284 5383 377 5438; x_wconf 77' lang='lat' dir='ltr'><em>Ita</em></span> <span class='ocrx_word' id='word_1_612' title='bbox 404 5393 451 5436; x_wconf 91' lang='lat' dir='ltr'><em>et</em></span> <span class='ocrx_word' id='word_1_613' title='bbox 495 5386 594 5439; x_wconf 74' lang='lat' dir='ltr'><em>uiri</em></span> <span class='ocrx_word' id='word_1_614' title='bbox 633 5388 811 5442; x_wconf 88' lang='lat' dir='ltr'><em>debent</em></span> <span class='ocrx_word' id='word_1_615' title='bbox 855 5389 1071 5461; x_wconf 81' lang='lat' dir='ltr'><strong>diligere</strong></span> <span class='ocrx_word' id='word_1_616' title='bbox 1100 5407 1285 5446; x_wconf 75' lang='lat' dir='ltr'><em>uxores</em></span> <span class='ocrx_word' id='word_1_617' title='bbox 1328 5407 1449 5445; x_wconf 86' lang='lat' dir='ltr'><em>suas</em></span> <span class='ocrx_word' id='word_1_618' title='bbox 1494 5398 1549 5443; x_wconf 87' lang='lat' dir='ltr'><strong>ut</strong></span> <span class='ocrx_word' id='word_1_619' title='bbox 1598 5405 1817 5461; x_wconf 88' lang='lat' dir='ltr'><em>corpora</em></span> 
     </span>
    </p>
   </div>
   <div class='ocr_carea' id='block_1_87' title="bbox 219 5477 1813 5557">
    <p class='ocr_par' dir='ltr' id='par_1_87' title="bbox 219 5477 1813 5557">
     <span class='ocr_line' id='line_1_87' title="bbox 219 5477 1813 5557; baseline 0.004 -24"><span class='ocrx_word' id='word_1_620' title='bbox 219 5494 338 5533; x_wconf 89' lang='lat' dir='ltr'><em>sua.</em></span> <span class='ocrx_word' id='word_1_621' title='bbox 381 5477 517 5531; x_wconf 82' lang='lat' dir='ltr'><strong>Item</strong></span> <span class='ocrx_word' id='word_1_622' title='bbox 560 5481 750 5547; x_wconf 74' lang='lat' dir='ltr'><strong>quales</strong></span> <span class='ocrx_word' id='word_1_623' title='bbox 789 5500 987 5541; x_wconf 85' lang='lat' dir='ltr'><strong>uxores</strong></span> <span class='ocrx_word' id='word_1_624' title='bbox 1016 5485 1240 5557; x_wconf 81' lang='lat' dir='ltr'><strong>cupiunt</strong></span> <span class='ocrx_word' id='word_1_625' title='bbox 1266 5487 1532 5553; x_wconf 70' lang='lat' dir='ltr'><strong>invenire,</strong></span> <span class='ocrx_word' id='word_1_626' title='bbox 1560 5488 1695 5541; x_wconf 87' lang='lat' dir='ltr'><strong>tales</strong></span> <span class='ocrx_word' id='word_1_627' title='bbox 1717 5501 1813 5540; x_wconf 86' lang='lat' dir='ltr'><strong>ex-</strong></span> 
     </span>
    </p>
   </div>
   <div class='ocr_carea' id='block_1_88' title="bbox 222 5571 852 5631">
    <p class='ocr_par' dir='ltr' id='par_1_88' title="bbox 222 5571 852 5631">
     <span class='ocr_line' id='line_1_88' title="bbox 222 5571 852 5631; baseline 0.008 -4"><span class='ocrx_word' id='word_1_628' title='bbox 222 5571 453 5627; x_wconf 81' lang='lat' dir='ltr'><strong>hibeant</strong></span> <span class='ocrx_word' id='word_1_629' title='bbox 483 5586 545 5625; x_wconf 88' lang='lat' dir='ltr'><strong>se</strong></span> <span class='ocrx_word' id='word_1_630' title='bbox 576 5575 852 5631; x_wconf 77' lang='lat' dir='ltr'><strong>uxoribus.</strong></span> 
     </span>
    </p>
   </div>
   <div class='ocr_carea' id='block_1_89' title="bbox 300 5665 1823 5750">
    <p class='ocr_par' dir='ltr' id='par_1_89' title="bbox 300 5665 1823 5750">
     <span class='ocr_line' id='line_1_89' title="bbox 300 5665 1823 5750; baseline 0.007 -31"><span class='ocrx_word' id='word_1_631' title='bbox 300 5665 583 5733; x_wconf 80' lang='lat' dir='ltr'><em>Quisnam</em></span> <span class='ocrx_word' id='word_1_632' title='bbox 615 5681 826 5726; x_wconf 80' lang='lat' dir='ltr'><em>uxorem</em></span> <span class='ocrx_word' id='word_1_633' title='bbox 856 5672 1044 5747; x_wconf 83' lang='lat' dir='ltr'><strong>diligit,</strong></span> <span class='ocrx_word' id='word_1_634' title='bbox 1073 5676 1298 5749; x_wconf 83' lang='lat' dir='ltr'><em>seipsum</em></span> <span class='ocrx_word' id='word_1_635' title='bbox 1330 5676 1519 5750; x_wconf 78' lang='lat' dir='ltr'><em>diligit.</em></span> <span class='ocrx_word' id='word_1_636' title='bbox 1551 5674 1687 5745; x_wconf 85' lang='lat' dir='ltr'><strong>Quia</strong></span> <span class='ocrx_word' id='word_1_637' title='bbox 1715 5674 1823 5732; x_wconf 88' lang='lat' dir='ltr'><strong>duo</strong></span> 
     </span>
    </p>
   </div>
   <div class='ocr_carea' id='block_1_90' title="bbox 221 5757 783 5819">
    <p class='ocr_par' dir='ltr' id='par_1_90' title="bbox 221 5757 783 5819">
     <span class='ocr_line' id='line_1_90' title="bbox 221 5757 783 5819; baseline -0.004 -2"><span class='ocrx_word' id='word_1_638' title='bbox 221 5765 354 5819; x_wconf 87' lang='lat' dir='ltr'><strong>sunt</strong></span> <span class='ocrx_word' id='word_1_639' title='bbox 374 5757 429 5813; x_wconf 92' lang='lat' dir='ltr'><strong>in</strong></span> <span class='ocrx_word' id='word_1_640' title='bbox 456 5771 628 5813; x_wconf 88' lang='lat' dir='ltr'><strong>carne</strong></span> <span class='ocrx_word' id='word_1_641' title='bbox 659 5774 783 5815; x_wconf 89' lang='lat' dir='ltr'><strong>una.</strong></span> 
     </span>
    </p>
   </div>
   <div class='ocr_carea' id='block_1_91' title="bbox 1994 3252 3512 3326">
    <p class='ocr_par' dir='ltr' id='par_1_91' title="bbox 1994 3252 3512 3326">
     <span class='ocr_line' id='line_1_91' title="bbox 1994 3252 3512 3326; baseline -0.001 -18"><span class='ocrx_word' id='word_1_642' title='bbox 1994 3253 2147 3321; x_wconf 82' lang='lat' dir='ltr'><em>Quod</em></span> <span class='ocrx_word' id='word_1_643' title='bbox 2187 3261 2262 3308; x_wconf 87' lang='lat' dir='ltr'><strong>est</strong></span> <span class='ocrx_word' id='word_1_644' title='bbox 2308 3255 2613 3309; x_wconf 82' lang='lat' dir='ltr'><em>mandatum</em></span> <span class='ocrx_word' id='word_1_645' title='bbox 2662 3255 2904 3326; x_wconf 83' lang='lat' dir='ltr'><em>primum.</em></span> <span class='ocrx_word' id='word_1_646' title='bbox 2953 3252 3010 3306; x_wconf 87' lang='lat' dir='ltr'><strong>lu</strong></span> <span class='ocrx_word' id='word_1_647' title='bbox 3033 3252 3273 3307; x_wconf 86' lang='lat' dir='ltr'><strong>secunda</strong></span> <span class='ocrx_word' id='word_1_648' title='bbox 3328 3252 3512 3306; x_wconf 88' lang='lat' dir='ltr'><strong>tabula</strong></span> 
     </span>
    </p>
   </div>
   <div class='ocr_carea' id='block_1_92' title="bbox 1920 3346 3509 3419">
    <p class='ocr_par' dir='ltr' id='par_1_92' title="bbox 1920 3346 3509 3419">
     <span class='ocr_line' id='line_1_92' title="bbox 1920 3346 3509 3419; baseline -0.002 -16"><span class='ocrx_word' id='word_1_649' title='bbox 1920 3350 2172 3419; x_wconf 78' lang='lat' dir='ltr'><strong>primum,</strong></span> <span class='ocrx_word' id='word_1_650' title='bbox 2203 3364 2323 3419; x_wconf 71' lang='lat' dir='ltr'><strong>quae</strong></span> <span class='ocrx_word' id='word_1_651' title='bbox 2351 3348 2417 3403; x_wconf 92' lang='lat' dir='ltr'><strong>ad</strong></span> <span class='ocrx_word' id='word_1_652' title='bbox 2457 3349 2847 3403; x_wconf 86' lang='lat' dir='ltr'><strong>humanitatem</strong></span> <span class='ocrx_word' id='word_1_653' title='bbox 2880 3346 3205 3416; x_wconf 86' lang='lat' dir='ltr'><strong>pertinentia</strong></span> <span class='ocrx_word' id='word_1_654' title='bbox 3239 3356 3509 3415; x_wconf 67' lang='lat' dir='ltr'><strong>prmeepta</strong></span> 
     </span>
    </p>
   </div>
   <div class='ocr_carea' id='block_1_93' title="bbox 1918 3436 3505 3508">
    <p class='ocr_par' dir='ltr' id='par_1_93' title="bbox 1918 3436 3505 3508">
     <span class='ocr_line' id='line_1_93' title="bbox 1918 3436 3505 3508; baseline -0.002 -12"><span class='ocrx_word' id='word_1_655' title='bbox 1918 3456 2013 3497; x_wconf 72' lang='lat' dir='ltr'><strong>sex</strong></span> <span class='ocrx_word' id='word_1_656' title='bbox 2038 3455 2263 3499; x_wconf 85' lang='lat' dir='ltr'><strong>numero</strong></span> <span class='ocrx_word' id='word_1_657' title='bbox 2286 3440 2615 3496; x_wconf 88' lang='lat' dir='ltr'><strong>continebat.</strong></span> <span class='ocrx_word' id='word_1_658' title='bbox 2661 3440 2839 3494; x_wconf 88' lang='lat' dir='ltr'><strong>Prima</strong></span> <span class='ocrx_word' id='word_1_659' title='bbox 2888 3439 3035 3493; x_wconf 89' lang='lat' dir='ltr'><strong>enim</strong></span> <span class='ocrx_word' id='word_1_660' title='bbox 3078 3436 3261 3493; x_wconf 84' lang='lat' dir='ltr'><strong>tabula</strong></span> <span class='ocrx_word' id='word_1_661' title='bbox 3284 3436 3505 3508; x_wconf 86' lang='lat' dir='ltr'><strong>proprie</strong></span> 
     </span>
    </p>
   </div>
   <div class='ocr_carea' id='block_1_94' title="bbox 1918 3531 2402 3599">
    <p class='ocr_par' dir='ltr' id='par_1_94' title="bbox 1918 3531 2402 3599">
     <span class='ocr_line' id='line_1_94' title="bbox 1918 3531 2402 3599; baseline -0.012 -9"><span class='ocrx_word' id='word_1_662' title='bbox 1918 3534 2097 3590; x_wconf 83' lang='lat' dir='ltr'><strong>ollicia</strong></span> <span class='ocrx_word' id='word_1_663' title='bbox 2129 3531 2402 3599; x_wconf 70' lang='lat' dir='ltr'><strong>exigebat.</strong></span> 
     </span>
    </p>
   </div>
   <div class='ocr_carea' id='block_1_95' title="bbox 1992 3618 3508 3698">
    <p class='ocr_par' dir='ltr' id='par_1_95' title="bbox 1992 3618 3508 3698">
     <span class='ocr_line' id='line_1_95' title="bbox 1992 3618 3508 3698; baseline -0.005 -16"><span class='ocrx_word' id='word_1_664' title='bbox 1992 3627 2059 3683; x_wconf 84' lang='lat' dir='ltr'><strong>In</strong></span> <span class='ocrx_word' id='word_1_665' title='bbox 2090 3625 2451 3698; x_wconf 79' lang='lat' dir='ltr'><em>promissione,</em></span> <span class='ocrx_word' id='word_1_666' title='bbox 2474 3632 2530 3676; x_wconf 84' lang='lat' dir='ltr'><strong>ut</strong></span> <span class='ocrx_word' id='word_1_667' title='bbox 2557 3622 2681 3677; x_wconf 80' lang='lat' dir='ltr'><em>bene</em></span> <span class='ocrx_word' id='word_1_668' title='bbox 2704 3622 2766 3675; x_wconf 85' lang='lat' dir='ltr'><strong>sit</strong></span> <span class='ocrx_word' id='word_1_669' title='bbox 2790 3620 2901 3687; x_wconf 74' lang='lat' dir='ltr'><strong>tibi,</strong></span> <span class='ocrx_word' id='word_1_670' title='bbox 2931 3631 2979 3675; x_wconf 82' lang='lat' dir='ltr'><em>et</em></span> <span class='ocrx_word' id='word_1_671' title='bbox 3020 3620 3088 3676; x_wconf 86' lang='lat' dir='ltr'><strong>sis</strong></span> <span class='ocrx_word' id='word_1_672' title='bbox 3115 3618 3381 3693; x_wconf 58' lang='lat' dir='ltr'><em>longincus</em></span> <span class='ocrx_word' id='word_1_673' title='bbox 3417 3637 3508 3675; x_wconf 85' lang='lat' dir='ltr'><em>su-</em></span> 
     </span>
    </p>
   </div>
   <div class='ocr_carea' id='block_1_96' title="bbox 1919 3710 3510 3794">
    <p class='ocr_par' dir='ltr' id='par_1_96' title="bbox 1919 3710 3510 3794">
     <span class='ocr_line' id='line_1_96' title="bbox 1919 3710 3510 3794; baseline -0.004 -19"><span class='ocrx_word' id='word_1_674' title='bbox 1919 3739 2009 3794; x_wconf 88' lang='lat' dir='ltr'><em>per</em></span> <span class='ocrx_word' id='word_1_675' title='bbox 2026 3710 2244 3774; x_wconf 72' lang='lat' dir='ltr'><em>terram.</em></span> <span class='ocrx_word' id='word_1_676' title='bbox 2269 3717 2385 3772; x_wconf 84' lang='lat' dir='ltr'><strong>Non</strong></span> <span class='ocrx_word' id='word_1_677' title='bbox 2412 3718 2461 3770; x_wconf 91' lang='lat' dir='ltr'><strong>in</strong></span> <span class='ocrx_word' id='word_1_678' title='bbox 2494 3718 2593 3771; x_wconf 86' lang='lat' dir='ltr'><strong>hac</strong></span> <span class='ocrx_word' id='word_1_679' title='bbox 2626 3727 2791 3781; x_wconf 88' lang='lat' dir='ltr'><strong>terra,</strong></span> <span class='ocrx_word' id='word_1_680' title='bbox 2816 3716 2870 3769; x_wconf 89' lang='lat' dir='ltr'><strong>in</strong></span> <span class='ocrx_word' id='word_1_681' title='bbox 2900 3731 3002 3787; x_wconf 88' lang='lat' dir='ltr'><strong>qua</strong></span> <span class='ocrx_word' id='word_1_682' title='bbox 3053 3715 3207 3785; x_wconf 78' lang='lat' dir='ltr'><strong>impii</strong></span> <span class='ocrx_word' id='word_1_683' title='bbox 3233 3729 3510 3775; x_wconf 81' lang='lat' dir='ltr'><strong>nonnum-</strong></span> 
     </span>
    </p>
   </div>
   <div class='ocr_carea' id='block_1_97' title="bbox 1917 3809 3501 3885">
    <p class='ocr_par' dir='ltr' id='par_1_97' title="bbox 1917 3809 3501 3885">
     <span class='ocr_line' id='line_1_97' title="bbox 1917 3809 3501 3885; baseline -0.003 -18"><span class='ocrx_word' id='word_1_684' title='bbox 1917 3828 2100 3885; x_wconf 89' lang='lat' dir='ltr'><strong>quam,</strong></span> <span class='ocrx_word' id='word_1_685' title='bbox 2135 3820 2188 3867; x_wconf 89' lang='lat' dir='ltr'><strong>ct</strong></span> <span class='ocrx_word' id='word_1_686' title='bbox 2211 3811 2264 3867; x_wconf 90' lang='lat' dir='ltr'><strong>in</strong></span> <span class='ocrx_word' id='word_1_687' title='bbox 2294 3819 2546 3880; x_wconf 83' lang='lat' dir='ltr'><strong>parentes</strong></span> <span class='ocrx_word' id='word_1_688' title='bbox 2576 3809 2813 3875; x_wconf 80' lang='lat' dir='ltr'><strong>scelesti,</strong></span> <span class='ocrx_word' id='word_1_689' title='bbox 2843 3816 3177 3864; x_wconf 89' lang='lat' dir='ltr'><strong>senescunt:</strong></span> <span class='ocrx_word' id='word_1_690' title='bbox 3207 3809 3303 3863; x_wconf 89' lang='lat' dir='ltr'><strong>sed</strong></span> <span class='ocrx_word' id='word_1_691' title='bbox 3335 3822 3501 3877; x_wconf 86' lang='lat' dir='ltr'><strong>super</strong></span> 
     </span>
    </p>
   </div>
   <div class='ocr_carea' id='block_1_98' title="bbox 1929 3901 3509 3972">
    <p class='ocr_par' dir='ltr' id='par_1_98' title="bbox 1929 3901 3509 3972">
     <span class='ocr_line' id='line_1_98' title="bbox 1929 3901 3509 3972; baseline -0.003 -13"><span class='ocrx_word' id='word_1_692' title='bbox 1929 3916 2125 3961; x_wconf 86' lang='lat' dir='ltr'><strong>terram</strong></span> <span class='ocrx_word' id='word_1_693' title='bbox 2177 3903 2323 3958; x_wconf 88' lang='lat' dir='ltr'><strong>illam</strong></span> <span class='ocrx_word' id='word_1_694' title='bbox 2356 3915 2516 3972; x_wconf 81' lang='lat' dir='ltr'><strong>quam</strong></span> <span class='ocrx_word' id='word_1_695' title='bbox 2561 3901 2825 3956; x_wconf 86' lang='lat' dir='ltr'><strong>Dominus</strong></span> <span class='ocrx_word' id='word_1_696' title='bbox 2865 3901 3088 3956; x_wconf 81' lang='lat' dir='ltr'><strong>mitibus</strong></span> <span class='ocrx_word' id='word_1_697' title='bbox 3120 3901 3408 3970; x_wconf 79' lang='lat' dir='ltr'><strong>promittit,</strong></span> <span class='ocrx_word' id='word_1_698' title='bbox 3456 3903 3509 3955; x_wconf 90' lang='lat' dir='ltr'><strong>in</strong></span> 
     </span>
    </p>
   </div>
   <div class='ocr_carea' id='block_1_99' title="bbox 1920 3993 3513 4069">
    <p class='ocr_par' dir='ltr' id='par_1_99' title="bbox 1920 3993 3513 4069">
     <span class='ocr_line' id='line_1_99' title="bbox 1920 3993 3513 4069; baseline -0.001 -18"><span class='ocrx_word' id='word_1_699' title='bbox 1920 4012 2023 4069; x_wconf 85' lang='lat' dir='ltr'><strong>qua</strong></span> <span class='ocrx_word' id='word_1_700' title='bbox 2070 3994 2204 4066; x_wconf 86' lang='lat' dir='ltr'><strong>justi</strong></span> <span class='ocrx_word' id='word_1_701' title='bbox 2232 3994 2575 4059; x_wconf 81' lang='lat' dir='ltr'><strong>habitabant,</strong></span> <span class='ocrx_word' id='word_1_702' title='bbox 2605 4004 2660 4049; x_wconf 87' lang='lat' dir='ltr'><strong>et</strong></span> <span class='ocrx_word' id='word_1_703' title='bbox 2690 3993 2848 4064; x_wconf 87' lang='lat' dir='ltr'><strong>cujus</strong></span> <span class='ocrx_word' id='word_1_704' title='bbox 2878 3993 3019 4049; x_wconf 88' lang='lat' dir='ltr'><strong>bona</strong></span> <span class='ocrx_word' id='word_1_705' title='bbox 3054 3996 3263 4049; x_wconf 85' lang='lat' dir='ltr'><strong>visuros</strong></span> <span class='ocrx_word' id='word_1_706' title='bbox 3287 4008 3409 4049; x_wconf 75' lang='lat' dir='ltr'><strong>esse</strong></span> <span class='ocrx_word' id='word_1_707' title='bbox 3448 4007 3513 4050; x_wconf 84' lang='lat' dir='ltr'><strong>se</strong></span> 
     </span>
    </p>
   </div>
   <div class='ocr_carea' id='block_1_100' title="bbox 1924 4088 2179 4145">
    <p class='ocr_par' dir='ltr' id='par_1_100' title="bbox 1924 4088 2179 4145">
     <span class='ocr_line' id='line_1_100' title="bbox 1924 4088 2179 4145; baseline -0.016 0"><span class='ocrx_word' id='word_1_708' title='bbox 1924 4088 2179 4145; x_wconf 89' lang='lat' dir='ltr'><strong>credunt.</strong></span> 
     </span>
    </p>
   </div>
   <div class='ocr_carea' id='block_1_101' title="bbox 1996 4177 3514 4250">
    <p class='ocr_par' dir='ltr' id='par_1_101' title="bbox 1996 4177 3514 4250">
     <span class='ocr_line' id='line_1_101' title="bbox 1996 4177 3514 4250; baseline -0.005 -14"><span class='ocrx_word' id='word_1_709' title='bbox 1996 4181 2061 4236; x_wconf 75' lang='lat' dir='ltr'><em>Et</em></span> <span class='ocrx_word' id='word_1_710' title='bbox 2089 4197 2200 4245; x_wconf 81' lang='lat' dir='ltr'><strong>vos,</strong></span> <span class='ocrx_word' id='word_1_711' title='bbox 2235 4190 2429 4250; x_wconf 71' lang='lat' dir='ltr'><em>patres,</em></span> <span class='ocrx_word' id='word_1_712' title='bbox 2476 4178 2635 4233; x_wconf 83' lang='lat' dir='ltr'><em>nolite</em></span> <span class='ocrx_word' id='word_1_713' title='bbox 2662 4177 2730 4231; x_wconf 88' lang='lat' dir='ltr'><strong>ad</strong></span> <span class='ocrx_word' id='word_1_714' title='bbox 2777 4177 3103 4231; x_wconf 82' lang='lat' dir='ltr'><em>iracundiam</em></span> <span class='ocrx_word' id='word_1_715' title='bbox 3136 4192 3416 4248; x_wconf 85' lang='lat' dir='ltr'><em>provocare</em></span> <span class='ocrx_word' id='word_1_716' title='bbox 3446 4177 3514 4247; x_wconf 80' lang='lat' dir='ltr'><strong>ﬁ-</strong></span> 
     </span>
    </p>
   </div>
   <div class='ocr_carea' id='block_1_102' title="bbox 1922 4269 3516 4339">
    <p class='ocr_par' dir='ltr' id='par_1_102' title="bbox 1922 4269 3516 4339">
     <span class='ocr_line' id='line_1_102' title="bbox 1922 4269 3516 4339; baseline -0.003 -10"><span class='ocrx_word' id='word_1_717' title='bbox 1922 4274 2019 4329; x_wconf 87' lang='lat' dir='ltr'><em>lios</em></span> <span class='ocrx_word' id='word_1_718' title='bbox 2072 4282 2261 4328; x_wconf 83' lang='lat' dir='ltr'><em>vestros</em></span> <span class='ocrx_word' id='word_1_719' title='bbox 2289 4313 2303 4339; x_wconf 94' lang='lat'><strong>,</strong></span> <span class='ocrx_word' id='word_1_720' title='bbox 2346 4272 2435 4334; x_wconf 81' lang='lat' dir='ltr'><strong>sed</strong></span> <span class='ocrx_word' id='word_1_721' title='bbox 2492 4271 2705 4327; x_wconf 88' lang='lat' dir='ltr'><em>educate</em></span> <span class='ocrx_word' id='word_1_722' title='bbox 2732 4269 2853 4325; x_wconf 83' lang='lat' dir='ltr'><em>illos</em></span> <span class='ocrx_word' id='word_1_723' title='bbox 2876 4272 2931 4324; x_wconf 85' lang='lat' dir='ltr'><strong>in</strong></span> <span class='ocrx_word' id='word_1_724' title='bbox 2963 4269 3243 4336; x_wconf 78' lang='lat' dir='ltr'><em>disciplina</em></span> <span class='ocrx_word' id='word_1_725' title='bbox 3268 4280 3315 4323; x_wconf 90' lang='lat' dir='ltr'><strong>et</strong></span> <span class='ocrx_word' id='word_1_726' title='bbox 3341 4285 3516 4324; x_wconf 83' lang='lat' dir='ltr'><em>corre-</em></span> 
     </span>
    </p>
   </div>
   <div class='ocr_carea' id='block_1_103' title="bbox 1922 4364 3519 4439">
    <p class='ocr_par' dir='ltr' id='par_1_103' title="bbox 1922 4364 3519 4439">
     <span class='ocr_line' id='line_1_103' title="bbox 1922 4364 3519 4439; baseline 0 -19"><span class='ocrx_word' id='word_1_727' title='bbox 1922 4369 2098 4439; x_wconf 82' lang='lat' dir='ltr'><em>ptione</em></span> <span class='ocrx_word' id='word_1_728' title='bbox 2122 4365 2353 4422; x_wconf 88' lang='lat' dir='ltr'><em>Domini.</em></span> <span class='ocrx_word' id='word_1_729' title='bbox 2388 4367 2516 4423; x_wconf 76' lang='lat' dir='ltr'><strong>Sive</strong></span> <span class='ocrx_word' id='word_1_730' title='bbox 2548 4366 2600 4420; x_wconf 91' lang='lat' dir='ltr'><strong>in</strong></span> <span class='ocrx_word' id='word_1_731' title='bbox 2629 4366 3022 4421; x_wconf 85' lang='lat' dir='ltr'><strong>moderatione.</strong></span> <span class='ocrx_word' id='word_1_732' title='bbox 3056 4365 3120 4420; x_wconf 88' lang='lat' dir='ltr'><strong>Et</strong></span> <span class='ocrx_word' id='word_1_733' title='bbox 3154 4380 3259 4418; x_wconf 90' lang='lat' dir='ltr'><strong>non</strong></span> <span class='ocrx_word' id='word_1_734' title='bbox 3301 4364 3519 4421; x_wconf 85' lang='lat' dir='ltr'><strong>irratio-</strong></span> 
     </span>
    </p>
   </div>
   <div class='ocr_carea' id='block_1_104' title="bbox 1925 4456 3508 4517">
    <p class='ocr_par' dir='ltr' id='par_1_104' title="bbox 1925 4456 3508 4517">
     <span class='ocr_line' id='line_1_104' title="bbox 1925 4456 3508 4517; baseline 0 -3"><span class='ocrx_word' id='word_1_735' title='bbox 1925 4460 2178 4517; x_wconf 74' lang='lat' dir='ltr'><strong>nabiliter</strong></span> <span class='ocrx_word' id='word_1_736' title='bbox 2230 4460 2564 4515; x_wconf 74' lang='lat' dir='ltr'><strong>verberando</strong></span> <span class='ocrx_word' id='word_1_737' title='bbox 2616 4477 2629 4512; x_wconf 88' lang='lat'><strong>:</strong></span> <span class='ocrx_word' id='word_1_738' title='bbox 2681 4460 2795 4513; x_wconf 82' lang='lat' dir='ltr'><strong>sive</strong></span> <span class='ocrx_word' id='word_1_739' title='bbox 2844 4474 2914 4513; x_wconf 86' lang='lat' dir='ltr'><strong>ne</strong></span> <span class='ocrx_word' id='word_1_740' title='bbox 2961 4472 3057 4512; x_wconf 78' lang='lat' dir='ltr'><strong>eos</strong></span> <span class='ocrx_word' id='word_1_741' title='bbox 3096 4456 3163 4512; x_wconf 86' lang='lat' dir='ltr'><strong>ad</strong></span> <span class='ocrx_word' id='word_1_742' title='bbox 3219 4458 3508 4514; x_wconf 69' lang='lat' dir='ltr'><strong>surcularis</strong></span> 
     </span>
    </p>
   </div>
   <div class='ocr_carea' id='block_1_105' title="bbox 1841 4547 3514 4622">
    <p class='ocr_par' dir='ltr' id='par_1_105' title="bbox 1841 4547 3514 4622">
     <span class='ocr_line' id='line_1_105' title="bbox 1841 4547 3514 4622; baseline -0.001 -13"><span class='ocrx_word' id='word_1_743' title='bbox 1841 4547 1895 4609; x_wconf 88' lang='lat' dir='ltr'><strong>D</strong></span> <span class='ocrx_word' id='word_1_744' title='bbox 1920 4552 2095 4609; x_wconf 75' lang='lat' dir='ltr'><strong>Studia</strong></span> <span class='ocrx_word' id='word_1_745' title='bbox 2132 4562 2514 4622; x_wconf 79' lang='lat' dir='ltr'><strong>provocantes,</strong></span> <span class='ocrx_word' id='word_1_746' title='bbox 2538 4550 2872 4607; x_wconf 89' lang='lat' dir='ltr'><strong>iracundiam</strong></span> <span class='ocrx_word' id='word_1_747' title='bbox 2900 4550 3113 4605; x_wconf 87' lang='lat' dir='ltr'><strong>discere</strong></span> <span class='ocrx_word' id='word_1_748' title='bbox 3134 4549 3380 4606; x_wconf 76' lang='lat' dir='ltr'><strong>faciatis:</strong></span> <span class='ocrx_word' id='word_1_749' title='bbox 3414 4550 3514 4607; x_wconf 82' lang='lat' dir='ltr'><strong>sed</strong></span> 
     </span>
    </p>
   </div>
   <div class='ocr_carea' id='block_1_106' title="bbox 1922 4643 3513 4716">
    <p class='ocr_par' dir='ltr' id='par_1_106' title="bbox 1922 4643 3513 4716">
     <span class='ocr_line' id='line_1_106' title="bbox 1922 4643 3513 4716; baseline -0.002 -14"><span class='ocrx_word' id='word_1_750' title='bbox 1922 4647 2119 4702; x_wconf 76' lang='lat' dir='ltr'><strong>divina:</strong></span> <span class='ocrx_word' id='word_1_751' title='bbox 2173 4648 2310 4716; x_wconf 77' lang='lat' dir='ltr'><strong>legis</strong></span> <span class='ocrx_word' id='word_1_752' title='bbox 2335 4661 2430 4701; x_wconf 86' lang='lat' dir='ltr'><em>eos</em></span> <span class='ocrx_word' id='word_1_753' title='bbox 2462 4646 2729 4701; x_wconf 76' lang='lat' dir='ltr'><strong>instituile</strong></span> <span class='ocrx_word' id='word_1_754' title='bbox 2759 4644 3079 4714; x_wconf 67' lang='lat' dir='ltr'><strong>disciplinis.</strong></span> <span class='ocrx_word' id='word_1_755' title='bbox 3114 4643 3334 4699; x_wconf 84' lang='lat' dir='ltr'><strong>Talibus</strong></span> <span class='ocrx_word' id='word_1_756' title='bbox 3381 4659 3513 4714; x_wconf 81' lang='lat' dir='ltr'><strong>ergo</strong></span> 
     </span>
    </p>
   </div>
   <div class='ocr_carea' id='block_1_107' title="bbox 1923 4736 2807 4810">
    <p class='ocr_par' dir='ltr' id='par_1_107' title="bbox 1923 4736 2807 4810">
     <span class='ocr_line' id='line_1_107' title="bbox 1923 4736 2807 4810; baseline -0.005 -14"><span class='ocrx_word' id='word_1_757' title='bbox 1923 4740 2242 4810; x_wconf 87' lang='lat' dir='ltr'><strong>parentibus</strong></span> <span class='ocrx_word' id='word_1_758' title='bbox 2269 4739 2528 4808; x_wconf 71' lang='lat' dir='ltr'><strong>prmcepit</strong></span> <span class='ocrx_word' id='word_1_759' title='bbox 2556 4736 2807 4793; x_wconf 86' lang='lat' dir='ltr'><strong>obedire.</strong></span> 
     </span>
    </p>
   </div>
   <div class='ocr_carea' id='block_1_108' title="bbox 1996 4825 3518 4897">
    <p class='ocr_par' dir='ltr' id='par_1_108' title="bbox 1996 4825 3518 4897">
     <span class='ocr_line' id='line_1_108' title="bbox 1996 4825 3518 4897; baseline -0.003 -8"><span class='ocrx_word' id='word_1_760' title='bbox 1996 4834 2168 4897; x_wconf 85' lang='lat' dir='ltr'><em>Servi,</em></span> <span class='ocrx_word' id='word_1_761' title='bbox 2194 4832 2393 4886; x_wconf 88' lang='lat' dir='ltr'><em>obedite</em></span> <span class='ocrx_word' id='word_1_762' title='bbox 2422 4830 2646 4884; x_wconf 89' lang='lat' dir='ltr'><em>dominis</em></span> <span class='ocrx_word' id='word_1_763' title='bbox 2677 4827 2991 4883; x_wconf 83' lang='lat' dir='ltr'><em>carnalibus.</em></span> <span class='ocrx_word' id='word_1_764' title='bbox 3037 4825 3152 4881; x_wconf 86' lang='lat' dir='ltr'><strong>Non</strong></span> <span class='ocrx_word' id='word_1_765' title='bbox 3183 4827 3326 4881; x_wconf 88' lang='lat' dir='ltr'><strong>enim</strong></span> <span class='ocrx_word' id='word_1_766' title='bbox 3367 4826 3518 4885; x_wconf 86' lang='lat' dir='ltr'><strong>venit</strong></span> 
     </span>
    </p>
   </div>
   <div class='ocr_carea' id='block_1_109' title="bbox 1923 4919 3517 4983">
    <p class='ocr_par' dir='ltr' id='par_1_109' title="bbox 1923 4919 3517 4983">
     <span class='ocr_line' id='line_1_109' title="bbox 1923 4919 3517 4983; baseline -0.005 0"><span class='ocrx_word' id='word_1_767' title='bbox 1923 4929 2173 4983; x_wconf 84' lang='lat' dir='ltr'><strong>Christus</strong></span> <span class='ocrx_word' id='word_1_768' title='bbox 2194 4924 2535 4979; x_wconf 88' lang='lat' dir='ltr'><strong>conditiones</strong></span> <span class='ocrx_word' id='word_1_769' title='bbox 2562 4932 2791 4977; x_wconf 88' lang='lat' dir='ltr'><strong>mutare.</strong></span> <span class='ocrx_word' id='word_1_770' title='bbox 2816 4920 2949 4975; x_wconf 81' lang='lat' dir='ltr'><strong>Nam</strong></span> <span class='ocrx_word' id='word_1_771' title='bbox 2974 4919 3256 4974; x_wconf 82' lang='lat' dir='ltr'><strong>servitium</strong></span> <span class='ocrx_word' id='word_1_772' title='bbox 3289 4936 3396 4975; x_wconf 91' lang='lat' dir='ltr'><strong>non</strong></span> <span class='ocrx_word' id='word_1_773' title='bbox 3422 4937 3517 4976; x_wconf 83' lang='lat' dir='ltr'><strong>na-</strong></span> 
     </span>
    </p>
   </div>
   <div class='ocr_carea' id='block_1_110' title="bbox 1926 5013 3517 5086">
    <p class='ocr_par' dir='ltr' id='par_1_110' title="bbox 1926 5013 3517 5086">
     <span class='ocr_line' id='line_1_110' title="bbox 1926 5013 3517 5086; baseline -0.004 -10"><span class='ocrx_word' id='word_1_774' title='bbox 1926 5031 2044 5076; x_wconf 89' lang='lat' dir='ltr'><strong>tura</strong></span> <span class='ocrx_word' id='word_1_775' title='bbox 2076 5018 2247 5086; x_wconf 86' lang='lat' dir='ltr'><strong>dedit,</strong></span> <span class='ocrx_word' id='word_1_776' title='bbox 2282 5016 2377 5071; x_wconf 88' lang='lat' dir='ltr'><strong>sed</strong></span> <span class='ocrx_word' id='word_1_777' title='bbox 2407 5016 2690 5085; x_wconf 87' lang='lat' dir='ltr'><strong>captivitas</strong></span> <span class='ocrx_word' id='word_1_778' title='bbox 2716 5013 2881 5069; x_wconf 83' lang='lat' dir='ltr'><strong>fecit:</strong></span> <span class='ocrx_word' id='word_1_779' title='bbox 2912 5028 3089 5083; x_wconf 88' lang='lat' dir='ltr'><strong>neque</strong></span> <span class='ocrx_word' id='word_1_780' title='bbox 3117 5028 3185 5067; x_wconf 89' lang='lat' dir='ltr'><strong>ex</strong></span> <span class='ocrx_word' id='word_1_781' title='bbox 3224 5014 3517 5070; x_wconf 88' lang='lat' dir='ltr'><strong>maledicto</strong></span> 
     </span>
    </p>
   </div>
   <div class='ocr_carea' id='block_1_111' title="bbox 1914 5100 3517 5181">
    <p class='ocr_par' dir='ltr' id='par_1_111' title="bbox 1914 5100 3517 5181">
     <span class='ocr_line' id='line_1_111' title="bbox 1914 5100 3517 5181; baseline -0.002 -13"><span class='ocrx_word' id='word_1_782' title='bbox 1914 5100 2113 5179; x_wconf 81' lang='lat' dir='ltr'><strong>Citam,</strong></span> <span class='ocrx_word' id='word_1_783' title='bbox 2145 5121 2203 5166; x_wconf 93' lang='lat' dir='ltr'><strong>ut</strong></span> <span class='ocrx_word' id='word_1_784' title='bbox 2239 5111 2456 5181; x_wconf 91' lang='lat' dir='ltr'><strong>quidam</strong></span> <span class='ocrx_word' id='word_1_785' title='bbox 2491 5117 2698 5179; x_wconf 86' lang='lat' dir='ltr'><strong>putant,</strong></span> <span class='ocrx_word' id='word_1_786' title='bbox 2732 5124 2854 5162; x_wconf 91' lang='lat' dir='ltr'><strong>cum</strong></span> <span class='ocrx_word' id='word_1_787' title='bbox 2888 5122 2953 5164; x_wconf 79' lang='lat' dir='ltr'><strong>ex</strong></span> <span class='ocrx_word' id='word_1_788' title='bbox 2988 5125 3051 5163; x_wconf 90' lang='lat' dir='ltr'><strong>eo</strong></span> <span class='ocrx_word' id='word_1_789' title='bbox 3082 5123 3239 5178; x_wconf 71' lang='lat' dir='ltr'><strong>reges</strong></span> <span class='ocrx_word' id='word_1_790' title='bbox 3271 5109 3517 5180; x_wconf 77' lang='lat' dir='ltr'><strong>legamus</strong></span> 
     </span>
    </p>
   </div>
   <div class='ocr_carea' id='block_1_112' title="bbox 1924 5199 3517 5274">
    <p class='ocr_par' dir='ltr' id='par_1_112' title="bbox 1924 5199 3517 5274">
     <span class='ocr_line' id='line_1_112' title="bbox 1924 5199 3517 5274; baseline -0.005 -13"><span class='ocrx_word' id='word_1_791' title='bbox 1924 5221 2045 5262; x_wconf 74' lang='lat' dir='ltr'><strong>esse</strong></span> <span class='ocrx_word' id='word_1_792' title='bbox 2072 5213 2381 5274; x_wconf 79' lang='lat' dir='ltr'><strong>generatos.</strong></span> <span class='ocrx_word' id='word_1_793' title='bbox 2432 5202 2775 5258; x_wconf 84' lang='lat' dir='ltr'><strong>Maledictum</strong></span> <span class='ocrx_word' id='word_1_794' title='bbox 2802 5200 2932 5255; x_wconf 90' lang='lat' dir='ltr'><strong>illud</strong></span> <span class='ocrx_word' id='word_1_795' title='bbox 2975 5200 3027 5254; x_wconf 89' lang='lat' dir='ltr'><strong>in</strong></span> <span class='ocrx_word' id='word_1_796' title='bbox 3063 5199 3190 5255; x_wconf 92' lang='lat' dir='ltr'><strong>ﬁliis</strong></span> <span class='ocrx_word' id='word_1_797' title='bbox 3217 5200 3387 5257; x_wconf 87' lang='lat' dir='ltr'><strong>Cham</strong></span> <span class='ocrx_word' id='word_1_798' title='bbox 3417 5199 3517 5253; x_wconf 91' lang='lat' dir='ltr'><strong>im-</strong></span> 
     </span>
    </p>
   </div>
   <div class='ocr_carea' id='block_1_113' title="bbox 1926 5292 3515 5371">
    <p class='ocr_par' dir='ltr' id='par_1_113' title="bbox 1926 5292 3515 5371">
     <span class='ocr_line' id='line_1_113' title="bbox 1926 5292 3515 5371; baseline -0.006 -16"><span class='ocrx_word' id='word_1_799' title='bbox 1926 5300 2132 5371; x_wconf 89' lang='lat' dir='ltr'><strong>pletum</strong></span> <span class='ocrx_word' id='word_1_800' title='bbox 2162 5305 2268 5359; x_wconf 84' lang='lat' dir='ltr'><strong>est,</strong></span> <span class='ocrx_word' id='word_1_801' title='bbox 2311 5296 2399 5365; x_wconf 90' lang='lat' dir='ltr'><strong>qui</strong></span> <span class='ocrx_word' id='word_1_802' title='bbox 2428 5294 2592 5350; x_wconf 85' lang='lat' dir='ltr'><strong>Israel</strong></span> <span class='ocrx_word' id='word_1_803' title='bbox 2622 5306 2745 5349; x_wconf 85' lang='lat' dir='ltr'><strong>sunt</strong></span> <span class='ocrx_word' id='word_1_804' title='bbox 2779 5292 3067 5364; x_wconf 74' lang='lat' dir='ltr'><strong>sutijugati.</strong></span> <span class='ocrx_word' id='word_1_805' title='bbox 3103 5293 3355 5348; x_wconf 72' lang='lat' dir='ltr'><strong>Providet</strong></span> <span class='ocrx_word' id='word_1_806' title='bbox 3383 5306 3515 5346; x_wconf 88' lang='lat' dir='ltr'><strong>sane</strong></span> 
     </span>
    </p>
   </div>
   <div class='ocr_carea' id='block_1_114' title="bbox 1926 5386 3519 5461">
    <p class='ocr_par' dir='ltr' id='par_1_114' title="bbox 1926 5386 3519 5461">
     <span class='ocr_line' id='line_1_114' title="bbox 1926 5386 3519 5461; baseline -0.004 -14"><span class='ocrx_word' id='word_1_807' title='bbox 1926 5392 2010 5447; x_wconf 87' lang='lat' dir='ltr'><strong>hic</strong></span> <span class='ocrx_word' id='word_1_808' title='bbox 2034 5390 2353 5461; x_wconf 84' lang='lat' dir='ltr'><strong>Apostolus,</strong></span> <span class='ocrx_word' id='word_1_809' title='bbox 2390 5405 2455 5444; x_wconf 85' lang='lat' dir='ltr'><strong>ne</strong></span> <span class='ocrx_word' id='word_1_810' title='bbox 2483 5388 2729 5443; x_wconf 85' lang='lat' dir='ltr'><strong>doctrina</strong></span> <span class='ocrx_word' id='word_1_811' title='bbox 2756 5388 2847 5444; x_wconf 84' lang='lat' dir='ltr'><strong>Dei</strong></span> <span class='ocrx_word' id='word_1_812' title='bbox 2882 5389 2934 5442; x_wconf 91' lang='lat' dir='ltr'><strong>in</strong></span> <span class='ocrx_word' id='word_1_813' title='bbox 2964 5388 3146 5458; x_wconf 86' lang='lat' dir='ltr'><strong>aliquo</strong></span> <span class='ocrx_word' id='word_1_814' title='bbox 3174 5386 3519 5457; x_wconf 82' lang='lat' dir='ltr'><strong>blaspheme-</strong></span> 
     </span>
    </p>
   </div>
   <div class='ocr_carea' id='block_1_115' title="bbox 1928 5481 3517 5550">
    <p class='ocr_par' dir='ltr' id='par_1_115' title="bbox 1928 5481 3517 5550">
     <span class='ocr_line' id='line_1_115' title="bbox 1928 5481 3517 5550; baseline -0.002 -10"><span class='ocrx_word' id='word_1_815' title='bbox 1928 5494 2034 5550; x_wconf 91' lang='lat' dir='ltr'><strong>tur,</strong></span> <span class='ocrx_word' id='word_1_816' title='bbox 2069 5484 2115 5539; x_wconf 86' lang='lat' dir='ltr'><strong>si</strong></span> <span class='ocrx_word' id='word_1_817' title='bbox 2144 5483 2431 5538; x_wconf 81' lang='lat' dir='ltr'><strong>credentes</strong></span> <span class='ocrx_word' id='word_1_818' title='bbox 2461 5483 2604 5538; x_wconf 91' lang='lat' dir='ltr'><strong>servi</strong></span> <span class='ocrx_word' id='word_1_819' title='bbox 2653 5485 2765 5536; x_wconf 78' lang='lat' dir='ltr'><strong>suis</strong></span> <span class='ocrx_word' id='word_1_820' title='bbox 2795 5482 3031 5537; x_wconf 81' lang='lat' dir='ltr'><strong>dominis</strong></span> <span class='ocrx_word' id='word_1_821' title='bbox 3084 5481 3306 5538; x_wconf 87' lang='lat' dir='ltr'><strong>inutiles</strong></span> <span class='ocrx_word' id='word_1_822' title='bbox 3361 5482 3517 5537; x_wconf 89' lang='lat' dir='ltr'><strong>ﬁant.</strong></span> 
     </span>
    </p>
   </div>
   <div class='ocr_carea' id='block_1_116' title="bbox 1927 5573 3518 5645">
    <p class='ocr_par' dir='ltr' id='par_1_116' title="bbox 1927 5573 3518 5645">
     <span class='ocr_line' id='line_1_116' title="bbox 1927 5573 3518 5645; baseline -0.001 -14"><span class='ocrx_word' id='word_1_823' title='bbox 1927 5578 1996 5632; x_wconf 86' lang='lat' dir='ltr'><strong>Et</strong></span> <span class='ocrx_word' id='word_1_824' title='bbox 2040 5576 2132 5645; x_wconf 91' lang='lat' dir='ltr'><strong>qui</strong></span> <span class='ocrx_word' id='word_1_825' title='bbox 2193 5574 2329 5629; x_wconf 77' lang='lat' dir='ltr'><strong>forte</strong></span> <span class='ocrx_word' id='word_1_826' title='bbox 2389 5576 2750 5644; x_wconf 83' lang='lat' dir='ltr'><strong>permissurus</strong></span> <span class='ocrx_word' id='word_1_827' title='bbox 2800 5583 2939 5637; x_wconf 88' lang='lat' dir='ltr'><strong>erat,</strong></span> <span class='ocrx_word' id='word_1_828' title='bbox 2971 5574 3109 5628; x_wconf 88' lang='lat' dir='ltr'><strong>alios</strong></span> <span class='ocrx_word' id='word_1_829' title='bbox 3157 5587 3349 5629; x_wconf 81' lang='lat' dir='ltr'><strong>servos</strong></span> <span class='ocrx_word' id='word_1_830' title='bbox 3401 5573 3518 5629; x_wconf 88' lang='lat' dir='ltr'><strong>ﬁeri</strong></span> 
     </span>
    </p>
   </div>
   <div class='ocr_carea' id='block_1_117' title="bbox 1928 5666 3522 5739">
    <p class='ocr_par' dir='ltr' id='par_1_117' title="bbox 1928 5666 3522 5739">
     <span class='ocr_line' id='line_1_117' title="bbox 1928 5666 3522 5739; baseline -0.004 -10"><span class='ocrx_word' id='word_1_831' title='bbox 1928 5670 2292 5733; x_wconf 86' lang='lat' dir='ltr'><strong>Christianos,</strong></span> <span class='ocrx_word' id='word_1_832' title='bbox 2317 5667 2384 5724; x_wconf 87' lang='lat' dir='ltr'><strong>de</strong></span> <span class='ocrx_word' id='word_1_833' title='bbox 2414 5668 2545 5739; x_wconf 79' lang='lat' dir='ltr'><strong>ipsis</strong></span> <span class='ocrx_word' id='word_1_834' title='bbox 2569 5667 2681 5738; x_wconf 90' lang='lat' dir='ltr'><strong>jam</strong></span> <span class='ocrx_word' id='word_1_835' title='bbox 2704 5668 2858 5723; x_wconf 82' lang='lat' dir='ltr'><strong>lactis</strong></span> <span class='ocrx_word' id='word_1_836' title='bbox 2891 5666 3113 5738; x_wconf 88' lang='lat' dir='ltr'><strong>incipiat</strong></span> <span class='ocrx_word' id='word_1_837' title='bbox 3143 5667 3429 5737; x_wconf 75' lang='lat' dir='ltr'><strong>ptenitere.</strong></span> <span class='ocrx_word' id='word_1_838' title='bbox 3462 5666 3522 5723; x_wconf 90' lang='lat' dir='ltr'><strong>Si</strong></span> 
     </span>
    </p>
   </div>
   <div class='ocr_carea' id='block_1_118' title="bbox 1930 5756 3523 5835">
    <p class='ocr_par' dir='ltr' id='par_1_118' title="bbox 1930 5756 3523 5835">
     <span class='ocr_line' id='line_1_118' title="bbox 1930 5756 3523 5835; baseline -0.005 -13"><span class='ocrx_word' id='word_1_839' title='bbox 1930 5778 2060 5822; x_wconf 79' lang='lat' dir='ltr'><strong>vero</strong></span> <span class='ocrx_word' id='word_1_840' title='bbox 2096 5762 2291 5821; x_wconf 81' lang='lat' dir='ltr'><strong>viderit</strong></span> <span class='ocrx_word' id='word_1_841' title='bbox 2313 5775 2409 5820; x_wconf 84' lang='lat' dir='ltr'><strong>eos</strong></span> <span class='ocrx_word' id='word_1_842' title='bbox 2434 5761 2490 5818; x_wconf 88' lang='lat' dir='ltr'><strong>in</strong></span> <span class='ocrx_word' id='word_1_843' title='bbox 2519 5760 2717 5819; x_wconf 85' lang='lat' dir='ltr'><strong>melius</strong></span> <span class='ocrx_word' id='word_1_844' title='bbox 2744 5759 3040 5835; x_wconf 80' lang='lat' dir='ltr'><strong>proiecisse</strong></span> <span class='ocrx_word' id='word_1_845' title='bbox 3059 5803 3073 5831; x_wconf 92' lang='lat'><strong>,</strong></span> <span class='ocrx_word' id='word_1_846' title='bbox 3104 5768 3158 5817; x_wconf 92' lang='lat' dir='ltr'><strong>et</strong></span> <span class='ocrx_word' id='word_1_847' title='bbox 3184 5774 3251 5818; x_wconf 81' lang='lat' dir='ltr'><strong>ex</strong></span> <span class='ocrx_word' id='word_1_848' title='bbox 3285 5756 3523 5817; x_wconf 79' lang='lat' dir='ltr'><strong>inﬁdeli-</strong></span> 
     </span>
    </p>
   </div>
  </div>
