4008 6188
188 216 277 276 Ηἱ
764 222 1316 288 COMMENTARIUS
1354 222 1423 281 IN
1463 219 1852 283 EPISTOLAM
1890 220 1982 276 AD
2023 216 2535 280 PlllLlPPENSES.
2577 220 2729 281 CAP.
2770 224 2812 281 1.

3368 231 3475 289 812

190 333 355 392 ﬁciant
375 379 391 405 ,
422 341 518 398 sed
546 350 599 400 et
627 358 695 400 ne
733 344 787 400 in
817 342 1258 401 tribulationibus
1284 339 1559 411 deﬁciant,
1592 339 1677 395 vel
1710 353 1777 394 nc
1804 339 1858 398 A
1886 335 1967 391 vel
1994 350 2144 403 pace.
2175 334 2427 391 Charitas
2458 337 2631 407 major
2660 348 2742 393 est
2770 353 2918 408 pace.
2951 341 3137 398 Potest
3174 342 3319 399 enim
3345 345 3474 400 odio

188 424 236 482 in
268 430 448 503 aliquo
477 438 896 495 contristentur.

252 523 366 582 Pax
396 531 645 599 fratribus
675 543 719 587 et
746 533 971 587 charitas
995 548 1110 586 cum
1139 530 1244 600 fide
1264 546 1293 582 a
1316 526 1427 583 Deo
1463 526 1620 582 Patre
1684 542 1781 579 no-

1880 444 1987 485 non
2021 427 2211 483 haberi
2238 428 2385 498 quis,
2417 445 2524 483 non
2554 439 2730 486 tamen
2758 440 2811 487 et
2838 435 3031 490 amari.

1952 518 2135 573 Gratia
2163 537 2279 573 cum
2311 520 2543 575 omnibus
2573 523 2662 591 qui
2683 524 2906 591 diligunt
2936 526 3215 583 Dominum
3245 544 3476 590 nostrum

185 624 309 679 stro.
358 630 405 672 et
432 618 662 677 Domino
703 623 833 677 Jesu
858 622 1085 678 Christo.
1118 620 1257 688 Pax,
1286 630 1339 675 et
1367 620 1604 675 charitas
1634 626 1689 674 et
1717 617 1781 672 ﬁ-
1877 612 2058 668 Iesum
2080 612 2339 668 Christum
2371 616 2424 669 in
2475 617 2882 688 incorruptione.
2935 621 3114 675 Amen.
3160 623 3217 677 In
3242 641 3476 694 quorum

186 708 293 775 des,
325 713 621 781 perfectum
652 717 1266 773 faciuntChristianum.
1293 716 1501 772 Tamen
1532 716 1650 770 sine
1672 713 1776 769 ﬁde

188 802 513 863 infructuosa
546 811 918 879 estcharitas,
965 813 1104 868 sicut
1152 810 1287 866 ﬁdes
1336 809 1457 866 sine
1484 806 1771 872 cbaritate,

1877 710 2063 779 corde,
2096 710 2401 766 adulterino
2431 725 2603 781 more,
2632 727 2731 783 per
2760 714 3047 773 saecularia
3092 716 3293 774 Christi
3342 718 3480 774 dile-

1880 804 1988 859 ctio
2018 817 2126 858 non
2153 802 2401 860 violatur.

199 920 3480 950 mm

821 1028 945 1110 IN
1020 1021 1685 1113 EPISTOLAM
1760 1017 1919 1101 AD
1998 1017 2857 1105 PHILIPPENSES'.

1676 1181 2018 1200 -ᾔ

678 1285 904 1344 CAPUT
944 1285 1237 1345 PRIMUM.

256 1369 450 1431 Paulus
466 1383 513 1432 et
530 1374 832 1433 Timotheus
851 1379 985 1434 servi
1009 1380 1137 1435 Jesu
1159 1377 1378 1433 Christi.
1406 1377 1583 1436 Ambo
1605 1381 1777 1450 servi,

191 1482 296 1524 non
320 1469 479 1524 ambo
511 1470 773 1541 apostoli.
803 1470 991 1526 Omnis
1032 1471 1179 1526 enim
1211 1471 1510 1542 apostolus,
1543 1488 1731 1530 servus
1765 1490 1778 1526 :

192 1576 293 1617 non
323 1562 500 1617 omnis
522 1574 703 1619 autem
731 1579 948 1628 servus,
979 1564 1276 1635 apostolus.

260 1654 505 1711 Onmibus
526 1658 717 1712 sanctis
740 1658 794 1711 in
816 1656 1024 1711 Christo
1048 1656 1081 1711 Ι
1088 1676 1199 1726 esu,
1236 1659 1321 1729 qui
1342 1670 1460 1715 sunt
1488 1659 1773 1732 Philippis.

188 1748 313 1817 Quia
342 1766 504 1807 nemo
533 1750 653 1806 sine
673 1749 893 1807 Christo
929 1762 1150 1807 sanctus
1171 1762 1256 1807 est
1282 1772 1292 1806 :
1326 1764 1379 1809 et
1414 1754 1639 1823 sanctis,
1667 1768 1774 1809 non

189 1842 429 1898 omnibus
457 1842 922 1913 Philippensibns,
954 1845 1005 1897 id
1038 1854 1143 1909 est,
1171 1861 1277 1899 non
1303 1846 1464 1900 ctiam
1493 1847 1737 1916 paganis.

255 1934 380 1989 Cum
409 1936 665 2007 episwpis
692 1945 737 1988 et
760 1936 1088 1992 diaconibus.
1128 1935 1313 1991 Gratia
1341 1938 1503 2003 vobis,
1539 1947 1587 1991 et
1610 1953 1717 2007 pax
1744 1953 1775 1991 a

185 2025 293 2081 beo
323 2025 489 2081 Patre
515 2037 712 2094 nostra,
743 2038 791 2082 et
835 2027 1059 2083 Domino
1088 2027 1217 2085 Jesu
1256 2028 1485 2084 Christo.
1529 2029 1627 2084 llic
1657 2030 1776 2100 epi-

184 2134 371 2191 scopos
418 2122 768 2194 presbyteros
814 2123 1165 2193 intelligimus
1197 2139 1342 2179 :non
1374 2123 1519 2179 enim
1569 2125 1622 2177 in
1668 2139 1776 2179 una

189 2212 317 2269 urbe
350 2214 533 2284 plures
562 2214 804 2285 episcopi
833 2230 955 2271 esse
988 2215 1310 2286 potuissent,
1341 2215 1438 2272 sed
1473 2216 1634 2272 etiam
1672 2215 1777 2272 hoc

188 2305 243 2361 in
273 2306 641 2384 apostolorum
675 2308 899 2364 Actibus
926 2308 1177 2365 habetur.

252 2395 462 2453 Gratias
492 2415 591 2471 ago
618 2398 725 2454 Deo
766 2417 877 2455 meo
909 2402 963 2455 in
995 2403 1135 2457 omni
1166 2402 1417 2457 memoria
1459 2404 1633 2457 vestri.
1674 2402 1781 2459 Bo-

187 2505 375 2546 norum
408 2493 733 2547 memoriam
766 2508 887 2548 cum
915 2495 1209 2564 gratiarum
1234 2496 1451 2551 actione
1476 2496 1738 2552 celebrat.

254 2583 469 2655 Semper
496 2585 550 2639 in
582 2588 785 2640 cunctis
818 2587 1141 2641 orationibus
1177 2589 1324 2642 meis.
1360 2587 1609 2644 Ostendit
1631 2590 1778 2645 circa

181 2690 276 2732 eos
304 2676 652 2733 dilectionem
678 2695 855 2747 suam,
893 2696 989 2750 pro
1019 2680 1213 2752 quibus
1235 2697 1451 2753 semper
1477 2692 1614 2739 orat.

253 2772 361 2827 Pro
387 2774 625 2828 omnibus
659 2774 821 2829 vobis.
864 2774 1001 2842 Quia
1033 2791 1224 2832 omnes
1257 2777 1393 2832 tales
1434 2780 1589 2834 estis.

250 2867 380 2922 Cum
408 2870 601 2940 gaudio
629 2870 1051 2941 deprecationem
1077 2872 1295 2942 faciens.
1325 2872 1442 2928 Non
1484 2874 1538 2928 in
1569 2873 1781 2944 peccati

182 2959 408 3032 alicujus
439 2962 677 3028 tristitia,
707 2964 795 3019 vel
829 2979 1090 3021 mmrore.

250 3054 421 3127 Super
460 3057 927 3131 communicatione
962 3069 1131 3114 vestra
1161 3060 1213 3114 in
1247 3057 1530 3131 Evangelia
1559 3057 1775 3117 Christi.

191 3147 323 3217 Quia
356 3148 489 3203 mihi
512 3152 958 3207 communicastis
981 3153 1032 3206 in
1060 3152 1353 3222 Evangelia
1378 3152 1743 3223 prmdicando.

250 3240 294 3294 A
322 3242 492 3311 prima
533 3242 617 3296 die
656 3259 815 3313 usque
854 3261 1012 3300 nunc.
1060 3244 1143 3300 Ab
1186 3244 1343 3299 initio
1384 3244 1506 3299 ﬁdei
1558 3256 1778 3314 vestrm,

180 3332 468 3403 deprecor,
502 3343 559 3390 ut
586 3338 953 3405 perseveretis
988 3355 1002 3394 :
1038 3339 1161 3395 sive
1187 3337 1333 3409 quod
1360 3339 1781 3396 communicatis

181 3424 254 3479 ab
286 3425 443 3481 initio
482 3426 852 3497 praedicando.

248 3515 528 3589 Confidens
555 3521 609 3574 in
641 3521 739 3575 hoc
779 3522 972 3593 ipsum.
1004 3520 1233 3578 Conﬁdo
1267 3538 1353 3581 me
1384 3524 1705 3597 impetrare.

245 3611 388 3678 Quia
414 3612 505 3683 qui
528 3615 677 3685 erepit
700 3615 754 3668 in
776 3615 917 3669 vobis
944 3631 1077 3686 opus
1109 3617 1319 3672 bonum.
1353 3618 1532 3688 Cmpit
1561 3617 1769 3674 doctri-

177 3717 328 3769 nam,
361 3704 479 3760 sive
508 3706 739 3776 gratiam
766 3707 1013 3764 scientia:
1042 3707 1346 3778 largiendo.

246 3793 513 3865 Perﬁciet.
529 3797 866 3856 Perliciendo
879 3801 1022 3872 quod
1041 3801 1185 3856 docti
1205 3802 1427 3871 fuerint,
1452 3814 1508 3858 ut
1527 3803 1777 3860 doceant.

246 3886 425 3959 Usque
450 3889 502 3943 in
534 3891 671 3944 diem
716 3889 913 3946 Christi
955 3892 1101 3948 Jesu.
1139 3893 1322 3964 Usque
1352 3896 1419 3948 ad
1460 3894 1639 3963 diem,
1674 3913 1780 3966 quo

168 3977 238 4035 de
270 3995 512 4052 corpore
529 3984 875 4039 recedebant.
907 3985 985 4039 Ex
1013 4001 1120 4056 quo
1141 3985 1253 4057 jam
1280 3988 1345 4043 ad
1373 3989 1588 4045 Domini
1617 4007 1783 4048 unus-

167 4073 408 4143 quiSque
438 4085 689 4130 servatur
715 4076 1032 4133 adventum.

242 4167 402 4222 Sicut
422 4175 495 4220 est
514 4167 643 4220 mihi
662 4170 868 4240 justum
896 4169 994 4224 hoc
1020 4173 1210 4228 sentire
1233 4191 1329 4245 pro
1362 4175 1596 4231 omnibus
1620 4176 1778 4232 vobis.

168 4256 436 4313 Charitas
458 4260 602 4314 enim
632 4262 811 4317 omnia
844 4270 1045 4333 sperat.

243 4350 333 4405 Eo
362 4352 502 4422 quod
528 4352 745 4408 habeam
783 4369 869 4409 vos
900 4356 953 4409 in
980 4356 1134 4411 corde
1169 4366 1216 4411 et
1264 4358 1315 4412 in
1364 4359 1586 4415 vinculis
1634 4362 1777 4417 meis.

170 4442 415 4499 Tantum
450 4459 546 4500 vos
573 4444 773 4515 diligo,
806 4455 867 4502 ut
898 4448 1028 4503 mihi
1069 4436 1390 4505 memeriam
1442 4454 1645 4520 vestri,
1678 4470 1780 4511 nec

1956 1282 2024 1338 Et
2052 1281 2148 1336 hoc
2177 1296 2291 1348 oro,
2325 1288 2378 1333 ut
2404 1282 2631 1336 charitas
2660 1291 2825 1337 vestra
2851 1286 3014 1357 magis
3044 1303 3105 1341 ac
3134 1288 3300 1354 magis
3322 1288 3487 1344 abun~

1885 1373 1990 1428 det.
2051 1371 2120 1429 Ut
2169 1386 2268 1428 vos
2321 1370 2376 1426 in
2427 1385 2494 1427 eo
2523 1373 2666 1441 quod
2726 1374 2969 1445 habetis,
3029 1379 3262 1449 amplius
3311 1380 3486 1445 abun:

1884 1468 2048 1526 dctis.

1959 1562 2026 1617 In
2058 1563 2272 1617 scientia
2293 1606 2307 1632 ,
2350 1571 2395 1616 et
2421 1560 2477 1615 in
2503 1562 2643 1615 omni
2690 1577 2872 1627 sensu,
2923 1572 2979 1617 ut
3009 1566 3233 1636 probetis
3264 1570 3486 1637 potiora.

1885 1658 2225 1728 Notandum,
2258 1656 2382 1727 quia
2426 1656 2725 1712 scientibus
2776 1655 2956 1712 adhuc
2983 1660 3266 1715 scientiam
3297 1661 3493 1731 deprc-

1880 1763 2055 1819 catur,
2088 1761 2149 1807 ut
2177 1752 2419 1806 sinceres
2466 1750 2522 1805 in
2576 1750 2825 1807 omnibus
2874 1767 2996 1807 esse
3042 1753 3277 1810 valeant.
3322 1754 3492 1810 Nemo

1879 1846 2023 1901 enim
2056 1860 2221 1915 a-gcr,
2254 1860 2321 1898 an
2352 1843 2536 1897 sanati
2571 1844 2783 1912 possit,
2817 1846 3085 1916 agnoscit.

1956 1935 2024 1991 Ut
2050 1936 2162 1991 sitis
2190 1935 2415 1989 sinceres
2445 1944 2492 1988 et
2520 1934 2633 1988 sine
2661 1934 2861 2001 offensa
2888 1937 2945 1990 in
2974 1937 3111 1992 diem
3129 1937 3342 1994 Christi.
3367 1939 3491 1997 Sin-

1882 2028 2023 2084 ceris
2050 2027 2278 2083 materia
2312 2034 2427 2089 est,
2459 2042 2580 2096 qum
2612 2039 2862 2082 naturam
2896 2044 3050 2085 suam
3095 2041 3311 2099 servat,
3348 2034 3495 2087 nulla

1881 2123 2227 2179 extrinsecus
2266 2122 2619 2191 corruptione
2662 2120 2841 2177 fucata
2878 2141 2888 2176 :
2923 2123 3030 2179 tale
3059 2124 3242 2179 vinum
3274 2124 3493 2197 semper

1881 2218 1935 2275 in
1969 2218 2163 2273 melius
2189 2217 2439 2287 proﬁcit,
2472 2231 2576 2269 non
2620 2216 2672 2271 in
2698 2215 2871 2287 pejus.

1951 2314 2157 2388 Repleti
2202 2316 2373 2385 fructu
2409 2314 2638 2387 justitia:
2684 2331 2774 2385 per
2814 2313 2995 2368 Jesum
3032 2313 3318 2371 Christum.
3367 2315 3485 2372 Non

1881 2410 2056 2466 solum
2091 2410 2335 2465 sinceres
2364 2409 2431 2462 ab
2462 2408 2607 2461 omni
2637 2409 2988 2478 corruptione
3018 2411 3158 2476 sitis,
3192 2411 3289 2465 sed
3317 2412 3487 2466 etiam

1881 2503 2061 2558 fructu
2085 2501 2344 2573 justitice,
2374 2500 2664 2555 abundetis
2699 2501 2951 2571 exemplo
2980 2501 3182 2558 Clnisti
3217 2521 3227 2555 :
3262 2504 3351 2574 qui
3384 2518 3491 2558 non

1884 2595 2047 2652 modo
2094 2594 2361 2650 malitiam
2410 2607 2518 2648 non
2573 2591 2775 2661 habet,
2833 2593 2931 2649 sed
2984 2594 3147 2650 etiam
3198 2594 3343 2650 bono
3404 2610 3493 2652 re-

1884 2690 2113 2747 dnndaL

1959 2782 2027 2837 In
2079 2783 2299 2856 gloriam
2343 2790 2392 2837 et
2440 2781 2647 2837 laudem
2694 2780 2814 2836 Dei.
2848 2779 2917 2837 Ut
2963 2781 3229 2852 glorietur
3260 2781 3403 2837 Deus
3436 2780 3490 2836 in

1886 2875 2098 2931 aetibus
2130 2875 2349 2930 vestris.

1962 2968 2110 3023 Scire
2149 2976 2322 3021 autem
2365 2964 2481 3021 volo
2512 2982 2628 3032 vos,
2671 2967 2891 3037 fratres,
2942 2965 3064 3037 quia
3093 2981 3208 3037 qua:
3238 2965 3376 3019 circa
3414 2966 3497 3022 me

1888 3071 2027 3115 sunt.
2083 3060 2183 3115 Hic
2233 3059 2551 3114 consolatur
2596 3072 2690 3112 eos
2726 3057 2794 3113 de
2832 3074 2929 3113 sua
2964 3057 3315 3114 tribulatione
3357 3076 3368 3111 :
3403 3058 3497 3130 qui

1889 3154 2174 3209 audierant
2200 3195 2215 3218 ,
2244 3169 2367 3208 eum
2392 3152 2630 3206 vinctum
2661 3151 2713 3205 in
2744 3150 2882 3206 urbe
2914 3152 3085 3205 Roma
3110 3152 3399 3207 custodiri.

1961 3246 2132 3317 Magis
2164 3243 2231 3298 ad
2262 3244 2544 3314 profectum
2568 3251 2811 3297 venerunt
2852 3240 3151 3313 Evangelii,
3189 3244 3263 3295 ita
3293 3250 3348 3294 ut
3376 3243 3493 3297 vin-

1882 3339 2001 3394 cula
2018 3355 2129 3393 mea
2152 3338 2426 3408 manifesta
2442 3338 2623 3406 fierent
2652 3337 2705 3388 in
2730 3333 2955 3398 Christo,
2978 3335 3032 3387 in
3060 3336 3200 3387 omni
3220 3337 3485 3405 prtctorio,

1883 3439 1930 3487 et
1975 3433 2030 3487 in
2059 3431 2256 3487 cwteris
2301 3428 2554 3483 omnibus.
2602 3426 2719 3481 Non
2752 3426 2927 3480 solum
2975 3442 3083 3480 non
3128 3427 3359 3493 obsunt,
3395 3428 3494 3485 sed

1884 3526 2046 3582 etiam
2099 3522 2454 3594 profuerunt,
2502 3519 2629 3575 dum
2664 3517 3075 3584 manifestatur,
3110 3533 3197 3572 me
3244 3534 3355 3573 non
3385 3534 3489 3589 pro

1881 3618 2066 3688 aliquo
2095 3616 2343 3682 crimine,
2374 3612 2471 3669 sed
2506 3626 2607 3682 pro
2632 3610 2854 3666 Christo
2878 3612 3061 3665 omnia
3091 3612 3382 3668 sustinere.

1960 3708 2027 3763 Ut
2055 3706 2228 3777 plures
2271 3721 2296 3758 e
2324 3703 2569 3775 fratribus
2596 3703 2649 3757 in
2677 3701 2905 3757 Domino
2931 3704 3265 3774 conﬁdentes.
3298 3704 3493 3762 Plures

1882 3816 2003 3858 mea
2064 3799 2417 3855 tribulatione
2478 3808 2798 3855 constantes
2854 3798 3035 3855 eliceai
3098 3808 3268 3867 sunt,
3326 3816 3491 3872 quam

1884 3894 2151 3951 doctrina.

1958 3986 2025 4042 In
2069 3985 2283 4041 vinculis
2323 3986 2446 4039 meis
2486 3983 2837 4039 abundantius
2880 3985 3131 4041 auderent
3168 3986 3283 4039 sine
3312 3988 3496 4043 timore

1884 4081 2089 4137 verbum
2137 4077 2236 4132 Dei
2296 4077 2462 4149 loqui.
2524 4077 2880 4132 Vinculorum
2936 4092 3180 4133 meorum
3239 4079 3492 4147 exemplo

1884 4184 2014 4231 sunt
2039 4172 2281 4241 incitati,
2311 4173 2439 4228 dum
2472 4187 2559 4228 me
2592 4171 2846 4228 viderunt
2874 4186 2972 4242 pro
2998 4171 3214 4228 Christo
3243 4171 3489 4227 libentis-

1885 4268 2022 4324 sime
2049 4266 2341 4322 su5tincre.

1961 4359 2187 4426 Quidam
2212 4358 2420 4427 quidem
2441 4366 2488 4411 et
2511 4367 2719 4428 prapter
2747 4355 2992 4410 invidiam
3015 4364 3062 4411 et
3088 4355 3482 4410 contentionem.

1889 4453 2024 4508 Dum
2058 4453 2188 4508 tnihi
2206 4452 2350 4521 apud
2376 4452 2662 4527 credentes
2689 4450 2921 4520 gloriam
2947 4452 3160 4506 auferre
3191 4464 3249 4505 se
3273 4457 3485 4520 putant,

167 4533 295 4591 bare
324 4537 643 4606 tribulatio,
675 4554 777 4596 nec
804 4540 1121 4597 sollicitudo
1151 4543 1481 4601 defensionis
1507 4546 1738 4607 auferat.
1807 4515 1957 4602 I)nc
2006 4546 2156 4602 solus
2205 4545 2336 4601 mihi
2394 4524 2671 4602 vindicare
2720 4542 2905 4598 videar
2958 4542 3243 4598 scientiam
3294 4542 3487 4609 praedi-

243 4630 319 4685 Et
352 4632 409 4685 in
439 4630 737 4702 defensione
780 4644 828 4690 et
880 4636 1275 4705 confirmatione
1313 4637 1607 4716 Evangelii.
1640 4641 1781 4719 Con.-

164 4722 418 4780 ﬁrmatio
464 4724 786 4797 Evangelii,
836 4737 923 4784 est
952 4738 1209 4787 constans
1256 4732 1541 4790 tolerantia
1586 4735 1782 4806 pracdi-

168 4817 383 4871 cantis.

242 4910 444 4965 Socios
488 4910 671 4982 gaudii
720 4913 821 4968 mei
867 4929 1040 4971 omnes
1073 4930 1159 4971 vos
1202 4933 1329 4972 esse.
1367 4917 1479 4973 lloc
1510 4918 1685 4974 sentio
1713 4918 1781 4974 dc

166 5001 334 5059 vobis
365 5011 423 5059 et
449 5004 617 5059 credo
650 5020 664 5058 :
697 5006 823 5076 quia
866 5007 1007 5062 sicut
1048 5024 1184 5064 meae
1235 5008 1599 5065 tribulationis
1647 5010 1783 5066 socii

165 5095 346 5164 estis,
407 5096 480 5152 ita
511 5098 663 5154 eritis
691 5109 744 5155 et
782 5101 963 5171 gaudii
995 5105 1333 5173 sempiterni.
1368 5103 1498 5160 Sive
1524 5106 1602 5159 sic
1629 5122 1641 5157 :
1669 5106 1784 5160 scio

168 5200 275 5241 vos
309 5188 387 5243 ita
440 5189 738 5263 Evangelio
782 5193 1116 5263 credidisse,
1165 5204 1224 5250 ut
1253 5197 1416 5251 etiam
1460 5197 1514 5251 in
1564 5195 1786 5251 tribula-

170 5280 429 5336 tionibus
470 5284 609 5341 meis
658 5301 755 5357 pro
805 5287 925 5359 ejus
970 5287 1287 5345 defensione
1327 5302 1539 5346 mecum
1583 5290 1788 5359 pariter

164 5372 491 5443 gaudeatis.

249 5466 431 5523 Testis
457 5472 593 5526 enim
621 5474 747 5529 mihi
780 5485 854 5531 est
895 5475 1067 5545 Deus,
1099 5478 1360 5550 quomodo
1381 5477 1589 5548 cupiam
1612 5492 1789 5533 omnes

168 5573 269 5613 vos
302 5564 499 5618 essein
530 5567 809 5622 visceribus
844 5567 972 5625 Jesu
1010 5568 1224 5626 Christi.
1258 5571 1383 5628 Sive
1426 5586 1547 5627 esse
1590 5570 1709 5640 ejus
1731 5571 1785 5625 in

168 5652 526 5729 visceribus,
575 5660 688 5717 sive
721 5660 792 5716 ita
834 5676 930 5718 vos
970 5662 1223 5721 desidero
1264 5672 1538 5738 tamquam
1577 5664 1787 5721 viscera

165 5741 416 5805 Christi.

642 5852 919 5919 Ριτιιοι..
963 5854 1169 5917 XXX.

1886 4637 2068 4693 candi.
2968 4678 2973 4681 .

1965 4730 2191 4797 Quidam
2211 4736 2442 4785 autemet
2468 4736 2676 4798 promer
2696 4725 2880 4779 bonam
2905 4724 3212 4778 voluntatem
3230 4722 3491 4779 Christum

1888 4826 2193 4898 pradicant.
2225 4822 2334 4879 Alii
2356 4822 2520 4877 etiam
2553 4822 2693 4876 alios
2715 4817 2926 4874 salvare
2950 4816 3226 4887 volentes,
3255 4817 3489 4874 ﬁdeliter

1890 4918 2169 4976 Christum
2206 4914 2549 4970 annuntiant.

1966 5010 2195 5077 Quidam
2218 5024 2281 5063 ex
2310 5007 2586 5061 charitate.
2620 5003 2852 5071 Quidam
2888 5016 3024 5059 vero
3049 5017 3115 5057 ex
3168 5017 3285 5059 mea
3314 5001 3495 5060 citari-

1892 5114 2000 5162 tate
2026 5103 2286 5173 adjuvant
2317 5116 2403 5155 me
2428 5140 2443 5167 ,
2474 5097 2826 5169 Evangelium
2850 5096 3213 5153 defensando.

1966 5197 2200 5255 Scientes
2243 5192 2485 5264 quoniam
2531 5193 2584 5246 in
2626 5191 2924 5261 defensione
2978 5188 3254 5263 Evangelii
3296 5191 3494 5263 pasitus

1894 5307 2027 5345 sum.
2080 5287 2198 5344 Non
2253 5286 2503 5343 humana:
2555 5282 2865 5340 dilectionis
2934 5282 3165 5351 aﬁ'ectu,
3217 5282 3313 5337 scd
3367 5283 3496 5353 quia

1893 5385 2113 5449 sciunt,
2155 5397 2245 5437 me
2294 5396 2323 5437 a
2355 5378 2586 5435 Domino
2611 5377 2679 5434 ad
2706 5377 3107 5435 defendendum
3141 5375 3493 5447 Evangelium

1893 5479 2227 5535 ordinatum.

1973 5566 2201 5635 Quidam
2228 5572 2401 5619 autem
2430 5578 2497 5619 ea:
2538 5564 2863 5619 contentione
2905 5562 3165 5619 Christum
3192 5562 3504 5617 annuntiant

1895 5679 2002 5718 non
2060 5662 2294 5726 sincere,
2354 5658 2751 5729 existimantes,
2805 5676 3101 5729 pressuram
3150 5675 3203 5713 se
3251 5658 3504 5712 suscitare

1894 5755 2115 5812 vinculis
2144 5755 2281 5811 meis.
2335 5751 2443 5810 Alii
2487 5753 2676 5812 dolore
2719 5754 3022 5825 praedicant
3060 5752 3125 5810 ad
3157 5768 3241 5810 me
3270 5764 3506 5826 gravati-

2911 5848 2988 5907 27
