4008 6188
505 223 611 281 843

1514 213 1572 268 S.
1617 209 2002 267 llllﬁl‘tONYMl
2044 206 2329 265 Ol’ERUM
2370 201 2734 261 MlNTlSSA.

3703 192 3816 251 ειι

506 340 633 394 dum
653 383 666 406 ,
693 336 844 408 quasi
873 335 1055 405 plures
1084 327 1386 398 discipulos
1419 323 1730 390 facientem,
1764 332 1818 378 et
1849 322 2097 376 doctrina
2130 327 2172 382 Α
2207 346 2401 399 remum
2435 342 2502 396 de
2528 339 2706 394 [metu
2743 335 2862 391 ﬁdei
2892 341 3116 398 “sum,
3147 340 3199 387 et
3229 328 3483 402 gaudium
3517 329 3772 385 habemis
3797 373 3814 397 ν

506 449 629 488 mea
655 442 824 486 totum
854 429 1036 483 orbem
1063 424 1292 494 implere
1314 428 1600 475 conantem
1631 434 1642 469 :
1676 424 1737 471 ut
1765 431 1833 471 ex
1863 415 1966 470 hoc
1994 415 2101 469 sal-

511 541 618 583 tem
643 512 977 592 major-mihi
1005 518 1312 574 cumuletur
1337 512 1538 582 injuria
1566 513 1584 577 ,'
1613 510 1699 564 vel
1725 523 2000 579 pressura.

581 618 719 684 Quid
748 615 928 669 enim?
958 611 1094 664 Dum
1125 609 1265 664 eunti
1295 607 1478 673 modo,
1507 605 1610 659 sive
1631 619 1721 675 per
1760 602 2097 656 occasionem.

509 712 625 767 Oilii
649 752 662 773 ,
697 708 780 762 vel
805 705 1041 760 invidia).

581 804 699 858 Sive
726 817 814 872 per
844 800 1124 854 veritatem.
1157 793 1463 864 Simplicis,
1517 789 1602 845 vel
1651 803 1802 860 purse
1836 785 2104 858 praedica-

511 901 698 959 tionis.

578 991 812 1049 Christus
836 987 1175 1043 annuntietur
1197 1001 1216 1040 :
1246 993 1291 1039 et
1320 984 1375 1038 in
1407 982 1504 1036 hoc
1534 979 1734 1054 gaudeo
1760 1019 1774 1044 ,
1801 976 1890 1034 sed
1915 985 1960 1030 et
1982 991 2106 1047 gau-

506 1085 656 1140 debo.
705 1081 820 1136 Non
870 1079 1000 1135 mihi
1030 1093 1178 1133 cura:
1225 1085 1347 1140 est,
1388 1091 1491 1145 qua
1531 1071 1830 1143 prmdicent
1877 1079 2057 1124 mente
2084 1109 2099 1134 ,

506 1175 800 1235 dummodo
844 1172 1010 1246 (quod
1042 1170 1223 1242 cupio)
1261 1170 1462 1226 Christi
1494 1182 1691 1222 nomen
1741 1165 1988 1218 omnibus
2021 1163 2104 1216 in-

506 1281 786 1332 notescet,
820 1280 873 1324 et
904 1286 933 1322 a
965 1267 1148 1322 multis
1178 1263 1456 1319 credatur.
1487 1262 1834 1330 Quaproliter
1859 1267 1910 1312 et
1941 1254 2102 1312 modo

501 1365 733 1438 gaudeo,
767 1373 821 1418 et
846 1363 897 1416 in
926 1361 1110 1414 futuro
1133 1357 1404 1429 gaudebo.

576 1457 700 1512 Scio
727 1454 863 1508 enim
893 1452 1016 1522 quia
1045 1449 1143 1503 hoc
1181 1447 1307 1501 mihi
1335 1445 1595 1518 proveniet
1633 1443 1700 1496 ad
1730 1442 1982 1508 salutent,
2012 1455 2103 1510 per

502 1561 722 1607 uestram
742 1548 1048 1602 orationem.
1083 1542 1240 1609 Quod
1273 1541 1402 1596 tttilti
1437 1554 1640 1594 nocere
1678 1545 1898 1606 putant,
1933 1533 1985 1588 in
2011 1547 2101 1588 sa-

505 1646 672 1700 lutem
721 1640 1009 1710 proveniet
1051 1653 1066 1692 :
1114 1635 1238 1705 quia
1273 1649 1379 1689 non
1426 1635 1598 1689 solum
1648 1647 1742 1700 per
1788 1629 2012 1690 verbum
2045 1635 2098 1680 et

2205 438 2319 491 sive
2369 446 2426 488 ttt
2472 431 2750 503 gaudeatis
2785 445 2799 483 :
2847 427 2970 500 quia
3013 433 3190 482 vestra
3232 439 3319 480 nte
3355 422 3491 479 ﬁdes
3533 430 3593 478 et
3630 424 3817 479 oratio

2204 527 2572 585 conservavit.

2282 621 2349 677 Ut
2379 618 2660 693 gratulatio
2691 627 2856 672 vestra
2875 615 3100 668 abundet
3130 614 3184 666 in
3217 609 3424 666 Christo
3452 608 3583 664 Jesu
3605 609 3661 663 in
3693 625 3778 663 me
3797 655 3811 678 ,

2207 731 2298 784 per
2340 729 2506 766 meum
2531 709 2812 764 adventum
2849 709 3036 760 iterum
3065 705 3133 758 ad
3161 719 3268 758 vos.
3301 701 3367 758 Ut
3405 710 3697 772 po~tquam
3730 701 3816 754 vi-

2205 807 2369 863 serint
2400 819 2526 870 vos,
2565 805 2759 858 iterum
2783 798 3146 855 abundantius
3176 794 3554 866 gratulemini.

2278 897 2502 952 Tantum
2530 896 2686 968 digne
2711 891 3000 962 Evangelia
3033 889 3224 943 Christi
3254 884 3652 941 convertamini.
3681 886 3816 939 0m-

2205 991 2291 1046 nia
2324 993 2448 1062 ejus
2488 998 2758 1060 praecepta
2789 993 3105 1047 servantes,
3151 982 3268 1038 sive
3315 982 3476 1051 digne
3525 977 3816 1047 Evangelii

2211 1083 2666 1155 przedicatoribns
2698 1092 3030 1134 conservare
3057 1075 3291 1130 debetis.

2281 1176 2349 1232 Ut
2372 1179 2478 1231 sive
2509 1191 2627 1228 cum
2653 1187 2840 1226 venero
2869 1182 2914 1224 et
2939 1168 3115 1223 videro
3137 1159 3242 1232 vos,
3271 1165 3372 1219 sive
3395 1163 3577 1217 absens
3601 1159 3815 1214 audiam

2205 1273 2270 1324 de
2300 1271 2443 1324 vobis
2475 1285 2491 1322 :
2519 1269 2642 1336 quia
2678 1266 2834 1320 statis
2867 1264 2918 1316 in
2965 1278 3073 1316 uno
3105 1260 3316 1329 spiritu.
3349 1258 3501 1311 Sicut
3532 1255 3765 1325 legimus
3798 1271 3812 1306 :

2204 1363 2330 1434 quia
2359 1371 2476 1417 erat
2497 1365 2577 1416 eis
2601 1374 2694 1414 cor
2725 1372 2891 1411 unum
2915 1369 2969 1410 et
2999 1354 3175 1407 anima
3207 1366 3311 1405 una
3339 1366 3352 1402 :
3391 1363 3490 1403 nec
3521 1347 3812 1416 quisquam

2203 1473 2361 1512 suum
2385 1454 2602 1510 dicebat
2623 1493 2640 1521 ,
2670 1451 2763 1507 sed
2794 1458 2952 1506 erant
2978 1449 3084 1502 illis
3115 1445 3293 1500 omnia
3323 1442 3665 1499 communia.

2283 1549 2564 1603 Unanimes
2598 1589 2612 1612 ,
2664 1543 3044 1599 collaborantes
3098 1539 3222 1610 fidei
3277 1535 3562 1607 Evangelii.
3619 1533 3818 1589 Omnis

2209 1656 2384 1712 pugna
2412 1636 2741 1692 unanimiter
2769 1647 3022 1705 aggressa
3051 1630 3337 1686 victoriam
3368 1629 3532 1700 parit.

505 1739 816 1808 passiOnem
849 1747 1024 1788 meum
1058 1747 1070 1785 :
1103 1728 1198 1784 sed
1230 1730 1392 1784 etiam
1431 1743 1530 1798 per
1555 1725 1738 1781 odium
1773 1721 1971 1778 Christi
2002 1720 2103 1776 Ec-

2279 1731 2347 1786 Et
2376 1735 2432 1786 in
2475 1729 2622 1785 nullo
2651 1704 2948 1784 terreamini
2977 1725 3041 1779 ab
3073 1722 3391 1778 adversariis
3411 1763 3426 1786 ,
3467 1735 3585 1791 quin
3611 1727 3683 1776 est
3711 1718 3822 1772 illis

505 1830 668 1885 clesizt
701 1833 1105 1896 angmentatnr.

580 1921 647 1976 Et
672 1917 1202 1973 subministrationem
1228 1911 1440 1985 spiritus
1469 1908 1600 1964 Iesu
1626 1907 1840 1963 Christi.
1869 1905 2006 1973 Quia
2035 1903 2103 1961 ad

509 2029 684 2071 meam
720 2027 818 2082 per
843 2009 1027 2062 omnia
1059 2007 1290 2062 salutem
1323 2001 1632 2074 guhernati.

578 2105 880 2164 Secundum
919 2099 1351 2170 exspectationem
1384 2106 1428 2151 et
1457 2109 1600 2162 spem
1646 2108 1833 2147 meam.
1877 2089 2010 2158 Quia
2037 2087 2106 2144 de

505 2199 758 2254 omnibus
791 2196 874 2248 Itis
905 2201 1167 2260 exspecto
1192 2201 1244 2244 et
1277 2204 1439 2257 spero
1467 2185 1797 2241 mercedem.

581 2291 716 2356 Quia
745 2290 796 2342 in
824 2285 970 2341 nullo
993 2283 1310 2354 confundor.
1341 2280 1526 2351 Neque
1557 2281 1608 2334 itt
1638 2281 1751 2333 vita
1775 2322 1790 2347 ,
1839 2292 2012 2347 neque
2054 2277 2104 2330 in

507 2397 684 2444 marte
709 2429 723 2453 ,
767 2396 946 2452 neque
979 2381 1030 2433 in
1055 2374 1437 2441 contumeliis,
1473 2388 1650 2442 neque
1677 2372 1730 2426 in
1763 2369 2066 2442 opprobriis
2088 2412 2101 2437 ,

506 2479 740 2546 denique
771 2477 824 2530 in
875 2473 1022 2528 nullo
1071 2471 1364 2540 Apostolus
1409 2463 1866 2522 conluudebatnr.
1909 2460 2021 2517 Nos
2052 2461 2104 2515 itt

506 2569 760 2626 omnibus
791 2563 1204 2620 erubescimus:
1235 2573 1285 2615 et
1319 2561 1371 2614 itt
1402 2572 1510 2628 quo
1538 2557 1934 2628 vituperamttr,
1965 2554 2103 2608 ultra

509 2679 614 2717 non
639 2662 868 2716 facimus
890 2703 904 2726 ,
937 2655 1189 2727 quamvis
1214 2650 1512 2707 secundum
1535 2649 1704 2704 Deum
1736 2647 2063 2716 coaperimus
2090 2663 2102 2700 :

509 2754 654 2810 unde
680 2750 1054 2812 ostendimus,
1091 2761 1196 2800 non
1243 2743 1531 2810 laudibus,
1577 2756 1682 2796 non
1722 2737 1940 2794 Christo
1985 2752 2102 2793 ser-

509 2850 644 2899 vire.
674 2841 966 2911 Apostolus
998 2853 1107 2892 non
1155 2834 1588 2890 confundebatur
1636 2833 1688 2887 in
1723 2831 1934 2886 catenis
1963 2872 1978 2896 ,
2009 2843 2106 2885 nos

509 2934 893 2994 cottluudimur
924 2932 975 2984 in
1011 2930 1341 3000 Opprehriis.

583 3027 690 3084 Sed
713 3027 765 3086 in
795 3024 932 3078 omni
963 3021 1177 3092 ﬁducia,
1201 3021 1335 3074 sicut
1363 3035 1581 3091 semper.
1608 3016 1760 3072 Nttlla
1785 3031 1872 3072 res
1896 3032 1982 3074 me
2005 3031 2102 3088 po-

510 3123 638 3180 terit
661 3120 970 3176 deterrere.

523 3262 526 3265 _
584 3214 650 3270 Et
697 3227 834 3268 nunc
883 3205 1299 3278 magni/imbitur
1344 3203 1577 3258 Christus
1618 3203 1672 3256 in
1716 3217 1930 3273 corpore
1969 3217 2101 3254 meo.

509 3306 748 3376 Inimicis
772 3303 885 3360 suis
917 3300 1170 3366 insaltat,
1200 3296 1344 3367 quod
1386 3295 1438 3352 ei
1484 3309 1682 3349 nocere
1716 3309 1820 3349 non
1863 3293 2101 3349 valeant.

510 3401 565 3466 Si
595 3399 738 3454 enim
781 3411 901 3450 eum
942 3391 1281 3456 occiderint,
1337 3387 1598 3459 martyrio
1643 3386 2017 3440 coronabitur.
2047 3384 2104 3440 Si

509 3489 850 3549 servaverint
887 3485 953 3539 ad
992 3484 1266 3539 Christum
1311 3475 1774 3544 anttuntiaudum,
1809 3477 2104 3548 plurimum

511 3584 714 3638 facient
741 3580 998 3635 fructum.

583 3675 703 3729 Sive
727 3689 814 3743 per
843 3672 1031 3738 vitam,
1064 3667 1166 3724 sive
1193 3683 1282 3738 per
1320 3675 1557 3720 mortem.
1603 3663 1673 3719 Et
1701 3663 1808 3719 vita
1837 3671 2024 3722 nostra
2053 3670 2110 3717 et

513 3779 662 3822 mors
686 3762 750 3816 ad
781 3759 1237 3829 magniﬁcentiam
1271 3757 1508 3827 pertinet
1530 3754 1755 3810 Christi.

587 3855 722 3911 Mihi
753 3854 888 3908 enim
916 3852 1082 3905 vivere
1108 3849 1346 3904 Christus
1374 3859 1468 3904 est.
1501 3848 1616 3903 Non
1642 3849 1742 3904 alia
1771 3864 1930 3905 causa
1959 3848 2107 3906 volui

516 3950 700 4017 vivere
724 3948 824 4003 nisi
855 3944 1054 4001 Christi
1083 3986 1099 4014 ,
1133 3952 1191 3998 ιιι
1224 3943 1344 4012 ejus
1371 3957 1568 4016 corpus
1597 3942 1884 3998 aediﬁcem.

587 4041 656 4096 Et
680 4040 816 4098 mori
849 4037 1072 4092 lucrum.
1106 4033 1341 4090 Corona.

590 4134 740 4203 Quod
769 4133 812 4186 si
843 4131 1005 4185 vivere
1036 4129 1086 4181 in
1112 4142 1286 4191 carne,
1319 4124 1407 4179 hic
1430 4125 1559 4180 mihi
1589 4126 1793 4198 fructus
1815 4127 1986 4199 operis
2009 4136 2106 4182 est.

516 4229 571 4286 Si
599 4228 785 4282 vivere
813 4225 864 4278 itt
887 4235 1053 4277 carne
1077 4233 1162 4273 me
1182 4216 1480 4283 voluerint,
1505 4215 1716 4274 habebo
1741 4226 1952 4287 tempus
1981 4232 2112 4288 ope—

516 4317 694 4377 randi.

592 4411 657 4464 Et
678 4408 800 4481 quid
831 4405 1013 4475 eligant
1039 4445 1054 4470 ,
1101 4401 1284 4474 ignoro
1315 4416 1332 4454 :
1365 4409 1598 4454 coarctor
1627 4409 1799 4456 autem
1829 4419 1852 4454 e
1884 4400 2107 4456 duobus.

2208 1843 2368 1881 causa
2398 1825 2712 1898 perditionis
2734 1865 2748 1889 ,
2780 1822 2923 1876 vobis
2951 1829 3127 1874 autem
3151 1818 3354 1882 salutis.
3377 1816 3562 1883 Neque
3585 1813 3820 1869 versutis

2209 1917 2694 1990 diSputationibns,
2731 1932 2830 1971 nec
2861 1912 3229 1986 paSSionibus,
3263 1909 3685 1980 approbriisque
3708 1915 3818 1960 tur-

2213 2013 2436 2067 bentini.
2462 2011 2597 2078 Quia
2624 2011 2776 2064 vobis
2802 2007 3057 2079 magisad
3082 2003 3388 2061 mercedem
3405 2010 3637 2075 possunt
3657 2002 3820 2071 prod-

2210 2121 2352 2161 esse.
2386 2106 2538 2160 Sicut
2576 2102 2806 2172 apostoli
2850 2102 2998 2155 ibant
3043 2100 3382 2169 gaudentes,
3415 2097 3542 2166 quia
3578 2110 3678 2165 pro
3707 2108 3821 2147 no—

2212 2201 2356 2253 mine
2383 2197 2590 2252 Domini
2617 2196 2767 2266 digni
2797 2194 2966 2248 habiti
2997 2202 3124 2248 snut
3151 2188 3541 2246 contumeliam
3574 2188 3711 2258 pati.

2286 2289 2349 2343 Et
2378 2292 2473 2343 hoc
2512 2306 2544 2343 a
2575 2287 2705 2352 Deo,
2743 2287 2864 2357 quia
2892 2285 3036 2340 vobis
3067 2284 3317 2338 donatura
3345 2294 3418 2336 est
3459 2297 3554 2354 pro
3583 2278 3816 2336 Christo.

2216 2382 2349 2450 Quia
2377 2384 2491 2438 vult
2514 2397 2612 2436 vos
2640 2381 2892 2436 coronari
2923 2378 3219 2450 probatos:
3263 2378 3403 2431 sicut
3444 2375 3546 2437 Job
3593 2373 3815 2444 permit—

2214 2477 2344 2531 titttr
2373 2477 2593 2531 tentari.
2627 2474 2764 2542 Quia
2813 2487 2914 2528 nee
2945 2472 3087 2526 vinci
3126 2469 3398 2534 habebat,
3439 2478 3494 2523 et
3536 2467 3657 2537 ejus
3702 2467 3819 2536 glo-

2209 2567 2289 2622 ria
2359 2564 2664 2637 amplianda
2723 2575 2840 2621 erat
2879 2605 2895 2630 ,
2958 2562 3278 2618 adversario
3332 2571 3593 2631 superato
3656 2570 3816 2627 atque

2210 2658 2460 2714 cettluso.

2283 2751 2406 2806 Non
2435 2752 2606 2806 solum
2634 2762 2690 2806 ut
2720 2752 2771 2805 in
2799 2767 2916 2806 eum
2943 2749 3184 2820 credatis,
3207 2749 3296 2803 sed
3324 2756 3378 2803 ut
3409 2748 3566 2802 etiam
3603 2761 3699 2818 pro
3725 2743 3816 2799 illo

2207 2845 2496 2917 patiamini.
2522 2844 2749 2900 Occasio
2773 2843 2893 2899 ﬁdei
2919 2859 2946 2896 a
2975 2843 3088 2898 Deo
3112 2841 3308 2898 donata
3341 2851 3424 2896 est
3455 2841 3614 2910 :quia
3636 2841 3680 2893 si
3709 2855 3812 2894 non

2211 2940 2451 2994 venisset
2478 2937 2731 2993 Christus
2760 2947 2813 2992 ct
2848 2936 3159 3002 docuisset,
3192 2950 3299 2992 non
3327 2934 3516 3005 utique
3557 2932 3813 2988 credere-

2210 3047 2329 3088 mus
2363 3049 2376 3083 :
2408 3039 2666 3088 ett-terunt
2697 3039 2751 3085 et
2784 3028 2942 3085 iidem
2975 3027 3337 3084 voluntariam
3371 3029 3423 3082 in
3451 3027 3662 3103 actibus
3685 3025 3815 3094 legis

2134 3094 2182 3159 (δ
2214 3127 2465 3196 legimus.
2495 3123 2615 3183 Non
2650 3124 2826 3180 solum
2848 3138 2980 3193 ergo
3011 3123 3129 3177 vult
3169 3133 3227 3176 ut
3259 3121 3385 3177 ﬁdei
3412 3100 3692 3182 meritum,
3718 3119 3814 3183 sed

2208 3219 2370 3272 etiam
2399 3226 2456 3271 ut
2486 3216 2733 3287 martyrii
2776 3216 3057 3285 praemium
3092 3212 3358 3281 habeatis,
3401 3211 3526 3268 dum
3558 3225 3656 3267 vos
3701 3218 3813 3266 ten-

2211 3310 2309 3364 tari
2343 3309 2486 3363 Deus
2520 3310 2743 3376 patitur,
2774 3319 2831 3362 ut
2860 3307 3108 3375 vincatis.

2282 3399 2429 3454 Idem
2459 3409 2717 3454 certamen
2745 3399 3008 3466 habentes,
3066 3397 3220 3468 quale
3249 3405 3295 3452 et
3345 3398 3545 3453 vidistis
3585 3398 3640 3450 in
3672 3412 3750 3450 me
3771 3404 3816 3450 et

2209 3508 2344 3549 nunc
2371 3491 2592 3546 audistis
2615 3490 2804 3546 dente.
2837 3488 2975 3544 Nihil
3011 3504 3210 3544 novum
3243 3488 3483 3558 patintini
3514 3506 3528 3543 :
3561 3487 3659 3544 sed
3714 3486 3815 3542 hoc

2209 3584 2352 3654 quod
2387 3591 2682 3653 praesentes
2708 3580 2924 3638 vidistis
2952 3581 3004 3636 in
3037 3597 3146 3646 me,
3184 3589 3242 3640 et
3272 3595 3416 3636 nono
3468 3580 3723 3636 absentes
3749 3579 3813 3635 de

2210 3691 2298 3730 me
2329 3673 2579 3729 audistis.
2607 3673 2722 3728 Non
2751 3675 2821 3728 sit
2848 3689 2979 3743 ergo
3032 3672 3164 3732 illud
3196 3673 3348 3731 vobis
3405 3673 3709 3745 indignum,
3763 3673 3811 3728 in

2211 3783 2320 3840 quo
2351 3783 2450 3824 nos
2481 3764 2854 3838 conspexistis
2885 3766 3134 3836 gloriari.

2833 3921 3064 3979 CAPUT
3118 3922 3181 3977 ll.

2287 4039 2477 4110 Siqua
2507 4055 2630 4111 ergo
2670 4039 2952 4094 consolatio
2989 4041 3042 4094 in
3068 4037 3292 4104 Christo.
3328 4038 3385 4102 Si
3430 4040 3482 4096 in
3525 4041 3674 4100 omni
3717 4041 3810 4102 tri-

2213 4129 2492 4186 bulatione
2520 4130 2588 4185 ab
2617 4132 2736 4202 ipso
2758 4131 2876 4186 solo
2924 4131 3304 4196 consulamini,
3361 4147 3468 4192 non
3514 4132 3588 4192 sit
3641 4144 3810 4190 vestra

2212 4225 2536 4290 consolatio,
2573 4226 2958 4295 patrimonium
2991 4233 3290 4289 terrenum,

2287 4315 2348 4372 Si
2378 4318 2516 4387 quod
2545 4319 2783 4374 solatium
2807 4316 3096 4374 charitatis.
3127 4316 3380 4376 Charitas
3433 4317 3657 4390 Christi,
3701 4335 3810 4377 non

2215 4425 2536 4467 amicorum.

518 4480 786 4560 lntantttm
833 4497 962 4554 mihi
998 4505 1225 4566 utraque
1256 4492 1629 4560 conveniunt,
1665 4502 1723 4548 ut
1750 4493 1879 4564 quid
1911 4493 2108 4566 eligam
2137 4480 2194 4542 D
2293 4502 2354 4556 Si
2403 4519 2507 4573 qua
2551 4504 2769 4560 εοοεεεαε
2813 4505 3051 4575 "ny-um,
3101 4504 3511 4575 spiritualium,
3553 4523 3665 4565 ηοη
3695 4525 3811 4566 ειη-

517 4600 591 4654 sci
602 4612 658 4651 re
687 4611 792 4648 non
828 4590 1053 4663 possim.

591 4684 915 4744 Desiderium
964 4681 1152 4737 habens
1200 4677 1413 4736 dissolvi
1463 4689 1509 4734 et
1552 4695 1661 4734 esse
1713 4695 1831 4734 cum
1880 4679 2105 4748 Christo,

514 4779 677 4838 multo
707 4776 871 4849 nugis
914 4774 1100 4828 melius
1130 4790 1147 4827 :
1179 4787 1478 4843 permanere
1507 4779 1676 4826 autem
1702 4770 1756 4825 in
1783 4787 1940 4827 carne
1963 4815 1976 4838 ,
2022 4788 2110 4828 ne-

513 4873 788 4929 ccssarium
821 4877 1026 4939 propter
1049 4883 1158 4920 vos.
1206 4864 1342 4920 [llud
1389 4866 1580 4921 melius
1611 4865 1741 4921 tnilti
1766 4906 1783 4934 ,
1823 4865 1966 4924 istud
2009 4883 2104 4926 ne-

515 4963 818 5021 cessarium
848 4961 1019 5015 vobis.
1057 4960 1120 5025 Et
1167 4969 1398 5018 mortem
1444 4959 1567 5014 illos
1607 4975 1713 5016 non
1748 4961 1938 5026 timere
1964 5003 1978 5028 ,
2010 4962 2106 5018 sed

516 5059 743 5126 diligere
774 5053 974 5108 debere
1005 5068 1098 5108 eos
1125 5096 1140 5120 ,
1173 5067 1271 5107 suo
1296 5052 1637 5108 demonstrat
1658 5054 1908 5124 exemplo
1934 5070 1948 5128 ;
1976 5065 2030 5112 et
2053 5065 2113 5112 ιιι

513 5165 624 5207 non
671 5146 1084 5212 contristentur,
1139 5159 1450 5199 mansurum
1502 5161 1563 5199 se
1608 5145 1661 5198 itt
1702 5159 1866 5200 carne
1911 5145 2106 5218 spiritu

517 5238 838 5316 prepltetico
863 5236 1148 5307 promittit.

587 5332 653 5386 Et
704 5333 799 5386 hoc
837 5327 1105 5396 conﬁdens
1151 5327 1280 5394 scio,
1322 5329 1448 5402 quia
1490 5329 1726 5386 manebo.
1771 5331 1889 5388 Non
1931 5333 2106 5392 Solum

512 5425 698 5489 credo,
731 5422 826 5478 sed
858 5420 1020 5476 etiam
1049 5419 1354 5476 certissime
1383 5422 1532 5478 novi.

582 5518 653 5572 Et
679 5514 988 5590 permanebo
1012 5513 1251 5569 omnibus
1277 5515 1435 5570 vobis.
1468 5514 1584 5572 Non
1614 5517 1767 5588 mihi,
1793 5520 1844 5576 id
1867 5530 1971 5590 est,
2003 5537 2107 5582 non

512 5626 619 5668 met
645 5624 832 5666 causa.

586 5699 666 5757 Ad
707 5701 992 5772 profectum
1021 5709 1282 5769 vestrum,
1327 5712 1373 5757 et
1415 5703 1662 5778 gaudium
1702 5707 1839 5778 ﬁdei.
1877 5710 1945 5768 Ut
1979 5726 2104 5784 [δῖος

2221 4593 2446 4649 nalittm.

2292 4685 2474 4753 Siqua
2501 4686 2694 4742 viscera
2722 4688 3086 4746 miserationis.
3119 4689 3301 4745 Vestri
3353 4690 3690 4752 miseremini
3724 4707 3817 4764 po-

2217 4778 2347 4846 tius,
2398 4793 2558 4847 quam
2612 4789 2918 4847 parentum.

2295 4868 2512 4939 Implete
2531 4869 2776 4941 gaudium
2799 4887 2986 4926 meum.
3016 4872 3172 4940 Quod
3192 4872 3300 4943 jam
3323 4871 3494 4937 habeo
3515 4886 3584 4928 ex
3615 4881 3772 4942 parte
3799 4895 3812 4928 :

2221 4964 2274 5019 in
2317 4963 2512 5017 talibus
2543 4961 2686 5018 enim
2717 4963 2910 5020 doctor
2940 4964 3197 5020 exsultat.
3229 4965 3397 5020 Aliter
3424 4979 3437 5018 :
3462 4962 3517 5020 Si
3545 4979 3649 5034 qua
3681 4965 3814 5024 mihi

2220 5071 2249 5110 a
2281 5055 2432 5112 vobis
2456 5056 2762 5114 consolatio
2796 5056 3090 5113 exhibetur
3121 5060 3172 5112 in
3219 5057 3454 5123 Christo,
3490 5066 3544 5120 et
3574 5057 3620 5112 si
3666 5061 3813 5129 quod

2223 5148 2478 5204 solatium
2536 5149 2818 5206 charitatis
2851 5167 2864 5202 :
2897 5151 2942 5208 si
2996 5167 3100 5222 qua
3150 5166 3247 5207 vos
3301 5153 3565 5214 societas.
3596 5154 3815 5225 spiritus

2222 5245 2521 5311 connectit,
2576 5253 2630 5314 et
2667 5243 2711 5301 si
2743 5260 2845 5317 qua
2893 5245 3003 5301 sint
3032 5245 3170 5314 apud
3201 5260 3297 5300 vos
3323 5245 3531 5306 viscera
3561 5247 3811 5316 pietatis:

2224 5337 2329 5392 hoc
2350 5338 2477 5391 mihi
2508 5345 2783 5407 priestate,
2811 5337 2952 5404 quod
2985 5351 3138 5408 rogo,
3182 5347 3239 5391 ut
3279 5337 3534 5406 gaudium
3569 5348 3812 5398 nostrum

2223 5431 2445 5487 unitatis
2473 5441 2527 5485 et
2547 5431 2829 5494 electionis
2878 5430 3166 5500 impleatis.

2295 5522 2360 5577 Ut
2384 5525 2517 5578 idem
2539 5523 2773 5595 sapiatis.
2798 5526 3030 5580 eamdem
3053 5523 3356 5582 charitatem
3384 5523 3656 5594 habentes,
3688 5545 3814 5586 unae

2221 5617 2383 5672 nintes
2412 5615 2636 5686 idipsum
2665 5617 2959 5674 sentientes.
2991 5616 3165 5674 Nolite
3191 5615 3515 5674 charitatetn
3540 5620 3810 5688 scindere,

2213 5706 2502 5767 sentiendo
2530 5706 2765 5766 diversa.
