4008 6188
219 249 318 310 848

761 203 1309 310 COMMENTARle
1350 248 1419 305 IN
1466 247 1858 308 EPISTOLAM
1897 247 1990 305 AD
2029 217 2540 308 PllILlPPENSliS.
2581 251 2737 310 CAP.
2776 251 2843 308 II.

3406 251 3514 310 846
3603 240 3606 244 ’

285 373 438 428 Nihil
460 391 551 442 per
576 374 976 439 contentionem,
1016 389 1176 443 neque
1207 389 1296 444 per
1322 372 1526 427 inanem
1567 371 1808 446 gloriam.
1838 367 1888 429 Α
1918 383 2234 439 sequamur,
2266 379 2318 424 et
2369 369 2652 424 Dominum
2695 369 2879 424 mitem
2911 365 3059 424 servi
3104 374 3513 424 contemnamus

214 467 289 522 Ne
346 466 572 538 aliquid,
631 482 736 522 non
783 467 878 521 Dei
929 466 1272 521 :crnulatione
1329 464 1560 530 faciatis,
1611 461 1709 518 sed
1756 468 1813 516 ιιι

216 560 444 630 quisque
474 559 610 612 alius
641 559 906 616 videatur.

287 652 391 706 Sed
422 652 473 704 in
499 653 636 704 omni
659 651 950 706 humilitate
972 650 1260 718 superiores
1307 650 1402 706 sibi
1430 649 1646 705 invicem
1675 646 1816 702 arbi-

214 751 423 796 trantes.
466 742 524 798 Si
550 759 760 810 omnes,
793 759 821 797 a
851 744 1043 814 quibus
1075 745 1325 812 injuriam
1365 746 1621 816 patimur,
1649 752 1812 813 supe-

215 840 385 892 riores
407 851 529 892 esse
559 837 972 907 arbitraremus,
1029 839 1184 895 facile
1216 840 1528 911 patientiam
1563 853 1813 894 scrvare-

218 943 356 984 mus.
389 928 560 985 Nemo
587 930 729 985 enim
757 946 785 984 a
821 940 996 1002 patre,
1031 932 1170 990 vela
1204 932 1434 988 Domino
1465 947 1604 1001 :rgre
1627 931 1730 987 l'ert
1756 948 1814 986 se

217 1022 466 1092 injuriam
501 1035 879 1078 consecutum.

291 1116 410 1170 Non
440 1133 556 1188 qua:
586 1133 679 1170 sua
700 1127 816 1171 sunt
839 1118 1032 1187 singuli
1061 1119 1464 1178 considerantes,
1489 1113 1579 1168 sed
1624 1129 1681 1167 ea
1700 1128 1816 1184 qua:

216 1210 460 1263 aliorum.
503 1209 620 1264 Non
667 1226 787 1280 qua:
838 1210 992 1265 nobis
1042 1210 1172 1265 solis
1204 1208 1520 1278 expediunt,
1553 1205 1648 1260 sed
1694 1220 1814 1278 qua:

217 1307 341 1358 aliis
376 1314 620 1375 prositut.

293 1396 408 1451 Hoc
433 1398 566 1451 enim
592 1398 776 1450 sentite
799 1398 852 1449 in
907 1396 1044 1450 vobis
1072 1397 1212 1466 quod
1253 1403 1301 1448 et
1323 1395 1376 1447 in
1408 1391 1616 1447 Christo
1664 1389 1810 1446 Jesu.

218 1494 343 1550 Vult
373 1493 662 1549 ostendere
685 1492 983 1556 Christum,
1030 1505 1135 1544 non
1169 1505 1268 1560 pro
1312 1505 1396 1553 se,
1440 1489 1533 1543 sed
1569 1504 1665 1558 pro
1689 1487 1814 1541 aliis

217 1600 435 1655 passum
462 1604 474 1638 :
500 1585 636 1647 sive,
667 1593 774 1638 tam
805 1582 1022 1637 humilis
1050 1598 1242 1636 sensus
1271 1580 1340 1635 sit
1365 1583 1418 1635 in
1442 1583 1613 1642 vobis,
1651 1595 1813 1650 quam

217 1682 316 1733 fuit
361 1680 413 1733 in
445 1677 686 1733 Christo.
743 1676 894 1731 Multi
931 1677 1193 1746 μηνίει-οτι
1227 1675 1369 1728 hunc
1399 1675 1576 1728 lorum
1633 1673 1700 1726 ita
1735 1674 1814 1726 in-

214 1771 503 1842 telligunt,
525 1771 664 1840 quod
699 1769 998 1824 secundum
1041 1768 1374 1823 divinitatem
1406 1785 1462 1821 se
1500 1766 1818 1822 humiliave-
1849 1751 1896 1816 Β

212 1866 575 1930 ritChristus,
610 1865 910 1918 secundum
941 1862 1166 1916 {oratam
1204 1861 1478 1923 videlicet,
1513 1859 1817 1913 secundum

209 1973 372 2028 quam
402 1971 612 2027 mquam
648 1955 1011 2023 aequalitatem
1076 1953 1191 2015 Dei,
1231 1970 1335 2006 non
1371 1951 1612 2021 rapinam
1661 1966 1820 2004 usur-

207 2049 442 2119 paverit,
464 2063 620 2115 quam
638 2046 951 2099 naturaliter
976 2044 1299 2113 possidebit.
1322 2043 1383 2097 Et
1407 2043 1699 2098 exinanivit
1737 2057 1816 2106 5e,

209 2156 316 2196 non
361 2138 719 2192 substantiam
751 2152 1042 2202 ev;teuans,
1075 2135 1166 2189 sed
1208 2137 1467 2189 honorem
1491 2133 1774 2189 declinans
1808 2151 1819 2187 :

207 2233 440 2289 formam
472 2231 636 2300 servi,
672 2231 772 2284 hoc
793 2241 896 2294 est,
931 2241 1180 2284 naturam
1207 2227 1442 2282 hominis
1476 2227 1820 2282 inducenda:

206 2338 255 2382 et
320 2341 422 2396 per
462 2325 640 2378 onmia
698 2325 860 2376 homo
915 2322 1287 2377 tantummodo
1342 2333 1502 2393 atque
1553 2320 1824 2374 humilita-

216 2421 286 2475 tis
317 2435 432 2472 suae
464 2416 816 2480 obedientite,
861 2431 960 2472 nec
989 2416 1169 2470 crucis
1213 2425 1441 2469 mortem
1497 2411 1821 2468 reensando.

209 2513 363 2582 Quod
399 2517 452 2567 in
489 2511 707 2567 Christo
734 2509 884 2575 Jcsu,
929 2508 1229 2564 secundum
1274 2509 1422 2579 quod
1479 2518 1678 2562 unctus
1707 2517 1818 2569 est,

212 2609 463 2663 Christus
489 2615 572 2660 est
599 2623 612 2658 :
641 2604 798 2660 Jesus
825 2619 1020 2658 nomen
1053 2602 1266 2674 accepit
1296 2601 1436 2657 :hoc
1473 2608 1575 2668 est,
1627 2615 1822 2655 secun-

211 2701 338 2755 dum
379 2699 682 2754 hominem.

287 2795 394 2863 Qui
425 2811 541 2848 cum
575 2796 627 2847 itt
654 2794 822 2863 {arma
852 2790 946 2845 Dei
969 2800 1116 2845 esset.
1146 2787 1208 2847 ,Ιιι
1239 2804 1341 2861 qua
1365 2796 1506 2853 erat,
1540 2786 1656 2840 sive
1696 2785 1821 2856 quia

208 2888 414 2957 abSque
444 2896 671 2957 peccato
703 2894 821 2938 erat
854 2901 865 2936 :
897 2885 961 2936 ad
993 2873 1284 2952 imaginem
1317 2881 1409 2935 Dei
1438 2880 1668 2935 scilicet.

282 2982 405 3035 Non
426 2981 672 3048 rapinam
700 2980 981 3033 arbitratus
1009 2987 1081 3030 est
1134 2993 1243 3030 esse
1268 2973 1518 3046 tequalem
1555 2972 1659 3025 Deo
1690 2984 1708 3024 :
1732 2971 1821 3024 sed

208 3075 847 3148 semetipsumexinanirit
894 3072 1208 3141 Qttoderat,
1237 3071 1539 3122 lttllllllllt’tlt‘
1581 3064 1816 3120 celavit:

1917 461 2132 532 ingrati.

1990 555 2141 623 Quod
2171 565 2247 612 est
2276 573 2430 630 super
2458 573 2606 611 omne
2636 570 2842 610 nomen.
2869 552 2966 612 Cui
2999 553 3139 610 enim
3195 555 3511 626 angelorum
3587 553 3590 556 ⁴

1916 649 2070 714 dixit,
2107 649 2276 705 Filius
2306 663 2458 706 meus
2485 665 2546 706 es
2581 660 2657 704 ιιι.

1993 740 2062 796 Ut
2104 744 2157 796 in
2209 744 2410 796 nomine
2429 743 2558 797 .lesu
2597 759 2748 798 omne
2775 760 2909 818 genu
2934 744 3174 814 ﬂectatur
3211 740 3514 812 (mlestium,

1917 835 2252 890 terrestrium.
2309 836 2376 892 Ut
2403 852 2592 893 omnes
2618 837 2776 894 simul
2809 837 3080 893 hominem
3124 835 3355 892 adorent
3394 851 3516 893 cum

1919 928 2098 985 Verbo
2127 939 2488 1004 assumptum.

1991 1023 2058 1077 Et
2086 1026 2427 1096 infernarum.
2458 1026 2556 1082 ille
2579 1025 2914 1083 infernarum
2937 1025 3190 1081 custodes
3215 1024 3441 1082 inducit.

1994 1117 2057 1172 Et
2089 1121 2252 1173 omnis
2287 1120 2467 1191 lingua
2491 1121 2815 1190 conﬁteatur.
2849 1120 3103 1176 Omnium
3135 1120 3372 1193 gentiqu
3412 1124 3519 1177 sci-

1919 1208 2065 1265 licet.

1995 1302 2128 1368 Qufa
2149 1301 2401 1356 Dominus
2421 1302 2574 1359 Iesus
2593 1304 2826 1359 Christus
2849 1307 2898 1358 in
2922 1306 3089 1377 gloria
3114 1317 3184 1360 est
3209 1305 3299 1360 Dei
3321 1305 3517 1362 Patris.

1923 1397 2034 1452 Iloc
2061 1411 2164 1464 est,
2195 1398 2248 1452 in
2284 1411 2470 1454 natura
2505 1411 2552 1453 et
2587 1399 2758 1469 gloria
2805 1400 3048 1465 deitatis,
3094 1400 3221 1455 dum
3277 1402 3522 1471 ejusdem

1919 1500 2003 1545 est
2059 1492 2245 1561 gloria:
2271 1493 2426 1562 cujus
2461 1493 2640 1547 Pater.

1992 1585 2195 1658 Itaque,
2217 1588 2511 1641 cltarissimi
2532 1589 2801 1657 mei,sirut
2822 1605 3018 1658 semper
3041 1588 3305 1642 obcdistis.
3331 1587 3526 1641 Exem-

1922 1678 2009 1746 plo
2041 1679 2179 1747 t-jus,
2205 1679 2294 1750 qui
2326 1696 2496 1752 usque
2525 1680 2589 1734 ad
2616 1693 2847 1735 mortem
2883 1680 3144 1736 obedivit.

2004 1770 2190 1824 Nouin
2225 1773 2500 1842 prtcsentia
2530 1774 2628 1826 inci
2659 1782 2875 1827 tantunt.
2911 1773 3074 1842 Quasi
3107 1774 3251 1830 servi
3284 1772 3350 1827 ad
3393 1787 3525 1827 ocu-

1928 1862 2034 1914 lum
2089 1863 2415 1936 servientes.

2000 1954 2104 2007 Scd
2129 1955 2288 2008 multo
2315 1956 2481 2025 magis
2508 1971 2643 2009 nunc
2666 1957 2718 2009 in
2738 1957 2971 2012 absentia
2995 1975 3126 2012 mea.
3153 1959 3285 2026 Quia
3306 1959 3348 2012 si
3371 1957 3525 2028 quid,

1931 2062 2017 2100 me
2049 2058 2335 2118 prtesente,
2391 2047 2616 2103 liberius
2646 2049 2908 2118 agebatis,
2936 2052 3210 2120 corrigere
3257 2058 3526 2120 poterant.

1999 2138 2127 2192 Cum
2151 2151 2285 2192 metu
2328 2150 2374 2192 et
2420 2148 2637 2193 tremere
2693 2153 2909 2194 restrain
2958 2140 3176 2195 salutent
3216 2141 3527 2208 operamini.

1925 2229 2195 2286 Noncum
2227 2231 2579 2300 negligentia,
2605 2231 2699 2285 sed
2728 2233 2862 2285 sicut
2888 2232 2962 2286 ait
2982 2232 3084 2286 J-ih
3111 2248 3124 2285 :
3150 2231 3392 2287 Verebar
3414 2247 3531 2285 om-

1927 2326 2010 2377 nia
2047 2339 2209 2394 opera
2234 2337 2356 2376 mea
2391 2337 2611 2391 promer
2644 2323 2834 2390 Dauni,
2866 2325 3049 2379 sciens
3079 2323 3222 2394 quod
3249 2337 3362 2376 non
3400 2339 3529 2391 par-

1924 2431 2076 2469 ceres
2107 2415 2468 2483 delinquenti.
2503 2415 2566 2468 Et
2595 2429 2761 2484 super
2787 2417 3066 2477 limuilem,
3093 2424 3148 2470 ct
3173 2417 3441 2486 quietum,
3472 2422 3528 2470 et

1927 2519 2245 2564 trementem
2280 2508 2441 2561 verba
2473 2509 2564 2562 Dei
2598 2509 2838 2578 Spiritus
2871 2524 3089 2564 saueius
3139 2511 3455 2580 requiescit.

1999 2596 2138 2650 Deus
2170 2606 2244 2648 rel
2267 2598 2404 2650 enim
2427 2597 2514 2667 qui
2543 2608 2792 2668 aperatur
2826 2601 2879 2653 iu
2909 2602 3051 2656 vobis
3075 2611 3124 2656 et
3149 2602 3296 2666 velle,
3337 2610 3385 2656 et
3412 2618 3530 2672 per-

1925 2691 2100 2761 ﬁcere.
2141 2689 2291 2747 Velle
2326 2702 2581 2762 operatur
2612 2695 2910 2761 suadendo,
2942 2707 2994 2750 et
3025 2699 3246 2766 praemia
3299 2699 3528 2766 promit-

1927 2783 2088 2837 tendo
2129 2805 2141 2837 ;
2175 2784 2275 2852 Qui
2327 2788 2754 2852 perseveraterit
2802 2805 2970 2859 usque
3003 2791 3053 2843 in
3086 2789 3269 2854 linctn,
3303 2793 3389 2845 hic
3420 2792 3528 2844 sal.

1925 2892 2022 2930 vus
2050 2877 2174 2932 erit.
2235 2878 2501 2933 Cancrum
2553 2880 2817 2947 jcrl‘icere
2849 2891 3096 2937 nostrum
3149 2883 3392 2950 Omnino,
3427 2900 3527 2938 nee

1926 2970 2063 3023 velle
2115 2969 2403 3040 quidquam
2453 2980 2537 3025 est
2569 2990 2581 3023 :
2619 2972 2743 3042 quia
2778 2986 3067 3044 utrumque
3113 2972 3356 3044 ejusdem
3418 2973 3522 3029 loci

1935 3062 2252 3116 delinitione
2277 3073 2510 3117 tenetur.

212 3169 347 3225 dans
373 3135 535 3224 nobis
557 3167 897 3236 esetnplum,
928 3183 994 3221 ne
1025 3167 1076 3220 in
1113 3167 1194 3217 liis
1226 3163 1545 3234 gloriemur,
1573 3177 1689 3230 qua:
1718 3160 1827 3212 lor-
1854 3135 1922 3195 θ’
2009 3153 2116 3206 Pro
2145 3153 2275 3208 lana
2304 3157 2586 3210 uoluntate.
2623 3156 2678 3211 Si
2713 3157 2764 3210 in
2807 3173 2866 3213 ea
2918 3160 3198 3212 maneatis.

208 3270 349 3319 sitan
384 3281 494 3321 non
540 3263 825 3317 habemus.

279 3353 538 3410 Formam
567 3354 702 3407 servi
733 3353 1016 3424 arripiens.
1067 3347 1146 3404 lla
1179 3356 1236 3403 ιιι
1264 3346 1428 3404 etiam
1470 3342 1638 3416 pedes
1685 3344 1828 3399 lava-

207 3461 284 3505 ret
315 3446 738 3517 discipulorum.

283 3541 350 3596 In
393 3539 788 3595 similitudinem
816 3536 1084 3590 hominum
1107 3534 1300 3604 factus.
1327 3529 1600 3585 Interdum
1633 3526 1828 3582 simili-

213 3635 346 3690 tudo
369 3634 571 3703 recipit
600 3632 886 3687 vcritatent
919 3647 934 3683 :
971 3645 1093 3682 nam
1125 3627 1317 3698 genuit
1348 3625 1518 3679 Adam
1553 3622 1829 3676 liliumse—

211 3729 456 3785 eundum
484 3728 774 3794 imaginem
808 3737 862 3780 et
891 3722 1309 3778 similitudinem
1337 3735 1514 3782 suam,
1542 3729 1593 3772 et
1618 3715 1828 3771 vocavit

213 3837 416 3877 nomen
453 3821 574 3890 ejus
605 3817 834 3874 Setlt.ln
856 3815 1215 3871 similitudine
1238 3811 1495 3879 humana,
1523 3807 1828 3863 humilitate

209 3914 536 3979 serviendo,
580 3927 702 3966 cum
729 3909 967 3964 omnium
1006 3907 1268 3962 Dominus
1297 3913 1464 3958 esset.

285 4007 350 4062 Et
372 4005 814 4060 Itabituinrentus
842 4010 898 4053 ut
928 4000 1104 4052 homo.
1150 3997 1263 4051 Hoc
1295 4009 1354 4048 ιιι
1383 4007 1570 4047 verum
1599 3991 1690 4054 sit,
1719 3991 1827 4044 sic-

209 4109 268 4154 ut
299 4096 463 4168 quasi
497 4112 568 4149 un
593 4093 767 4164 geniti
800 4108 828 4145 a
860 4091 1044 4151 Patre,
1070 4092 1139 4143 ita
1171 4084 1607 4156 intelligendum.

283 4184 620 4244 Humiliavit
673 4184 1006 4254 semetipsum
1038 4183 1207 4253 factus
1254 4179 1492 4233 obediens
1553 4192 1709 4243 usque
1763 4175 1830 4226 ad

209 4292 464 4337 mortem.
516 4277 582 4333 Ut
634 4276 788 4330 nobis
828 4273 1084 4346 perlecttc
1128 4270 1452 4327 obedientire
1503 4275 1832 4323 monstraret

211 4375 562 4443 t‘Xl-‘ﬂlplum.

289 4468 525 4522 Mortem
553 4474 721 4520 autem
749 4464 934 4518 crucis.
964 4462 1077 4530 Qua
1127 4461 1270 4517 nulla
1303 4474 1446 4514 mors
1487 4463 1669 4528 potest
1708 4468 1831 4510 esse

213 4561 489 4618 deterior.

289 4653 530 4725 PrOpter
559 4651 760 4723 quodet
783 4648 926 4706 Deus
956 4651 1198 4705 exultat-it
1229 4649 1398 4711 illum,
1433 4659 1482 4704 et
1505 4650 1714 4704 donavit
1753 4651 1831 4705 illi

216 4772 426 4812 nomen.
465 4755 604 4822 Quia
632 4769 690 4809 se
720 4761 1028 4823 assumptus
1056 4751 1216 4806 homo
1265 4750 1549 4805 humiliore
1577 4752 1828 4821 dignatus

218 4867 324 4922 est,
362 4855 628 4912 divinitas
658 4871 775 4925 qua!
803 4853 1074 4908 humiliari
1107 4870 1210 4907 non
1238 4861 1437 4922 potest,
1462 4869 1583 4908 eum
1611 4855 1699 4924 qui
1734 4853 1831 4907 ltu-

221 4960 464 5016 niiliattts
494 4960 694 5025 fuerat,
728 4945 1006 5013 exultavit.
1033 4955 1138 5009 Sed
1167 4967 1220 5010 et
1246 4954 1593 5008 illidonatum
1627 4964 1709 5010 est
1737 4971 1830 5009 no-

221 5079 370 5128 men,
407 5061 534 5133 quia
569 5071 693 5114 ante
725 5074 830 5114 non
857 5059 1043 5114 habuit
1079 5057 1261 5112 :uude
1295 5057 1494 5111 rcetius
1544 5058 1693 5113 locus
1743 5057 1830 5112 hic

222 5162 533 5219 secundum
558 5160 845 5217 humanam
864 5171 1108 5215 naturam
1136 5158 1521 5228 intelligendus
1544 5170 1646 5226 εει,
1671 5174 1828 5229 quam

223 5265 492 5318 divinam.
547 5263 603 5316 Si
636 5277 764 5332 ergo
815 5277 914 5317 nos
952 5277 1018 5316 ex
1046 5260 1158 5314 alto
1189 5259 1533 5328 respicimus,
1585 5262 1831 5329 exemplo

219 5366 432 5422 Christi
467 5363 733 5420 fratribus
762 5365 1081 5418 serviamus.
1114 5362 1170 5417 Si
1194 5363 1340 5417 enim
1366 5362 1456 5416 ille
1491 5361 1751 5416 Dominus
1779 5373 1828 5416 et

227 5471 521 5540 magister,
578 5468 751 5522 servis
801 5475 854 5522 et
907 5465 1190 5536 discipulis
1235 5465 1606 5521 ministravit:
1637 5475 1836 5536 quanto

228 5573 403 5642 magis
436 5585 540 5624 nos
566 5569 865 5639 aequalibus
904 5580 958 5623 et
983 5568 1278 5637 majoribus
1302 5571 1510 5624 servire
1556 5569 1838 5635 debemus,

226 5684 281 5728 et
311 5673 426 5727 Dea
461 5682 518 5725 et
544 5671 752 5725 sanctis
783 5670 900 5740 ejus
927 5685 1094 5740 usque
1123 5671 1186 5724 :ul
1238 5681 1468 5726 mortem
1499 5672 1661 5726 etiam
1708 5671 1842 5726 obe-

229 5775 352 5831 dire
381 5775 397 5830 ι
429 5789 499 5829 ne
529 5774 850 5844 magistrum
882 5771 1139 5827 humilem
1187 5772 1403 5843 superbi
1435 5772 1685 5843 discipuli
1735 5787 1845 5828 non

2007 3246 2200 3300 Omnia
2230 3259 2400 3303 autent
2447 3251 2603 3320 facite
2630 3250 2740 3305 sine
2780 3251 3292 3306 murmurationibus.
3345 3251 3531 3323 Ingra-

1931 3349 2018 3395 tus
2037 3350 2119 3395 est
2157 3356 2370 3405 servus,
2403 3345 2494 3411 qtti
2525 3343 2710 3412 gravia
2759 3343 2963 3398 domini
2998 3344 3080 3398 sui
3115 3344 3355 3414 queritur
3406 3361 3530 3401 esse

1931 3445 2222 3502 praecepta.
2255 3432 2359 3500 Qui
2383 3433 2524 3487 enim
2560 3443 2864 3488 murmurat
2893 3435 2958 3489 de
2980 3438 3286 3506 praeceptis,
3316 3436 3526 3494 dubitat

1932 3525 1998 3581 de
2030 3526 2289 3596 praemiis.
2318 3525 2414 3579 llic
2440 3525 2600 3580 etiam
2633 3525 2678 3579 si
2709 3538 2987 3595 operatur,
3011 3542 3117 3584 non
3146 3540 3230 3584 est
3251 3531 3370 3585 sine
3395 3546 3529 3600 que-

1931 3618 2066 3672 rela.
2084 3616 2236 3672 Unde
2249 3616 2377 3670 alibi
2393 3617 2468 3671 ait
2484 3634 2498 3671 :
2513 3631 2611 3672 nec
2625 3621 3113 3688 murmuraveritis,
3126 3630 3182 3677 et
3195 3632 3414 3678 cmtera.

2004 3707 2072 3761 Et
2095 3707 2526 3764 haesitationibus.
2551 3709 2629 3765 De
2661 3710 2912 3766 mercede
2939 3711 3139 3768 futura.

2009 3801 2076 3856 Ut
2110 3802 2222 3857 sitis
2249 3803 2363 3856 sine
2389 3801 2620 3874 querela,
2647 3813 2696 3857 et
2725 3804 2985 3874 simplices
3013 3804 3116 3876 ﬁlii
3161 3805 3256 3864 Dei
3292 3809 3403 3864 sine
3450 3827 3532 3865 re-

1933 3892 2292 3964 prehensione.
2327 3895 2481 3950 Sicut
2511 3895 2653 3950 Deus
2687 3911 2781 3950 vos
2815 3898 2957 3952 fecit.
2989 3898 3348 3956 Considerate
3374 3902 3531 3972 cujus

1934 3986 2027 4040 lilii
2059 3987 2214 4040 sitis:
2248 3985 2340 4057 qui
2369 4001 2490 4041 cum
2516 3989 2568 4041 in
2593 3988 2846 4044 omnibus
2873 4001 3092 4047 sanettts
3124 4007 3187 4048 ac
3211 4008 3376 4063 purus
3428 3997 3532 4064 sit,

1932 4079 2074 4136 ﬁlios
2101 4095 2206 4135 non
2235 4088 2422 4151 potest
2447 4079 2656 4138 habere
2700 4081 3021 4153 degeneres.

2007 4172 2072 4227 In
2097 4173 2266 4228 medio
2298 4175 2524 4228 nationis
2567 4191 2740 4245 praete
2773 4187 2924 4247 atque
2952 4194 3223 4250 pereersre.
3254 4177 3384 4244 Quae
3413 4193 3535 4232 om-

1935 4280 2056 4321 nem
2075 4265 2412 4320 rationabilis
2429 4277 2635 4321 naturzc
2651 4269 2912 4338 pervertit
2926 4269 3193 4331 ordinem,
3211 4278 3260 4324 el
3278 4269 3530 4338 perd'dit.

2007 4357 2154 4414 Inter
2180 4375 2306 4430 quos
2337 4361 2517 4415 lucetis
2543 4362 2677 4416 sicut
2701 4362 2980 4416 luminaria
3001 4362 3054 4416 in
3082 4362 3298 4416 mundo.
3331 4361 3423 4416 Sic
3447 4363 3532 4417 lu-

1934 4461 2057 4508 ceat
2105 4453 2198 4507 Dei
2246 4467 2416 4522 genus
2474 4455 2525 4508 in
2585 4470 2785 4526 genere
2837 4456 3108 4522 humano,
3154 4455 3296 4510 sicut
3343 4455 3419 4509 sol
3475 4467 3532 4513 et

1859 4524 1911 4585 D
1938 4547 2060 4601 luna
2108 4546 2418 4601 illuminant
2450 4548 2732 4602 mundum.

2016 4645 2235 4701 Verbum
2262 4649 2376 4704 ttin
2403 4651 2740 4703 continentes.
2771 4647 2838 4704 Ut
2868 4664 2965 4719 per
2995 4663 3091 4704 vos
3117 4647 3524 4723 illuminentur,

1933 4767 1987 4815 et
2011 4757 2263 4828 exemplo
2303 4758 2717 4813 conﬁrmentur.

2008 4861 2088 4914 Ad
2117 4859 2336 4932 gloriam
2371 4876 2552 4913 meam.
2597 4859 2779 4915 Gloria
2835 4859 3004 4932 patris
3047 4861 3280 4918 ﬁliorum
3312 4872 3425 4931 est,
3467 4875 3526 4922 ut

1936 4964 2009 5019 ait
2057 4963 2336 5017 Salomon.

2005 5061 2071 5116 In
2101 5061 2184 5116 die
2211 5059 2424 5115 Christi.
2475 5059 2530 5114 lu
2572 5059 2658 5116 die
2701 5059 2915 5130 judicii.

2009 5163 2143 5230 Quia
2182 5178 2284 5216 non
2308 5162 2360 5215 in
2387 5177 2603 5216 uacuum
2631 5165 2855 5231 cucurri,
2887 5180 3052 5236 neque
3079 5165 3132 5220 in
3157 5183 3370 5222 vacuum
3393 5169 3536 5224 labo-

1932 5267 2061 5322 rari.
2088 5265 2190 5335 Qui
2222 5265 2381 5321 talem
2412 5265 2523 5321 Deo
2557 5267 2813 5336 populum
2841 5268 3120 5334 acquisivi.

2007 5366 2115 5422 Sed
2143 5368 2234 5421 etsi
2261 5367 2498 5424 immolor
2521 5383 2678 5438 supra
2698 5367 3013 5435 sacriﬁcium
3033 5377 3082 5423 et
3108 5368 3402 5440 obsequium
3422 5370 3543 5438 [iilei

1935 5476 2134 5533 vestrm,
2182 5467 2378 5537 gaudeo
2405 5475 2452 5521 et
2482 5465 2812 5538 congratulor
2839 5467 3070 5521 omnibus
3091 5467 3255 5522 vobis.
3301 5468 3536 5525 Etiamsi

1943 5566 2151 5622 occidat
2177 5584 2190 5620 :
2224 5569 2346 5636 quia
2375 5567 2695 5622 sacriﬁcium
2717 5577 2771 5622 et
2790 5568 3109 5638 obsequium
3164 5568 3284 5624 lidei
3340 5580 3538 5628 vestra:

1944 5667 2143 5724 obtulit
2171 5668 2319 5724 Deo:
2351 5669 2517 5724 vincit
2543 5668 2823 5738 prolectus
2874 5673 3043 5726 vestri
3083 5671 3335 5742 gaudium
3379 5674 3548 5730 tristi-

1952 5771 2086 5829 tiam
2130 5784 2326 5841 pcente,
2357 5771 2442 5827 vel
2471 5770 2688 5827 mortis.
2720 5770 2846 5830 Sive
2871 5789 2888 5833 ι
2916 5772 3033 5831 iam
3067 5789 3174 5831 non
3203 5775 3368 5830 timeo
3415 5780 3554 5834 mori
