4008 6188
497 221 603 281 84⁵1

1525 213 1583 269 S.
1628 207 2009 271 lllERONYbll
2049 203 2332 266 OPERUU
2374 204 2740 265 MANTISSA.

3692 199 3800 259 848

493 338 768 396 sacriﬁcio
799 337 922 394 ﬁdei
951 341 1148 392 vestra:
1178 336 1556 386 consummato
1587 343 1601 378 :
1626 326 1741 382 sive
1793 325 1921 397 quia
1961 321 2086 378 ﬁdei
2113 323 2163 384 Α
2191 324 2281 394 qui
2312 332 2496 379 vester
2527 330 2614 378 est
2638 321 2853 385 doctor,
2885 318 2979 377 sed
3001 327 3057 377 et
3081 331 3295 389 omnes,
3324 317 3418 392 qui
3449 316 3576 376 talis
3604 317 3799 389 gratiae

499 440 699 488 vestra:
737 427 1063 487 ministravi.

570 523 815 594 Idipsum
853 529 1025 574 autem
1055 526 1100 572 et
1143 531 1230 570 vos
1261 513 1502 585 gaudete,
1548 521 1597 567 et
1652 505 2096 581 congratulamiui

499 615 649 670 mihi.
675 612 808 680 Quia
836 609 974 666 mihi
1005 606 1211 679 grande
1245 606 1528 676 prmmium
1558 613 1643 660 est
1687 618 1788 674 pro
1817 600 1974 656 vobis
2004 612 2097 654 oc-

499 707 607 763 cidi
638 725 649 760 :
684 706 797 761 sive
819 703 942 774 quia
978 700 1113 756 mihi
1139 698 1364 768 expedit
1389 698 1557 753 solvi.

567 796 934 868 Spero:autem
972 794 1026 846 in
1073 790 1303 845 Domino
1333 788 1463 844 Jesu
1492 786 1819 842 Timotheum
1868 801 1948 839 me
1993 783 2096 838 cito

498 890 704 944 mittere
729 887 797 940 ad
830 902 938 940 vos.
974 884 1077 938 Dat
1105 882 1420 951 exemplum
1458 895 1564 936 non
1596 880 1788 934 limere
1836 875 1964 948 quid
1995 874 2096 930 de-

409 1019 414 1024 -
495 980 748 1046 ﬁniendi,
781 977 874 1035 sed
899 976 1080 1032 omnia
1114 990 1211 1045 spe
1242 972 1457 1029 Domini
1489 969 1869 1043 promittendi.

576 1072 645 1129 Ut
673 1081 720 1128 et
746 1088 840 1145 ego
879 1070 1012 1124 bono
1044 1069 1221 1122 animo
1249 1068 1370 1133 sim,
1398 1065 1619 1138 cognitis
1660 1078 1775 1133 quia
1824 1061 1962 1116 circa
2007 1073 2098 1113 vos

497 1177 641 1225 sunt.
696 1166 768 1223 Ut
807 1165 1015 1232 sciatis,
1067 1163 1192 1235 quia
1221 1177 1319 1218 vos
1363 1175 1502 1216 mea:
1541 1157 1826 1230 passiones
1871 1152 2098 1210 minime

497 1269 833 1320 terruerunt.

570 1355 848 1410 Neminem
873 1355 1010 1407 enim
1045 1351 1208 1405 habeo
1235 1358 1340 1402 tam
1381 1347 1707 1412 unanimem,
1752 1342 1839 1414 qui
1892 1341 2096 1395 sincera

497 1452 910 1521 a/I'ectione.pro
941 1447 1084 1501 vobis
1112 1443 1372 1500 sollicitus
1393 1442 1480 1496 sit.
1515 1439 1618 1508 Qui
1649 1439 1721 1494 ita
1755 1451 1969 1492 tnecum
1997 1447 2097 1506 pro

499 1543 743 1600 omnium
777 1552 1022 1595 vestrum
1064 1539 1240 1592 salute
1268 1534 1540 1590 sollicitus
1569 1533 1660 1586 sit.

570 1635 761 1690 Omnes
793 1633 930 1686 enim
960 1645 1077 1701 qua:
1101 1645 1194 1683 sua
1225 1636 1364 1694 sunt,
1398 1632 1663 1697 quierunt.
1709 1616 2092 1685 Commodum,

496 1729 586 1786 vel
613 1728 877 1798 quietem,
909 1724 1160 1778 nolentes
1196 1737 1293 1789 pro
1325 1717 1504 1774 anima
1544 1713 1820 1770 tribulari.

571 1817 696 1873 Non
726 1831 844 1887 qute
874 1812 1001 1869 Jesu
1043 1810 1257 1867 Christi.
1309 1809 1428 1865 Non
1459 1819 1715 1864 curantes
1742 1805 1812 1861 de
1842 1816 2094 1874 corpore,

497 1911 583 1968 vel
613 1907 869 1978 exemplo
895 1905 1124 1972 Christi,
1163 1904 1254 1975 qui
1290 1918 1391 1974 pro
1433 1902 1680 1957 omnium
1725 1897 1904 1955 salute
1958 1895 2098 1951 mori

499 2004 724 2061 minime
751 1999 1047 2056 recusavit.

570 2094 998 2167 Experimentttm
1040 2099 1214 2145 autem
1264 2092 1380 2163 ejus
1443 2085 1758 2160 cognoscite.
1806 2082 1879 2140 Ut
1919 2079 2096 2154 qualis

499 2192 594 2260 sit,
626 2185 910 2245 noveritis.

571 2285 834 2351 Quoniam
855 2282 988 2337 sicut
1023 2279 1160 2352 patri
1197 2279 1360 2348 ﬁlius,
1388 2292 1591 2332 mecum
1612 2274 1819 2330 servivit
1846 2273 1900 2327 in
1929 2271 2103 2325 Eran-

497 2377 654 2447 gelio.
707 2372 1021 2432 Secundum
1052 2371 1356 2438 hominem,
1391 2379 1610 2441 propter
1642 2367 1894 2423 homines
1925 2364 2102 2420 iactus

499 2468 764 2525 obcdiens
793 2483 962 2537 usque
991 2464 1061 2520 ad
1092 2472 1347 2518 tnorlem.

568 2562 726 2618 Hunc
749 2562 910 2633 igitur
939 2576 1090 2632 spero
1124 2574 1203 2612 me
1233 2558 1435 2612 mittere
1465 2556 1533 2610 ad
1557 2573 1643 2611 ros
1671 2571 1793 2610 mox
1814 2563 1869 2608 ut
1898 2553 2098 2620 uidero,

498 2671 616 2726 quae
647 2657 786 2709 circa
818 2671 896 2708 me
923 2661 1067 2706 sunt.
1099 2651 1258 2715 Modo
1287 2651 1433 2706 enim
1472 2654 1711 2706 incertus
1741 2664 1884 2704 sum.

580 2748 798 2816 Conﬁdo
857 2755 1027 2800 autem
1054 2746 1108 2798 in
1141 2743 1385 2812 Domino,
1411 2744 1663 2814 quoniam
1690 2752 1738 2799 et
1765 2743 1874 2814 ipse
1899 2743 2102 2798 veniam

503 2843 571 2896 ad
596 2857 682 2894 ros
713 2840 835 2893 cito.
883 2839 998 2892 Non
1038 2838 1213 2892 solum
1269 2838 1421 2894 illum
1467 2825 1648 2906 mitto,
1677 2853 1839 2909 quem
1881 2837 2102 2893 unicnm

501 2935 678 2989 habeo
709 2931 984 2988 solatium.

574 3025 945 3082 Necessarium
981 3032 1154 3077 autem
1207 3025 1496 3079 existimavi
1532 3024 1956 3096 Epaphroditum
1985 3025 2100 3098 fra-

2198 425 2346 482 Sunt,
2378 416 2664 470 honorate.

2275 509 2533 576 Quoniam
2560 516 2772 580 prapter
2793 522 2920 580 apus
2943 504 3138 562 Christi
3159 523 3317 578 usque
3353 505 3426 560 ad
3465 513 3687 560 mortem
3713 521 3798 560 ao-

2199 602 2368 658 cessit.
2402 601 2506 670 Qui
2537 601 2669 656 mihi
2701 615 2807 656 non
2839 599 3020 655 timuit
3043 599 3097 654 iu
3128 614 3353 656 carcere
3384 599 3729 655 ministrare.

2271 693 2500 749 Tradens
2525 694 2754 748 animam
2781 709 2950 749 suam.
2977 691 3036 749 In
3059 691 3624 765 manusinimicorum
3652 707 3669 748 :
3700 691 3798 747 hcc

2198 798 2282 847 est
2302 797 2523 860 paratus
2549 787 2614 843 ad
2649 797 2902 844 mortem.

2275 882 2344 938 Ut
2366 881 2601 954 impleret
2628 882 2684 936 id
2712 881 2851 952 quod
2871 897 2936 938 ea:
2955 881 3096 937 vobis
3115 882 3290 937 deerat
3309 897 3432 951 ergo
3459 895 3631 935 meum
3651 879 3798 934 obse-

2199 975 2398 1048 quium.
2431 975 2503 1032 Ut
2533 975 2798 1048 reliquum
2839 985 3077 1033 vestrum
3101 989 3228 1046 erga
3257 989 3343 1031 me
3369 973 3524 1030 solus
3551 972 3802 1045 impleret

2199 1066 2544 1139 obsequium.

2818 1136 3049 1195 CAPUT
3089 1137 3181 1194 Ill.

2272 1251 2352 1307 De
2372 1260 2576 1319 ccetero,
2610 1253 2800 1324 fratres
2825 1252 2948 1318 mei,
2978 1253 3199 1325 gaudete
3225 1252 3281 1307 in
3310 1249 3559 1307 Domino.

2271 1345 2388 1402 Non
2415 1347 2470 1401 in
2500 1346 2663 1402 rebus
2691 1346 2974 1415 humanis,
3020 1347 3106 1403 vel
3138 1348 3193 1404 in
3220 1346 3406 1419 aliquo
3433 1356 3798 1422 przeterquam

2200 1439 2254 1496 in
2291 1440 2521 1496 Domino
2547 1439 2852 1512 gaudeatis.

2273 1531 2476 1588 Eadem
2504 1534 2643 1589 vobis
2665 1535 2890 1591 scribere
2912 1534 3044 1590 ntihi
3075 1536 3282 1608 quidem
3309 1553 3415 1592 non
3443 1537 3661 1610 pigrum.
3688 1535 3798 1592 Ea-

2199 1626 2322 1684 dem
2351 1637 2624 1700 repetere,
2657 1644 2776 1699 qua:
2801 1643 3043 1699 praesens
3063 1629 3330 1686 dixeram.

2124 1721 2174 1782 B
2275 1719 2432 1774 Vobis
2457 1730 2632 1775 autem
2667 1721 3032 1778 necessarium.
3067 1719 3222 1779 Sicut
3264 1721 3428 1778 horto
3455 1720 3704 1779 crebrius
3730 1721 3805 1777 ir‘

2202 1829 2390 1884 rigari.

2281 1906 2465 1961 Videte
2485 1923 2659 1963 canes.
2688 1907 2790 1964 l-lic
2811 1916 3000 1965 contra
3025 1908 3481 1981 pseudoapstolos
3505 1909 3586 1966 ait
3605 1906 3802 1966 Christi

2203 1997 2558 2070 Evangelium
2583 2000 2908 2057 lacerantes.
3749 2036 3762 2082 π

2281 2091 2464 2148 Videte
2489 2091 2653 2148 malos
2685 2094 2974 2161 operarios.
3007 2092 3110 2162 Qui
3155 2091 3300 2164 quod
3339 2107 3439 2148 nos
3485 2090 3631 2149 bene
3669 2083 3802 2148 cott-

2202 2184 2522 2251 struximus,
2555 2184 2840 2240 destruere
2867 2194 3160 2241 conantur.

2281 2277 2463 2333 Videte
2505 2279 2875 2333 concisionem.
2907 2276 3166 2336 Concisio
3196 2278 3344 2335 enim
3387 2278 3595 2350 potius,
3644 2291 3804 2350 quam

2203 2371 2548 2430 circumcisio
2577 2380 2708 2426 sunt
2733 2370 2972 2428 dicendi.

2278 2466 2392 2522 Nos
2421 2465 2560 2520 enim
2602 2481 2780 2519 sumus
2825 2465 3166 2533 circumcisio,
3203 2466 3306 2536 qui.
3330 2464 3521 2535 spiritu
3556 2463 3807 2519 servimus

2207 2561 2337 2616 Deo.
2369 2559 2479 2616 Nos
2509 2575 2700 2615 sumus
2739 2559 2842 2614 viri
2887 2558 3084 2623 Judaei,
3116 2560 3208 2632 qui
3245 2574 3354 2616 non
3385 2557 3545 2615 unius
3578 2555 3807 2614 membri

2207 2653 2423 2724 pellem.
2457 2650 2551 2707 sed
2585 2652 2750 2707 totius
2775 2652 2961 2708 carnis
2988 2651 3116 2707 vitia
3144 2660 3513 2724 amputamus,
3549 2652 3810 2724 spiritua-

2205 2745 2331 2800 liter
2354 2744 2564 2800 scilicet
2586 2743 2916 2800 circumcisi.

2280 2833 2347 2889 Et
2375 2835 2662 2907 gloriantur
2691 2835 2744 2888 in
2773 2833 2978 2890 Christo
3004 2835 3134 2890 Iesu
3156 2851 3177 2890 :
3205 2844 3255 2890 et
3276 2851 3380 2890 non
3406 2835 3462 2890 in
3481 2851 3643 2890 carne
3669 2835 3810 2906 ﬁdu-

2205 2929 2340 2983 ciam
2371 2927 2631 2981 habentes.
2675 2925 2734 2981 In
2760 2926 2878 2982 sola
2906 2926 3014 2984 ﬁde
3033 2928 3263 2994 Christi,
3298 2943 3405 2984 non
3435 2928 3490 2984 in
3520 2929 3783 2986 circumci

2204 3020 2358 3075 sione
2387 3020 2614 3074 carnali.

499 3131 650 3186 trem,
693 3130 740 3173 et
786 3127 1200 3191 cooperatorcm.
1243 3116 1625 3173 Necessarium
1658 3121 1813 3176 vobis
1865 3132 1923 3177 et
1969 3136 2099 3178 coo—
2125 3113 2169 3175 C
2281 3113 2609 3184 Quamquam
2639 3121 2687 3168 et
2725 3130 2818 3188 ego
2848 3112 3066 3168 habeam
3117 3113 3486 3184 conﬁdentiam
3533 3113 3589 3169 in
3633 3131 3807 3170 carne.

501 3221 812 3286 pcratorem
847 3223 1069 3283 propter
1117 3212 1406 3282 Evangelii
1437 3228 1596 3280 opus.
1986 3286 1988 3288 _

577 3305 646 3362 Et
691 3306 1100 3361 commilitonem
1141 3321 1333 3370 meum,
1399 3314 1624 3360 vestrum
1671 3316 1847 3362 autem
1898 3318 2103 3380 aposto-

503 3401 634 3457 lum.
687 3399 998 3455 Commilito
1048 3406 1273 3468 propter
1319 3398 1581 3454 honorem
1632 3417 1646 3454 :
1705 3400 1831 3472 quia
1882 3411 1937 3457 et
1987 3402 2104 3473 ipse

503 3501 792 3563 acceperat
818 3491 870 3546 in
902 3491 1008 3545 illis
1039 3489 1379 3560 apostolatus
1410 3489 1672 3548 ofﬁcium.

579 3583 645 3637 Et
705 3584 998 3637 ministrum
1046 3583 1366 3637 necessitatis
1413 3599 1540 3637 nica:
1596 3585 1801 3640 mittere
1869 3586 1939 3641 ad
1995 3602 2102 3641 ros.

509 3676 644 3743 Quia
677 3676 818 3728 venit
853 3690 986 3728 me.c
1018 3675 1331 3729 necessitati
1371 3674 1684 3732 ministrare
1712 3693 1812 3750 pro
1833 3677 2014 3734 vobis.

582 3768 840 3834 Quoniam
879 3766 1088 3834 quidem
1122 3782 1297 3820 omnes
1345 3783 1432 3821 vos
1463 3768 1817 3824 desiderabat.
1854 3769 2106 3826 Charita-

511 3871 619 3917 tem
665 3859 786 3929 ejus
830 3856 970 3912 circa
1025 3857 1148 3912 illos
1199 3858 1488 3913 sollicitam
1535 3862 1911 3931 commendat,
1953 3872 2014 3920 ut
2052 3873 2108 3920 et

514 3955 630 4025 ipse
659 3949 725 4005 ab
754 3948 834 4004 eis
861 3948 1094 4017 amplius
1125 3948 1405 4018 diligatur.

583 4042 650 4098 Et
690 4049 905 4096 maestus
955 4049 1087 4106 erat,
1136 4049 1409 4110 prapterea
1454 4045 1594 4114 quod
1633 4045 1918 4102 audieratis
1955 4047 2106 4102 illum

510 4137 857 4206 inﬁrmatam.
913 4131 1176 4187 Tristitia:
1220 4143 1420 4188 vestrm
1469 4151 1635 4191 causa
1689 4151 1920 4194 incestus
1963 4151 2102 4210 erat,

512 4244 576 4284 eo
599 4226 742 4298 quod
788 4241 884 4282 vos
931 4239 1027 4296 per
1059 4223 1392 4281 inﬁrmitatis
1441 4242 1556 4283 sua:
1587 4229 1837 4285 nuntium
1880 4241 2108 4301 paveret

511 4321 735 4376 nimium
762 4318 1140 4375 contristatos.

584 4414 725 4469 Nam
751 4424 796 4468 et
832 4412 1126 4482 inﬁrmatus
1164 4421 1240 4468 est
1283 4430 1442 4485 usque
1469 4415 1536 4471 ad
1564 4419 1936 4487 ntortetn,.sed
1961 4417 2107 4476 Deus

2205 3205 2282 3262 Ne
2310 3208 2430 3277 quis
2454 3216 2605 3276 putet
2631 3223 2717 3262 me
2746 3207 2848 3263 hoc
2872 3207 2997 3262 ideo
3029 3205 3235 3273 dicere,
3265 3206 3388 3278 quia
3413 3222 3515 3278 ego
3536 3207 3809 3279 gloriandi

2205 3315 2422 3355 causam
2456 3315 2562 3355 non
2595 3299 2847 3368 habeam,
2879 3309 2934 3356 et
2963 3300 3172 3355 idcirco
3204 3315 3310 3356 non
3339 3300 3561 3372 glorier.

2281 3390 2339 3446 Si
2369 3392 2486 3461 quis
2513 3392 2649 3445 alius
2689 3391 2894 3446 videtur
2921 3391 3183 3460 conﬁdere
3212 3393 3267 3444 in
3306 3408 3481 3458 carne,
3523 3409 3620 3464 ego
3651 3393 3812 3466 magis

2206 3485 2540 3538 circumcisus
2573 3494 2752 3538 octavo
2795 3485 2901 3550 die,
2935 3495 2983 3538 et
3026 3501 3091 3538 ea!
3129 3500 3314 3556 genere
3343 3483 3537 3540 Israel.
3575 3485 3716 3552 Quia
3745 3499 3808 3540 ex

2207 3578 2316 3633 illis
2349 3577 2488 3632 forte
2519 3577 2686 3648 aliqui
2714 3586 2872 3632 erant
2919 3577 3215 3654 proselytt:
3249 3593 3353 3651 ego
3381 3578 3684 3636 secundum
3723 3594 3812 3650 ge-

2209 3683 2331 3734 nus,
2363 3685 2468 3724 non
2504 3677 2625 3738 post
2653 3684 2849 3733 annos,
2882 3679 2943 3724 ut
2971 3669 3136 3740 aliqui
3171 3671 3470 3742 peregrini.

2281 3762 2360 3816 De
2390 3763 2524 3818 tribu
2552 3762 2850 3836 Benjamin.
2869 3764 3001 3832 Quae
3033 3778 3252 3835 semper
3279 3780 3401 3819 cum
3423 3763 3560 3820 Juda
3589 3765 3812 3836 conjun-

2209 3865 2295 3912 cla
2328 3855 2446 3910 fuit.

2283 3951 2538 4008 Hebraeus
2568 3971 2631 4009 ea:
2658 3954 2913 4010 Hebraeis.
2948 3954 3071 4010 Non
3094 3970 3157 4009 ex
3190 3953 3440 4025 gentibus
3481 3955 3809 4028 proselytus.

2284 4045 2588 4100 Secundum
2613 4048 2778 4120 legem
2799 4046 3108 4119 pharisaeus.
3133 4045 3534 4117 Legisperitus,
3564 4048 3651 4104 vel
3675 4047 3810 4104 divio

2210 4149 2306 4192 sus
2328 4152 2360 4190 a
2388 4139 2567 4208 turba,
2605 4140 2697 4208 qui
2730 4155 2838 4194 non
2884 4155 3104 4212 possem
3135 4153 3296 4210 posse
3323 4140 3468 4209 quod
3500 4139 3810 4210 probarem.

2285 4228 2583 4285 Secundum
2611 4232 2989 4286 cumulationem
3015 4247 3322 4304 persequens
3353 4228 3646 4286 Ecclesium
3688 4230 3810 4288 Dei.

2213 4320 2442 4378 Tantam
2468 4323 2630 4378 habui
2653 4324 3082 4395 aemulationem,
3107 4334 3165 4381 ut
3193 4325 3410 4382 nescius
3440 4325 3598 4381 etiam
3619 4321 3814 4380 Eccle-

2212 4413 2346 4469 siam
2375 4414 2707 4472 inseetarcr.

513 4506 754 4561 misertus
802 4513 876 4560 est
926 4507 1061 4577 ejus.
1123 4503 1194 4560 Ut
1244 4507 1508 4577 majorem
1579 4508 1830 4567 docendo
1889 4511 2108 4583 colligat
2137 4498 2188 4559 ι)
2287 4506 2587 4562 Secundum
2605 4510 2888 4580 justitiam,
2919 4526 3036 4582 qua:
3079 4511 3134 4566 in
3161 4511 3272 4583 lege
3300 4521 3396 4566 est.
3423 4509 3638 4566 Primus
3659 4508 3730 4565 fui
3759 4509 3810 4565 in

514 4598 773 4654 fructum.

586 4696 709 4752 Non
737 4695 907 4751 solum
958 4705 1131 4749 autem
1177 4698 1312 4768 ejus,
1363 4714 1542 4753 verum
1589 4700 1742 4780 etiam
1782 4713 1830 4758 et
1877 4704 1998 4774 mei,
2051 4723 2117 4764 ne

510 4799 774 4854 tristitiam
847 4813 1006 4865 super
1063 4798 1330 4852 tristitiam
1391 4801 1653 4859 haberem.
1703 4805 1781 4863 ΝΘ
1833 4808 2114 4866 tristitiam

515 4899 756 4954 carceris
786 4897 1011 4952 tristitia
1045 4897 1400 4956 desolationis
1423 4917 1663 4976 augeret.

587 4997 947 5055 chtinautius
999 5017 1121 5072 ergo
1167 5002 1286 5056 misi
1308 5003 1480 5073 illttnt,
1521 5016 1572 5061 ut
1602 5010 1710 5064 viso
1762 5011 1876 5079 illo,
1931 5012 2118 5070 iterum

515 5102 808 5178 gaudeatis.
867 5101 971 5157 Pro
997 5101 1152 5171 cujus
1182 5103 1426 5160 absentia
1455 5108 1579 5164 novi
1609 5127 1711 5165 vos
1739 5115 2077 5172 contristari.

583 5205 652 5261 Et
680 5221 775 5278 ego
805 5204 914 5258 sine
944 5203 1153 5258 tristitia
1181 5205 1298 5260 sim.
1324 5205 1496 5273 Quam
1522 5211 1655 5266 mihi
1685 5224 1869 5271 vestra
1900 5217 2119 5274 tristitia

507 5318 755 5383 generat.
1243 5301 1246 5304 ί
1263 5302 1268 5307 ’
1609 5309 1612 5312 “

579 5412 823 5482 Excipite
842 5411 1016 5482 itaque
1041 5411 1193 5465 illum
1214 5427 1328 5464 cum
1349 5414 1708 5487 omnigaudio
1759 5418 1813 5473 in
1860 5418 2108 5478 Domino.

505 5513 830 5581 Solventes,
858 5513 900 5568 si
929 5528 1090 5584 quem
1113 5512 1426 5584 scrupulum
1456 5516 1528 5574 de
1551 5517 1672 5589 ejus
1703 5518 1959 5580 tarditate
1986 5526 2112 5581 ani-

505 5628 626 5669 mus
656 5613 793 5669 forte
819 5623 1156 5684 susceperat.
1245 5690 1256 5700 .

575 5702 644 5757 Et
665 5703 917 5773 ejusmodi
947 5721 1061 5759 cum
1092 5705 1284 5762 honore
1315 5707 1569 5770 habetote.
1596 5710 1713 5770 Non
1742 5714 1916 5775 solum
1943 5715 2109 5789 hunc,

2217 4600 2491 4668 omnibus,
2544 4603 2597 4657 in
2645 4605 2841 4674 quibus
2870 4604 2946 4660 illi
2979 4604 3116 4661 falso
3154 4606 3504 4676 gloriantur:
3548 4605 3645 4661 sed
3692 4606 3813 4673 quia

2220 4694 2324 4749 hoc
2349 4703 2593 4765 tempore
2621 4697 2712 4752 illa
2736 4713 2843 4753 non
2868 4699 3050 4755 valere
3077 4699 3328 4771 cognovi,
3356 4699 3477 4754 ideo
3503 4698 3593 4754 illa
3620 4698 3817 4753 nullius

2220 4790 2358 4846 duco
2389 4791 2670 4858 momenti,
2701 4799 2758 4848 et
2803 4803 3074 4864 tamquam
3135 4792 3515 4864 impedimenta
3559 4791 3816 4862 projicio,

2219 4884 2413 4955 quibus
2445 4900 2531 4940 me
2561 4886 2724 4940 vitam
2752 4888 3232 4959 acquirere'posse
3255 4886 3525 4959 putabam.

2293 4975 2635 5032 Conrersatus
2664 4979 2776 5033 sine
2800 4981 3030 5050 querela.
3057 4980 3309 5036 Omnium
3339 4975 3818 5049 justiticationum,

2219 5074 2276 5121 et
2304 5069 2754 5124 caeremoniarum
2798 5071 3256 5142 puriﬁcationem,
3290 5081 3344 5128 ct
3371 5070 3618 5126 mandata
3664 5085 3821 5126 com-

2221 5159 2434 5229 plebam
2461 5177 2471 5213 :
2502 5161 2598 5217 sed
2629 5161 2744 5219 haec
2775 5164 2923 5219 nulla
2953 5165 3160 5233 putavi,
3192 5165 3320 5220 dum
3351 5164 3634 5222 crederem
3660 5163 3818 5222 Chri-

2219 5263 2326 5325 sto,
2360 5270 2480 5326 qua:
2503 5257 2587 5312 lex
2622 5258 2733 5327 ipsa
2759 5258 3104 5328 promiserat.

2291 5347 2402 5402 Sed
2437 5363 2569 5418 quas.
2598 5349 2729 5404 nti/ti
2768 5353 2977 5421 fuerunt
3018 5352 3184 5416 lucra,
3229 5352 3340 5406 htec
3381 5350 3673 5406 arbitratus
3706 5364 3817 5404 sum

2219 5448 2433 5512 prapter
2453 5440 2714 5496 Christum
2753 5441 3075 5498 detrimenta.
3115 5443 3197 5498 Ad
3225 5442 3695 5513 comparationem
3733 5441 3816 5496 in-

2221 5530 2371 5586 venti
2419 5531 2561 5598 auri,
2610 5534 2976 5590 contemnitur
3022 5543 3401 5602 mrametttum,
3441 5534 3708 5606 quamvis
3751 5531 3818 5589 ab

2220 5639 2329 5678 uno
2354 5624 2428 5680 sit
2453 5624 2755 5696 conditum,
2803 5637 2856 5685 et
2899 5645 2997 5701 pro
3040 5628 3302 5701 temporis
3330 5629 3594 5702 qualitate
3628 5641 3820 5688 neces-

2221 5730 2447 5774 sartum.
