4008 6188
218 289 323 351 849

834 279 1378 343 COMMENTARIUS
1418 278 1483 337 IN
1522 274 1914 337 EPISTOLAM
1953 274 2045 333 AD
2083 272 2595 332 PHILIPPENSES.
2630 274 2781 331 CAP.
2815 274 2904 331 ιν.

3415 272 3521 330 850

294 400 657 463 Verumtamen
682 403 918 460 existimo
939 403 1111 457 omnia
1141 399 1507 455 detrimentum
1529 413 1661 465 esse,
1693 410 1815 466 pro-
1846 397 1902 456 Α
1999 391 2067 447 Ut
2096 392 2235 447 idem
2276 392 2562 463 sapiamus.
2599 390 2747 447 Idem
2784 393 2854 447 sit
2886 409 2898 447 :
2928 390 3089 448 aliter
3133 389 3345 448 scilicet
3383 391 3521 448 alter

220 513 331 578 pter
373 504 678 559 eminentem
721 499 989 555 scientiam
1025 495 1155 552 Iesu
1203 494 1392 550 Christi
1436 490 1651 546 Domini
1695 490 1823 558 mei,

219 608 435 669 propter
472 612 621 667 quem
667 593 841 648 omnia
891 591 1255 645 detrimentum
1283 587 1408 659 feci,
1440 594 1486 640 et
1514 584 1735 639 arbitror
1765 589 1823 635 ut

218 698 468 744 stercora.
495 687 748 741 Stercora
774 684 1023 741 ciborum
1073 688 1200 737 sunt
1228 678 1500 752 reliquiae,
1546 686 1603 733 et
1645 689 1820 748 quon-

219 783 345 838 dam
371 794 552 836 rerum
578 778 788 833 utilium
812 782 1200 847 purgamenta.

297 875 363 931 Ut
388 872 652 930 Christum
680 870 1027 942 lucrifaciam,
1068 876 1123 922 ut
1166 878 1214 922 et
1260 865 1495 920 inveniar
1521 864 1574 918 in
1598 861 1715 917 illo.
1754 860 1825 917 Ut

220 971 497 1030 Christum
526 969 754 1026 habeam
776 974 963 1037 caput,
986 974 1041 1020 et
1061 963 1182 1033 ejus
1215 959 1472 1017 inveniar
1498 958 1822 1013 membrum.

293 1066 419 1122 Non
459 1065 651 1119 habens
685 1078 852 1116 meant
889 1058 1176 1135 justitiam,
1206 1071 1322 1127 qua:
1346 1070 1409 1110 ea:
1436 1052 1547 1123 lege
1586 1058 1682 1104 est.
1712 1046 1826 1102 Hoc

222 1168 329 1226 est,
366 1175 436 1217 ex
467 1173 590 1214 meo
618 1158 808 1213 labore
830 1153 1139 1226 qnzesitam.

295 1252 403 1308 Sed
423 1251 571 1306 illam
596 1265 709 1321 qua:
732 1264 796 1304 ea:
822 1247 927 1317 ﬁde
968 1254 1043 1299 est
1069 1241 1261 1299 Christi
1280 1238 1430 1306 Jesu,
1461 1252 1576 1308 qua:
1613 1251 1677 1289 ea:
1717 1233 1825 1288 Deo

222 1353 297 1399 est
317 1344 531 1415 justitia
561 1344 615 1396 in
643 1342 764 1411 ﬁde.
800 1338 906 1395 Sed
938 1337 1086 1391 illam
1118 1350 1239 1406 qute
1283 1349 1314 1388 a
1358 1333 1469 1387 Deo
1497 1329 1738 1402 proprie,
1772 1335 1826 1383 et

223 1435 338 1491 sola
374 1434 481 1490 ﬁde
510 1432 706 1488 collata
734 1438 819 1488 est
844 1427 1198 1484 Christianis.

294 1526 378 1582 Ad
421 1522 831 1597 cognoscendum
872 1521 1043 1575 illum.
1089 1518 1155 1575 Ut
1195 1513 1521 1574 beneﬁcium
1556 1515 1674 1584 ejus
1706 1528 1824 1585 per-

222 1620 365 1677 fecte
392 1630 746 1690 cognoscam.

294 1714 364 1769 Et
394 1713 633 1769 virtutem
660 1704 1055 1764 resurrectionis
1089 1704 1220 1774 ejus.
1251 1700 1389 1770 Quia
1415 1699 1540 1755 ideo
1567 1698 1825 1766 surrexit,

1922 502 2030 543 non
2060 496 2291 543 astruat.

1994 580 2063 636 Et
2086 582 2140 636 in
2167 580 2349 635 eadem
2388 595 2780 650 permaneamus
2828 582 3030 652 regula.
3062 580 3179 636 Non
3203 580 3347 636 enim
3380 579 3520 636 scire

1923 675 2123 731 sufﬁcit
2148 673 2268 731 sine
2296 674 2459 729 facto.

1999 767 2293 823 lmitatores
2315 767 2417 822 mei
2442 775 2620 835 estote,
2668 768 2877 839 fratres.
2922 766 3007 825 Me
3044 765 3353 839 sequimini,
3408 778 3515 821 non

1925 862 2092 918 falsos
2119 862 2417 933 apostolos.

1998 953 2065 1009 Et
2087 955 2352 1010 observate
2377 970 2463 1009 eos
2483 954 2605 1025 quia
2632 954 2707 1009 ita
2734 952 3023 1018 ambulant,
3045 952 3177 1007 sicut
3200 952 3394 1009 habetis
3417 953 3527 1024 for—

1926 1065 2066 1103 mam
2112 1057 2363 1104 nostram.
2421 1047 2717 1118 Dupliciter
2744 1046 2943 1102 dicitur
2990 1046 3303 1116 observare,
3338 1046 3422 1101 vel
3454 1045 3523 1100 ad

1928 1141 2278 1207 imitandum,
2321 1150 2383 1195 ut
2423 1140 2545 1195 hic:
2580 1141 2668 1196 vel
2695 1140 2761 1194 ad
2794 1138 3118 1206 cavendum,
3150 1138 3289 1194 sicut
3321 1138 3387 1193 ad
3418 1138 3528 1191 Rc-

1928 1246 2116 1287 manos
2146 1232 2261 1286 ait:
2297 1230 2591 1287 Observato
2623 1246 2719 1287 eos
2744 1231 2834 1303 qui
2866 1230 3238 1287 dissensiones
3263 1240 3318 1287 et
3348 1229 3524 1285 allen-

1928 1323 2110 1379 dicula
2142 1322 2369 1377 faciunt.

2002 1415 2160 1470 Multi
2189 1417 2326 1471 enim
2355 1412 2646 1478 ambulant,
2674 1428 2805 1481 quos
2832 1428 2972 1484 saepe
3004 1414 3235 1468 dicebam
3263 1390 3431 1467 vobis.-
3456 1395 3534 1468 De

1931 1509 2015 1563 his
2042 1507 2197 1574 dicit,
2226 1508 2315 1577 qui
2343 1520 2495 1578 spem
2529 1502 2802 1575 passionis
2829 1504 3054 1574 Christi,
3085 1521 3187 1574 per
3205 1519 3366 1574 quam
3399 1517 3531 1572 pec-

1930 1609 2047 1658 cata
2089 1600 2315 1656 dimissa
2355 1608 2504 1664 sunt,
2547 1597 2884 1662 auferentes,
2917 1598 2969 1652 in
3016 1599 3136 1668 lege
3172 1598 3534 1653 cteremonias

1931 1693 2301 1750 collocabant.
2355 1692 2541 1747 Potest
2581 1699 2637 1746 et
2674 1689 2740 1745 de
2788 1690 3060 1745 Joviniani
3102 1690 3297 1745 studiis
3340 1690 3536 1760 accipi,

222 1818 283 1866 ut
312 1824 416 1865 nos
448 1807 699 1864 similiter
729 1813 1094 1871 resurgamus.
1124 1797 1223 1865 Qui
1254 1804 1431 1851 autem
1460 1793 1562 1849 hoc
1587 1809 1715 1849 vere
1736 1807 1827 1849 co-
1854 1787 1902 1848 B
1931 1788 2023 1859 qui
2048 1788 2387 1857 jejuniorum
2433 1783 2761 1838 alﬂictiones
2790 1792 2844 1837 et
2880 1798 3097 1838 omnem
3126 1782 3378 1853 corporis
3408 1797 3535 1838 cru-

222 1903 464 1976 gnoscit,
488 1901 621 1957 satis
652 1899 785 1971 agit,
818 1896 864 1952 si
887 1894 1112 1950 omnino
1140 1906 1246 1946 non
1274 1898 1485 1960 peccet.

295 1996 367 2051 Et
411 1996 703 2051 societatem
746 1990 1004 2063 passionis
1048 1986 1192 2041 illius
1230 2002 1249 2051 ;
1292 1984 1645 2055 conﬁguratus
1679 1981 1832 2037 morti

222 2093 358 2163 eius.
394 2088 452 2144 Si
482 2088 625 2144 enim
653 2082 1039 2155 compatimur,
1071 2090 1125 2135 et
1153 2076 1525 2134 convivemus.

298 2180 362 2238 Si
391 2180 655 2252 quomodo
685 2190 951 2230 occurram
972 2173 1039 2226 ad
1059 2172 1501 2234 resurrectionem,
1529 2182 1645 2238 qua:
1673 2173 1747 2221 est
1769 2182 1832 2219 ea:

227 2272 474 2327 mortuis.
505 2268 588 2326 Ad
616 2268 763 2323 illam
792 2280 912 2337 quae
940 2262 1305 2334 perlectorum
1335 2268 1419 2315 est
1446 2259 1688 2329 proprie,
1722 2272 1830 2313 non

225 2363 291 2418 ad
323 2362 499 2429 illam,
531 2374 693 2431 quam
720 2358 884 2414 etiam
915 2355 1115 2411 invitos
1140 2352 1339 2408 habere
1370 2364 1593 2407 necesse
1617 2359 1723 2405 est.

300 2461 427 2517 Non
448 2459 588 2533 quod
605 2462 723 2533 jam
746 2455 1055 2527 acceperim.
1074 2453 1209 2522 Quia
1236 2450 1421 2506 mundi
1444 2450 1684 2506 nondum
1708 2448 1832 2505 linis

230 2555 485 2612 advenit:
522 2553 619 2610 sed
650 2553 702 2608 in
749 2565 847 2622 spe
877 2558 982 2615 est,
1015 2546 1159 2620 quod
1188 2545 1483 2608 credimus,
1523 2560 1628 2598 non
1660 2544 1712 2597 in
1746 2558 1827 2599 re.

302 2658 405 2713 Aut
433 2658 539 2723 iam
563 2656 822 2727 perfectus
850 2652 967 2706 sim.
1002 2648 1196 2705 Adhuc
1222 2646 1299 2701 ait
1319 2661 1380 2701 se
1403 2644 1473 2701 de
1500 2644 1832 2717 perfectione

234 2752 357 2818 hac,
387 2758 446 2805 et
474 2748 543 2805 de
572 2746 665 2803 tali
698 2744 1100 2802 resurrectione
1130 2753 1483 2809 suspensum.

301 2855 509 2926 Sequor
533 2859 705 2907 autem
726 2850 770 2904 si
792 2844 1053 2920 quomodo
1087 2839 1541 2912 comprehendant,
1570 2839 1624 2892 in
1653 2854 1756 2910 quo
1787 2846 1835 2893 et

231 2947 631 3019 comprehensus
661 2959 775 2999 sum
815 2958 847 2995 a
883 2938 1093 2995 Christo
1113 2935 1262 2991 Jesu.
1288 2934 1345 2991 Si
1370 2930 1832 3002 comprehendam

231 3039 491 3096 meritum
522 3034 882 3107 apostolatus,
926 3030 980 3086 in
1028 3044 1137 3101 quo
1185 3025 1492 3099 apostolatu
1536 3038 1567 3078 a
1616 3021 1833 3079 Christo

232 3146 351 3188 sum
374 3129 773 3203 reprehensus.

300 3223 545 3289 Fratres,
585 3240 680 3296 ego
721 3236 802 3275 me
850 3235 955 3273 non
1001 3216 1228 3270 arbitror
1256 3210 1723 3284 comprehendisse.
1761 3209 1834 3265 Se

231 3314 595 3382 humiliaudo,
620 3312 873 3370 omnibus
895 3308 1123 3381 gloriam
1151 3306 1307 3374 tollit,
1330 3314 1385 3362 et
1406 3306 1687 3360 universos
1707 3316 1835 3373 pro-

229 3417 389 3464 vocat
413 3407 486 3463 ad
510 3405 927 3477 perfectionem.

307 3500 484 3556 Unum
506 3510 699 3561 autem,
728 3512 846 3569 qua:
868 3495 1074 3566 quidem
1096 3502 1233 3548 retro
1257 3498 1377 3546 sunt
1403 3488 1706 3544 obliviscens
1726 3503 1743 3543 :
1765 3488 1835 3542 ad

233 3611 291 3649 ea
311 3610 429 3649 vero
459 3609 579 3666 quae
604 3600 721 3647 sunt
767 3592 944 3661 priora
974 3587 1251 3643 extendens
1281 3584 1557 3656 meipsum.
1587 3582 1705 3637 Hoc
1739 3597 1832 3637 so-

235 3686 345 3742 lum
372 3686 513 3753 scio,
542 3685 666 3756 quia
697 3681 945 3755 quotidie
984 3678 1258 3752 proﬁcio:
1297 3688 1353 3733 et
1394 3676 1728 3747 praeteritum
1756 3675 1837 3729 la—

234 3777 425 3834 borem
475 3783 820 3847 computans,
873 3772 941 3828 ad
987 3771 1167 3843 priora
1216 3767 1459 3825 festino:
1506 3767 1630 3821 sive
1679 3764 1837 3836 Legis

234 3871 599 3939 obliviscens,
663 3869 732 3925 ad
789 3866 1031 3940 perfecta
1098 3862 1381 3935 Evangelii
1433 3872 1704 3932 prmeepta
1750 3874 1837 3914 me

236 3974 418 4021 teneo.

303 4058 389 4114 Ad
420 4056 739 4111 destinatum
763 4067 1039 4124 persequor
1072 4049 1302 4104 brauium
1336 4060 1573 4115 superate
1601 4048 1834 4100 vocatio-

232 4152 314 4205 nis
344 4149 445 4203 Dei
469 4148 524 4201 in
554 4146 761 4201 Christo
804 4144 954 4199 Jesu.
983 4141 1138 4209 Quod
1171 4136 1431 4211 perlectis
1459 4138 1601 4192 Deus
1630 4138 1836 4208 promi-

230 4243 304 4300 sit
337 4242 391 4297 in
422 4237 647 4295 Christo
676 4236 730 4293 in
757 4237 913 4294 etelis
943 4253 956 4292 :
986 4233 1131 4307 quod
1169 4248 1278 4288 non
1308 4229 1412 4287 nisi
1440 4229 1721 4286 vincentes
1741 4244 1837 4287 ac-

233 4333 466 4406 cipietst.

308 4433 636 4502 Quicumque
656 4446 776 4502 ergo
799 4428 1010 4501 perfecti
1030 4442 1228 4497 sumus,
1258 4424 1355 4479 hoc
1373 4422 1674 4480 sentiamus.
1693 4421 1840 4490 Quo-

233 4526 400 4583 modo
427 4530 591 4594 negat
619 4537 680 4577 se
708 4535 832 4577 esse
863 4522 1181 4592 perlectum,
1214 4517 1261 4573 si
1282 4516 1375 4572 alii
1406 4523 1533 4571 sunt
1559 4530 1575 4571 :
1604 4515 1707 4571 nisi
1735 4513 1836 4569 hu-
1860 4558 1915 4620 Β

235 4618 488 4677 militatis
538 4615 712 4688 gratia
768 4614 871 4670 hoc
917 4612 1118 4670 dictum
1167 4609 1448 4681 accipias?
1495 4607 1835 4679 Quicumque

238 4714 515 4783 perlectus
560 4717 665 4773 est,
712 4707 816 4763 hoc
861 4707 1100 4763 sentiat:
1150 4714 1335 4762 vetera
1384 4704 1591 4761 scilicet
1642 4703 1835 4759 oblivi-

238 4806 463 4868 scenda,
508 4819 643 4858 nova
691 4800 973 4858 sectando.
1020 4800 1154 4868 Quia
1204 4798 1423 4869 perfecti
1464 4796 1667 4852 debent
1711 4810 1836 4852 esse

242 4898 495 4969 discipuli
525 4895 760 4967 Christi;
794 4894 922 4949 licet
951 4893 1200 4964 superius
1222 4890 1290 4946 de
1321 4890 1653 4960 perfectione
1695 4905 1834 4960 pra:-

245 4990 335 5045 mii
367 5007 380 5044 :
413 4989 504 5045 hic
532 5004 661 5044 vero
684 4988 750 5043 de
780 4986 1010 5043 scientia
1038 4986 1107 5041 sit
1132 4985 1365 5039 loculus.

318 5082 385 5138 Et
411 5085 456 5137 si
484 5082 611 5153 quid
637 5081 788 5137 aliter
816 5081 1019 5152 sapitis,
1046 5079 1215 5132 ethoc
1235 5077 1377 5131 vobis
1402 5073 1643 5129 reuelabit
1675 5071 1837 5129 Deus.

249 5175 306 5232 Si
327 5177 458 5247 quid
478 5176 572 5231 alii
600 5176 742 5232 Deus
763 5175 1045 5232 revelavit.
1072 5172 1269 5236 Aliter,
1296 5169 1489 5241 inquit,
1521 5184 1629 5223 non
1654 5166 1839 5222 aliud:

248 5268 351 5325 hoc
376 5278 479 5337 est,
509 5269 613 5324 alia
643 5268 973 5333 assertione,
1005 5282 1113 5322 non
1144 5265 1270 5320 lide.

323 5364 693 5420 Verumtamen
714 5365 781 5420 ad
797 5363 935 5438 quod
963 5362 1312 5437 pervenimus.
1344 5357 1428 5415 Ad
1458 5354 1845 5429 perfectionem

246 5457 372 5514 novi
393 5457 755 5515 Testamenti.

238 5707 267 5731 ,ί
313 5668 348 5731 ξι
379 5658 532 5714 llaud
564 5658 728 5731 igitur
749 5658 889 5715 bene
914 5656 1176 5731 sentiunt,
1207 5654 1299 5726 qui
1343 5651 1625 5731 Spiitichen
1681 5648 1856 5731 virum

253 5729 421 5787 fuisse
457 5723 799 5786 contEndunt
840 5746 854 5782 :
894 5744 1029 5799 quos
1068 5723 1341 5799 inter'cth
1368 5723 1711 5799 Martianazus
1754 5727 1855 5773 est.

261 5799 475 5872 Optime
517 5802 571 5857 in
602 5799 774 5859 nostri
798 5793 1077 5859 domestici
1110 5796 1344 5856 Musaoli
1372 5793 1717 5866 inscriptione
1757 5805 1853 5844 an-

1932 1881 2156 1945 ciatum,
2186 1878 2239 1933 in
2270 1878 2542 1932 luxuriam
2576 1886 2631 1930 et
2659 1876 2851 1945 epulas
2879 1876 3235 1931 converterit.

2008 1972 2163 2028 Nunc
2210 1980 2383 2024 autem
2414 1978 2462 2022 et
2488 1971 2621 2040 ﬂens
2647 1968 2795 2035 dico,
2843 1968 3289 2023 inimicos-crucis
3318 1968 3536 2025 Christi.

1930 2066 2235 2123 Notandum
2257 2064 2398 2135 quod
2423 2076 2557 2118 vero
2586 2061 2808 2127 affectu,
2840 2062 3086 2115 omnium
3118 2062 3345 2117 salutem
3379 2072 3536 2133 opta-

1933 2162 2092 2228 verit,
2139 2158 2232 2231 qui
2278 2157 2446 2213 etiam
2494 2154 2748 2211 inimicos
2791 2156 2969 2211 crucis
3019 2154 3225 2212 Christi
3274 2155 3535 2225 deﬂebat,

1932 2254 2078 2309 ultro
2105 2253 2158 2306 in
2186 2250 2467 2306 interitum
2499 2256 2879 2318 properantes.

2008 2346 2242 2414 Quorum
2267 2343 2387 2412 ﬁnis
2418 2341 2678 2395 interitus.
2724 2339 2860 2407 Quia
2888 2338 2942 2394 in
2972 2339 3321 2411 corruptione
3366 2338 3531 2395 semi-

1933 2448 2067 2494 nant
2100 2436 2301 2492 carnis.

2008 2531 2241 2598 Quorum
2268 2527 2409 2583 Deus
2438 2535 2609 2583 venter
2638 2536 2732 2582 est.
2765 2528 2866 2597 Qui
2897 2542 2956 2584 se
2987 2526 3039 2583 in
3072 2527 3176 2583 hoc
3204 2535 3395 2597 putant
3426 2528 3539 2584 Deo

1934 2625 2163 2690 servire,
2190 2623 2235 2678 si
2280 2621 2590 2689 comedant,
2633 2634 2741 2676 non
2779 2619 3063 2676 audientes
3090 2619 3419 2690 Prophetam
3452 2619 3537 2674 di-

1934 2723 2146 2773 centem
2177 2730 2191 2769 :
2225 2712 2284 2769 Si
2312 2711 2778 2768 manducaveritis
2819 2718 2876 2766 et
2918 2710 3191 2779 hiberitis,
3229 2724 3413 2765 nonne
3440 2723 3541 2765 vos

1936 2804 2277 2862 manducatis
2307 2811 2363 2859 et
2390 2800 2613 2859 bibitis?

2009 2901 2076 2956 Et
2095 2900 2265 2972 gloria
2287 2898 2341 2952 in
2368 2897 2671 2968 confusione
2693 2897 2945 2966 ipsorum,
2968 2896 3057 2967 qui
3082 2904 3287 2951 terrena
3308 2896 3539 2968 sapiunt.

1935 2994 1992 3051 in
2016 2992 2433 3051 circumcisione
2462 2989 2758 3046 verecundi
2788 2989 3038 3046 membri.

2012 3084 2212 3141 Nostra
2232 3092 2402 3138 autem
2433 3083 2752 3137 conversatio
2783 3082 2835 3135 in
2868 3080 3011 3136 caelis
3036 3090 3130 3137 est.
3164 3081 3280 3137 Hoc
3307 3096 3414 3138 non
3444 3096 3543 3153 po—

1861 3166 1907 3230 C
1938 3186 2046 3235 test
2072 3177 2260 3233 dicere
2282 3174 2521 3231 terrenis
2548 3171 2696 3227 vitiis
2723 3174 3087 3243 mancipatus.

2012 3269 2163 3326 Unde
2183 3269 2345 3323 etiam
2374 3265 2699 3323 Salvatorem
2724 3272 3101 3337 exspectamus,
3129 3261 3415 3318 Dominum
3446 3280 3544 3320 no-

1934 3373 2103 3419 strum
2129 3360 2311 3416 Jesum
2339 3358 2618 3413 Christum.
2648 3357 2751 3423 Qui
2779 3363 2943 3425 caput
2969 3364 3054 3410 est
3081 3367 3353 3411 nostrum.

2012 3454 2116 3522 Qui
2138 3449 2435 3522 reformabit
2467 3464 2653 3519 corpus
2696 3446 3008 3499 humilitatis
3050 3456 3262 3515 nostrae,
3298 3447 3541 3518 conﬁgu-

1936 3558 2107 3602 ratum
2163 3542 2369 3614 corpori
2424 3539 2679 3593 claritatis
2725 3554 2853 3593 suaz.
2908 3538 3063 3595 Sicut
3110 3541 3435 3595 monstravit
3483 3541 3540 3597 in

1938 3644 2144 3701 monte,
2177 3647 2299 3687 cum
2332 3645 2496 3685 unum
2525 3645 2594 3684 ex
2630 3628 2959 3695 viventibus,
2991 3638 3048 3685 et
3088 3646 3254 3686 unum
3284 3647 3351 3687 ex
3391 3647 3542 3687 mor-

1939 3729 2067 3794 tuis,
2114 3723 2381 3780 claritatis
2421 3736 2535 3776 suae
2580 3721 2797 3791 corpori
2844 3720 3189 3793 conﬁgurat:
3223 3724 3542 3795 exemplum

1939 3815 2355 3876 resurrectionis
2385 3812 2706 3878 ostendens,
2735 3824 2790 3869 et
2815 3812 2869 3868 in
2896 3815 3151 3883 mortuis,
3184 3823 3239 3872 et
3268 3815 3325 3871 in
3354 3816 3542 3872 viven-

1938 3914 2101 3969 tibus.

2013 4006 2310 4063 Secundum
2332 4004 2683 4075 Operationem
2708 4004 2911 4059 virtutis
2940 4020 3046 4062 sua
3070 4023 3089 4061 :
3110 4020 3211 4076 qua
3237 4005 3393 4059 etiam
3422 4022 3544 4076 pos-

1938 4101 2006 4155 sit
2030 4098 2283 4168 subiicere
2309 4097 2408 4152 sibi
2438 4098 2632 4151 omnia.
2660 4096 2795 4164 Quia
2828 4112 2935 4152 non
2965 4097 3141 4153 solum
3174 4094 3549 4153 conformavit

1941 4207 2061 4259 nos,
2090 4190 2185 4246 sed
2208 4189 2369 4245 etiam
2392 4188 2610 4261 corpori
2639 4203 2739 4245 suo
2762 4190 2945 4245 omnia
2970 4189 3096 4246 fecit
3116 4202 3240 4245 esse
3261 4187 3540 4257 subjecta:

1940 4284 2056 4339 sive
2080 4281 2376 4339 secundum
2406 4281 2758 4349 sententiam,
2791 4295 2895 4352 qua
2926 4281 3029 4338 sibi
3060 4288 3258 4339 cuncta
3287 4278 3542 4349 subjecit,

1942 4376 2107 4433 etiam
2142 4374 2245 4431 hoc
2269 4373 2350 4430 illi
2376 4372 2638 4446 possibile
2667 4383 2773 4430 est.

2565 4490 2911 4595 caruriv.

2016 4673 2234 4747 Itaque,
2286 4674 2478 4747 fratres
2528 4672 2630 4727 mei
2676 4672 2966 4729 charissimi
3003 4680 3051 4729 et
3095 4669 3543 4729 desideratissimi.

1941 4768 2076 4837 Quia
2110 4766 2487 4839 perfectiores.

2017 4858 2285 4913 Caudium
2340 4872 2528 4923 meum,
2580 4862 2628 4909 et
2667 4870 2857 4910 corona
2896 4871 3030 4910 mea.
3064 4855 3167 4912 Per
3194 4869 3296 4911 vos
3328 4855 3380 4911 in
3404 4869 3546 4928 prae-

1944 4954 2084 5011 senti
2116 4952 2385 5016 laetiﬁcor,
2419 4961 2474 5005 et
2502 4951 2554 5003 in
2586 4950 2771 5004 futuro
2797 4950 3124 5006 coronabor.

2020 5047 2111 5103 Sic
2137 5054 2270 5100 state
2292 5045 2345 5098 in
2376 5043 2941 5111 Domino,charissimi.
2968 5043 3025 5097 ln
3048 5043 3162 5099 sola
3188 5040 3391 5099 Christi
3414 5042 3545 5107 lide,

1949 5147 2009 5197 ut
2037 5138 2290 5210 superius
2317 5135 2729 5208 comprehendi,
2756 5151 2909 5207 spem
2933 5145 3225 5208 ponentes,
3250 5147 3303 5194 et
3332 5138 3386 5192 in
3417 5151 3550 5191 con-

1949 5232 2263 5290 versatione
2284 5230 2516 5287 cmlesti.

2021 5333 2278 5389 Evodiam
2305 5348 2456 5406 rogo,
2488 5341 2535 5386 et
2560 5339 2581 5368 ⁸
2608 5329 2897 5402 Syntichen
2928 5331 3178 5403 deprecor
3196 5330 3428 5402 idipsum
3454 5345 3548 5383 sa-

1950 5443 2072 5497 pere
2100 5427 2153 5480 in
2186 5424 2426 5479 Domino.
2461 5421 2615 5491 Quod
2642 5422 2802 5489 dicit,
2830 5422 2883 5478 id
2912 5432 3035 5478 est:
3069 5422 3186 5479 Una
3218 5435 3435 5477 meeum
3463 5419 3551 5476 ha:

2760 5634 2872 5693 ET.
2914 5636 3151 5695 MATBI.
3209 5635 3368 5694 DEV.
3433 5636 3551 5699 DD.
