4008 6188
452 244 552 302 851

1503 242 1562 298 8.
1605 239 1989 298 lilERONYﬂl
2026 239 2312 299 OPERUM
2352 240 2721 298 MANTISSA.

3659 238 3771 295 852

453 358 714 415 mulieres
743 358 982 415 scientes
1010 364 1166 414 erant
1196 355 1332 427 legis
1356 371 1369 408 ε
1404 354 1529 424 quia
1555 351 1809 408 similiter
1842 360 1901 406 ut
1929 353 2061 408 istas
2087 354 2140 417 Α
2171 352 2302 408 boni
2333 355 2516 423 Operis
2545 353 2851 425 recepistis,
2887 354 2978 423 qui
3007 354 3110 410 mei
3135 354 3511 419 immemores,
3535 368 3769 422 occupa-

456 452 643 507 eadcm
676 453 880 506 sentire
910 457 1307 505 commemorat
1336 456 1388 502 et
1420 446 1699 501 imitatur.

534 542 711 597 Etiam
745 558 872 615 rago
897 551 943 594 et
986 551 1052 605 te,
1085 538 1343 593 Germane
1370 554 1603 607 compar.
1638 537 1944 591 Germanus
1980 533 2063 589 di-

458 646 579 690 elns
609 644 689 688 est
719 634 960 699 nomine,
990 630 1079 702 qui
1110 639 1228 687 erat
1256 646 1483 700 compar
1512 629 1703 684 oflicii.

528 727 738 797 Arljura
767 724 907 792 illas,
950 741 1065 799 quis
1105 740 1304 787 mecum
1336 724 1701 779 laboraverunt
1735 725 1788 778 in
1820 722 2059 793 Evange-

458 822 550 875 lia.
598 821 714 876 Non
759 823 932 883 viros,
978 822 1071 877 sed
1122 821 1376 887 feminas,
1407 836 1525 891 quae
1558 828 1716 883 erant
1756 819 2061 874 ducentes:

460 931 569 970 non
603 916 654 970 in
687 915 969 983 Ecclesia,
1001 916 1097 971 scd
1131 916 1185 971 in
1218 914 1403 970 domo.

530 1006 655 1062 Cum
684 1007 941 1065 Clemente
970 1017 1016 1064 et
1040 1010 1236 1064 cteteris
1264 1005 1593 1079 adjutoribus
1625 1006 1771 1060 meis.
1808 1002 2065 1059 Clemens

460 1120 527 1159 ex
559 1100 882 1172 philosopho
912 1115 1126 1172 magnae
1166 1098 1438 1157 doctrina:
1462 1097 1570 1164 vir,
1602 1096 1691 1168 qui
1736 1094 1925 1153 Roma:
1952 1094 2064 1165 epi-

459 1211 662 1266 scopus
694 1194 817 1250 fuit.

532 1290 765 1356 Quorum
794 1290 1005 1343 nomina
1030 1298 1152 1341 sunt
1182 1288 1236 1340 in
1260 1286 1392 1339 libro
1422 1285 1559 1337 ritte.
1592 1281 1669 1337 Ne
1697 1281 1925 1337 moleste
1956 1281 2063 1339 fer-

459 1390 584 1437 rent
620 1398 714 1436 sua
751 1382 971 1437 nomina
1002 1380 1056 1434 in
1080 1378 1181 1435 hac
1208 1377 1453 1447 Epistula
1481 1375 1902 1445 comprehensa,
1933 1375 2067 1427 scri-

461 1483 550 1541 pta
598 1488 718 1527 esse
760 1471 892 1528 dicit
925 1471 977 1524 in
1010 1471 1182 1526 cadis.
1222 1468 1393 1539 llujns
1422 1466 1544 1522 libri
1574 1467 1736 1521 etiam
1768 1466 1983 1537 Moyses
2014 1473 2068 1521 et

466 1564 633 1620 David
667 1564 936 1627 inciniuit,
970 1574 1026 1620 ct
1050 1564 1307 1619 Dominus
1334 1563 1387 1617 in
1424 1561 1740 1631 Evangelio.

535 1656 770 1711 Gaudete
810 1659 862 1710 in
906 1656 1129 1711 Domino
1173 1671 1390 1728 semper.
1425 1656 1557 1723 Quae
1589 1653 1775 1709 saeculi
1807 1652 2063 1724 gaudium

469 1766 577 1807 non
612 1751 845 1806 habetis.

538 1843 737 1897 Iterum
769 1844 887 1897 dico
913 1844 1149 1916 gaudete.
1203 1841 1442 1911 Repetit,
1472 1851 1534 1895 ut
1579 1841 1750 1912 magis
1786 1857 1849 1896 ac
1901 1842 2070 1911 magis

478 1938 733 2006 gaudium
761 1938 1135 1989 conlirmetur.

538 2028 798 2082 Modestia
810 2038 977 2080 restra
995 2037 1117 2079 nota
1131 2026 1194 2080 sit
1214 2026 1449 2081 omnibus
1464 2024 1781 2081 hominibus.
1797 2025 1999 2082 Iudicis
2018 2036 2072 2080 ct

466 2120 716 2191 gentibus
742 2120 1016 2183 omnibus,
1042 2116 1131 2188 qui
1179 2132 1275 2172 vos
1295 2118 1557 2173 tribulant
1582 2129 1634 2172 ct
1653 2128 2071 2190 persequuntur.

539 2213 795 2267 Dominus
834 2212 970 2265 enim
1007 2228 1167 2283 prope
1194 2222 1291 2266 est.
1330 2212 1444 2266 Scit
1478 2211 1605 2281 quid
1636 2228 1773 2281 opus
1812 2211 1886 2266 sit
1929 2221 2077 2268 auter

468 2320 626 2376 quam
671 2305 867 2373 petatis
892 2302 959 2356 ab
988 2318 1054 2357 eo
1088 2319 1101 2356 :
1134 2303 1251 2356 sive
1292 2302 1358 2357 dc
1388 2303 1818 2373 congruentibus
1862 2304 2073 2372 ctzgila-

472 2401 710 2466 tionibus
738 2413 763 2452 s
789 2397 1161 2452 illicitudineut
1194 2397 1369 2467 gerite
1401 2416 1411 2450 :
1443 2414 1601 2466 quam
1635 2398 1778 2450 enim
1813 2397 2076 2452 Dominus

466 2492 628 2547 nobis
678 2508 844 2563 prope
889 2491 982 2557 sit,
1038 2493 1247 2561 optime
1299 2490 1532 2544 novistis
1561 2490 1859 2543 secundum
1888 2491 2069 2546 illud:

467 2588 625 2643 Juxta
660 2596 743 2639 cst
774 2584 1031 2639 Dominus
1063 2586 1144 2640 his
1173 2584 1265 2654 qui
1297 2586 1554 2638 tribulato
1576 2596 1701 2639 sunt
1729 2585 1917 2637 eortlc.

544 2678 696 2733 Nihil
724 2678 935 2734 solliciti
964 2678 1096 2732 sitis.
1122 2676 1300 2732 Nolite
1332 2679 1594 2747 cogitare,
1628 2676 1757 2747 quid
1786 2675 2078 2731 manduce-

471 2769 562 2835 tis,
587 2780 679 2823 aut
698 2768 824 2838 quid
851 2767 1175 2822 induamini.
1210 2768 1337 2822 Haec
1355 2769 1535 2822 omnia
1556 2779 1748 2839 gentes
1771 2769 2072 2837 inquirunt.

545 2863 650 2917 Sed
679 2863 730 2915 in
756 2863 895 2916 omni
924 2863 1155 2916 oratione
1183 2871 1227 2917 et
1259 2862 1613 2921 obsecratione
1643 2880 1758 2917 cum
1787 2864 2075 2933 gratiarum

474 2958 699 3023 actione,
726 2956 997 3022 petitiones
1025 2967 1206 3010 vestra:
1234 2957 1556 3013 innotescunt
1579 2959 1723 3028 apud
1748 2955 1933 3012 Deum.
1961 2957 2075 3011 Non

476 3062 599 3104 cum
640 3046 1094 3113 murmuratione,
1125 3054 1218 3100 aut
1250 3048 1507 3102 tristitia:
1544 3058 1669 3103 tunc
1702 3050 2078 3117 potestoratio

478 3150 654 3196 vestra
681 3141 841 3211 digna
868 3153 993 3194 esse
1018 3139 1238 3193 auribus
1256 3138 1579 3205 Salvatoris,
1601 3140 1646 3194 si
1674 3155 1774 3209 pro
1802 3143 2075 3209 omnibus,
2104 3133 2150 3196 C

477 3251 595 3307 qum
610 3234 875 3305 patimini,
894 3233 1095 3304 gratias
1111 3230 1527 3296 referatis,sicut
1541 3235 1768 3303 apostoli
1786 3234 2077 3296 faciebant,

549 3323 621 3379 Et
650 3342 755 3397 pas;
787 3323 916 3393 Dei,
948 3340 1063 3395 qua:
1101 3332 1377 3393 exsuperat
1409 3340 1613 3378 omnem
1643 3342 1881 3393 sensum,
1912 3338 2082 3382 custo-

477 3418 586 3493 diat
632 3419 797 3475 corda
842 3428 1011 3472 vestra
1030 3456 1047 3485 ,
1097 3429 1145 3473 et
1172 3418 1544 3489 intelligentiae
1568 3429 1760 3474 vestras
1790 3422 1845 3474 in
1874 3419 2081 3477 Christo

477 3511 632 3565 Jesu.
679 3511 791 3577 Qua
827 3510 1003 3566 malos
1032 3511 1265 3567 sustinet
1294 3519 1352 3566 et
1392 3509 1663 3582 ingratos.
1703 3510 1915 3567 Christi
1949 3529 2077 3580 pax,

482 3617 586 3672 qua
620 3615 718 3670 pro
757 3601 873 3655 suis
906 3602 1350 3671 persecutoribus
1387 3602 1678 3667 exorabat,
1719 3604 1765 3660 si
1806 3603 2076 3675 remigite-

476 3709 625 3759 mus,
658 3707 877 3746 omnem
907 3701 1144 3748 mentem
1171 3704 1396 3764 superat
1418 3704 1474 3749 et
1502 3694 1749 3750 inclinat.
1794 3696 1916 3750 llaec
1946 3710 2078 3766 ergo

477 3799 583 3856 pax
612 3782 777 3839 corda
812 3792 866 3837 et
910 3785 1305 3857 intelligentias
1340 3796 1552 3842 vestras
1584 3788 1841 3859 exemplo
1872 3791 2075 3848 Christi

481 3875 787 3934 custodiat.

550 3970 629 4026 De
657 3982 841 4026 caetero
868 3970 1078 4041 Intres.
1120 3973 1202 4029 Ad
1235 3983 1566 4044 extremum,
1600 3986 1655 4033 ut
1686 3979 1866 4035 omnia
1900 3979 2078 4035 brevi-

484 4077 570 4123 ter
599 4064 1086 4136 comprehendam.

557 4161 903 4231 Qutecumque
926 4170 1051 4216 sunt
1072 4177 1213 4218 uera.
1244 4162 1648 4221 Permanenda.

555 4259 897 4327 Quacumque
926 4257 1134 4329 pudica,
1172 4275 1508 4331 quaecumque
1530 4264 1711 4332 justa,
1746 4254 2079 4334 quwcumque

483 4359 684 4416 sancta,
715 4366 1047 4421 quwcuinqne
1066 4350 1338 4417 amabilia,
1364 4367 1695 4424 quiscumque
1724 4355 1870 4410 bona
1899 4358 2074 4427 fama.

482 4443 618 4511 Quia
659 4445 838 4497 omnis
868 4454 1061 4498 natura
1096 4442 1332 4499 humana
1374 4445 1525 4501 novit
1570 4446 1861 4517 diligenter
1887 4465 2075 4506 amare

482 4536 630 4605 quod
664 4536 865 4591 bonum
894 4546 1000 4590 est.

556 4629 619 4684 Si
645 4646 748 4700 qua
779 4630 960 4695 virtus,
991 4628 1035 4683 si
1060 4645 1160 4699 qua
1187 4630 1305 4684 laus
1332 4631 1624 4704 disciplina:
1648 4650 1665 4688 :
1700 4633 1807 4687 [nec
1833 4635 2073 4705 capitate,

480 4741 593 4793 qum
615 4733 660 4777 et
689 4723 947 4777 didicistis
967 4764 981 4788 ,
1028 4732 1077 4777 et
1101 4724 1397 4794 accepistis,
1431 4733 1479 4779 et
1516 4725 1767 4793 audistis,
1796 4736 1844 4782 et
1876 4728 2076 4784 vidistis

482 4820 533 4872 in
557 4834 673 4873 me:
708 4817 892 4873 Virtus
925 4816 1232 4873 tolerantia:
1254 4858 1269 4884 ,
1311 4818 1432 4873 sive
1465 4818 1581 4874 laus
1610 4819 2073 4887 conversationis,

481 4918 536 4966 et
565 4910 771 4978 reliqua
802 4910 971 4974 bona,
1003 4925 1126 4979 qua:
1150 4918 1205 4965 et
1236 4908 1510 4966 didicistis
1542 4912 1732 4977 verbo,
1766 4920 1819 4967 et
1846 4914 2075 4981 accepi-

482 5004 581 5057 stis
611 5004 882 5072 exemplo,
911 5013 965 5058 et
996 5002 1229 5058 audistis
1260 5004 1508 5071 auribus,
1537 5012 1594 5059 et
1624 5003 1835 5061 vidistis
1863 5006 2068 5061 oculis:

486 5095 605 5151 haec
640 5095 1013 5150 tantummodo
1041 5095 1295 5167 Cogitate.

558 5188 686 5243 [hec
709 5187 866 5259 agite.
891 5187 1008 5241 Non
1044 5190 1187 5243 enim
1212 5186 1325 5241 sola
1355 5188 1473 5243 sine
1502 5197 1624 5244 actu
1648 5189 1849 5245 snl't'icit
1869 5191 2073 5262 cogita-

485 5283 577 5338 tio.
622 5282 746 5335 lla'c
775 5279 1076 5352 posteriora
1097 5322 1110 5347 ,
1142 5280 1231 5334 illa
1262 5281 1559 5349 explanant
1585 5283 1889 5352 superiora.

558 5374 625 5430 Et
650 5376 791 5431 Deus
821 5375 966 5447 pacis
992 5375 1087 5430 erit
1112 5373 1396 5430 vobiscum.
1428 5374 1485 5433 Si
1513 5376 1628 5432 hcec
1659 5392 1765 5432 non
1798 5376 1961 5435 modo
1982 5393 2073 5434 co-

479 5471 684 5542 gitetis,
713 5471 809 5525 sed
841 5467 1003 5523 etiam
1033 5456 1265 5523 faciatis.

544 5561 767 5617 Gavisus
788 5576 904 5616 sum
923 5570 1096 5615 autem
1116 5562 1170 5615 in
1192 5559 1417 5617 Domino
1448 5561 1762 5618 vehementer
1779 5579 1799 5618 :
1823 5564 2071 5635 quoniam

480 5652 683 5705 tandem
716 5652 996 5722 aliquando
1038 5653 1350 5723 reﬂoruistis
1390 5668 1484 5725 pro
1512 5666 1590 5709 me
1611 5655 1824 5725 sentire,
1864 5657 1993 5709 sicut
2020 5666 2069 5712 et

472 5741 787 5797 sentiebatis.
844 5742 1094 5812 Occupati
1144 5751 1316 5798 autem
1370 5747 1547 5801 eratis.
1614 5745 1818 5804 lterum
1870 5746 2065 5805 ﬂorem

2166 445 2338 512 tione,
2371 463 2477 501 nun
2511 448 2788 503 voluntate
2819 446 3050 502 arefacti
3084 448 3315 503 fueratis
3343 448 3469 501 citet
3490 446 3549 500 ti.

2241 539 2361 593 Non
2408 543 2555 611 quasi
2601 554 2813 611 propter
2862 542 3139 611 penuriam
3187 542 3322 597 dico.
3394 540 3513 595 Non
3547 552 3767 611 propter

2166 651 2341 689 meam
2386 636 2665 706 inopiam,
2697 636 2792 691 sed
2831 646 3054 707 propter
3082 646 3322 691 vestrum
3358 634 3597 690 fructum
3621 636 3764 706 diio,

2168 742 2394 784 incesse
2424 734 2691 799 gavisam.

2243 820 2352 892 Ego
2389 823 2523 876 enim
2567 822 2729 876 didici
2768 824 2821 876 in
2878 823 3064 892 quibus
3102 837 3215 875 sunt
3246 820 3502 891 sufﬁciens
3534 837 3663 877 esse.
3721 822 3766 877 Α

2166 914 2383 969 Christo
2413 919 2593 969 omnia
2620 916 3000 986 :cquanimiter
3031 913 3175 968 ferre
3198 929 3318 967 sum
3350 912 3601 969 eductus.

2241 1008 2365 1062 Scio
2394 1018 2441 1061 et
2467 1008 2739 1063 humiliari
2765 1026 2783 1063 :
2816 1010 2922 1063 scio
2970 1017 3019 1062 et
3063 1007 3346 1062 abundare.
3401 1006 3602 1078 Ubique
3641 1018 3689 1062 et
3713 1009 3763 1062 in

2168 1101 2401 1153 omnibus
2432 1102 2695 1155 instftutus
2722 1118 2835 1155 sunt
2863 1116 2880 1156 :
2912 1109 2959 1153 et
2979 1100 3188 1167 satiari,
3218 1111 3264 1153 et
3280 1100 3496 1165 esurire,
3522 1109 3570 1154 et
3598 1101 3765 1153 abun-

2168 1194 2315 1261 dare,
2350 1204 2395 1249 et
2422 1198 2695 1262 penuriam
2729 1196 2859 1267 pati.
2916 1194 2981 1250 Ut
3016 1210 3116 1249 nec
3147 1194 3481 1249 abundantia
3511 1195 3762 1262 elloilar,

2171 1303 2270 1341 nec
2300 1286 2517 1357 frangar
2549 1288 2760 1359 inopia.

2244 1381 2433 1435 Omnia
2461 1399 2671 1454 possum
2700 1384 2753 1436 in
2793 1400 2850 1437 eo
2874 1383 2961 1450 qui
2994 1398 3073 1436 me
3093 1381 3374 1451 confortat.
3425 1381 3570 1437 Datis
3604 1380 3766 1435 intel—

2170 1475 2481 1546 ligentiam,
2512 1476 2599 1529 vel
2628 1490 2725 1530 sua
2749 1475 3000 1531 doctritta
3028 1475 3336 1530 confirmat.

2255 1569 2618 1622 Vcrumtamcn
2663 1569 2787 1622 bene
2820 1570 3047 1640 fecistis,
3081 1566 3515 1619 communicantes
3548 1564 3772 1617 tribula-

2173 1662 2303 1714 tioni
2332 1676 2479 1714 mete.
2510 1659 2626 1715 Non
2652 1660 2797 1715 enim
2832 1659 3021 1715 debuit
3051 1672 3170 1713 mea
3205 1658 3386 1727 in0pia
3411 1667 3644 1711 vesuani
3670 1657 3773 1709 im-

2098 1746 2143 1806 B
2175 1754 2361 1825 pedtre
2389 1753 2721 1809 mercedem.

2251 1846 2407 1902 Scitis
2435 1856 2611 1901 autem
2638 1859 2684 1901 et
2714 1863 2820 1912 ros,
2846 1844 3235 1917 Phinpenses,
3259 1843 3399 1911 quod
3430 1843 3483 1895 in
3513 1842 3775 1913 principio

2181 1935 2486 2007 Evangelii,
2512 1935 2717 2006 quando
2748 1936 3009 2004 profectus
3040 1951 3154 1988 sum
3186 1951 3215 1986 tt
3244 1932 3559 1987 Macedonia
3585 1973 3601 1997 ,
3630 1933 3774 1985 nulla

2177 2030 2301 2082 milti
2330 2027 2567 2082 Ecclesia
2596 2028 3009 2081 communicarit.
3064 2026 3295 2094 Quando
3330 2024 3609 2095 profectus
3632 2040 3771 2086 sum,

2178 2119 2332 2175 scitis
2360 2137 2390 2173 ες
2407 2122 2529 2190 quia
2553 2134 2650 2174 vos
2682 2120 2855 2184 solos,
2882 2136 2909 2171 a
2936 2119 3133 2189 quibus
3155 2127 3407 2189 sumptus
3435 2117 3772 2188 accepimus,

2179 2215 2466 2284 elegimus,
2501 2212 2778 2267 lideliores
2810 2228 2907 2265 vos
2940 2212 3196 2266 omnibus
3220 2211 3559 2280 iudicantes.

2252 2306 2319 2360 la
2347 2307 2546 2360 ratione
2582 2306 2690 2359 dati
2719 2315 2763 2359 et
2793 2306 3010 2376 acctpti,
3040 2305 3139 2359 nisi
3164 2321 3249 2358 vos
3274 2302 3394 2357 soli.
3436 2303 3633 2356 Dantcs
3660 2315 3778 2354 car-

2182 2400 2350 2467 nalia,
2386 2400 2693 2469 Spiritnalia
2726 2401 3039 2466 accepistis.

2255 2494 2391 2561 Quia
2422 2504 2470 2547 et
2504 2492 2925 2547 Thessalonicam
2956 2493 3112 2546 semel
3136 2534 3151 2557 ,
3198 2500 3243 2545 et
3275 2490 3351 2544 bis
3383 2492 3435 2544 in
3474 2506 3625 2543 usum
3655 2488 3779 2541 mihi

2181 2587 2393 2640 misistis
2425 2601 2442 2639 :
2474 2602 2575 2638 non
2604 2587 2724 2655 quia
2755 2600 2927 2653 qua'ro
2954 2586 3132 2636 dafunt
3154 2625 3167 2644 ,
3203 2584 3292 2635 scd
3318 2582 3524 2652 rcqniro
3551 2584 3779 2651 fructum

2181 2677 2532 2731 abundantem
2559 2676 2614 2729 in
2646 2677 2847 2728 ratione
2872 2688 3061 2728 vestra.
3098 2673 3395 2727 Abundans
3428 2672 3639 2727 fructus
3660 2686 3783 2725 ora—

2184 2774 2347 2826 tionis
2370 2781 2481 2834 est,
2507 2784 2628 2824 cum
2654 2771 2858 2823 sanctis
2880 2768 3045 2824 etiam
3072 2766 3392 2821 absentibus
3419 2765 3778 2819 ministratur.

2254 2862 2438 2918 Habeo
2469 2871 2643 2915 autem
2673 2862 2847 2914 omnia
2870 2903 2883 2925 ,
2919 2870 2967 2914 et
3006 2859 3234 2913 abundo.
3273 2856 3521 2927 Repletus
3551 2873 3666 2909 sum
3696 2873 3782 2909 cat-

2182 2961 2339 3029 ceptis
2384 2958 2447 3013 ab
2496 2954 2889 3031 Epaphrodito,
2935 2972 3049 3027 qna'
3098 2954 3335 3008 misistis.
3389 2952 3661 3006 Provocat
3687 2965 3781 3005 eos

2183 3052 2454 3106 laudando
2476 3059 2531 3105 ct
2560 3052 2759 3121 gratias
2794 3046 3101 3103 referendo.

2256 3146 2323 3201 In
2362 3146 2573 3201 odorem
2617 3144 2907 3199 suavitatis.
2961 3144 3108 3197 Odor
3138 3140 3463 3205 suaxitatis,
3497 3153 3604 3193 non
3636 3137 3689 3192 in
3725 3154 3780 3193 re

2184 3241 2390 3310 oblata,
2424 3239 2517 3295 sed
2557 3240 2610 3294 in
2648 3239 2844 3294 mentis
2876 3235 3167 3291 devotione
3201 3234 3489 3290 CullSiSlil:
3522 3234 3664 3285 sicut
3694 3247 3776 3284 sa-

2183 3336 2446 3393 criﬁcium
2482 3332 2593 3389 Noe
2625 3331 2768 3386 Deus
2799 3330 3130 3385 describitur
3163 3326 3453 3392 odoratus,
3497 3341 3621 3380 cum
3660 3326 3773 3397 ipse

2183 3431 2372 3496 dicat,
2422 3443 2522 3483 nec
2571 3426 2866 3493 carnibus,
2918 3439 3017 3480 nec
3063 3422 3383 3477 animalium
3431 3421 3695 3492 sanguine
3725 3436 3781 3474 se

2182 3520 2463 3579 delectari.

2259 3612 2498 3668 Hostiam
2520 3620 2807 3683 acceptam,
2844 3609 3131 3682 placentem
3150 3605 3281 3663 Deo.
3306 3604 3613 3661 Notandum
3639 3604 3776 3677 quod

2183 3708 2529 3775 eleemosyua
2573 3703 2747 3777 hostia
2786 3690 3135 3772 appellatur:
3170 3716 3289 3771 qnzc
3321 3700 3460 3754 sicut
3503 3714 3534 3752 a
3571 3698 3775 3753 sanctis

2181 3797 2389 3864 oblata,
2419 3805 2641 3865 accepta
2664 3803 2785 3849 est:
2818 3795 2889 3848 ita
2919 3808 3111 3849 eorunt
3143 3791 3237 3862 qui
3269 3791 3321 3847 in
3356 3790 3594 3861 peccatis
3621 3788 3780 3844 dura-

2183 3891 2378 3955 verint,
2415 3888 2765 3957 reprobatur.

2256 3986 2394 4040 Deus
2416 3994 2587 4038 autem
2616 3998 2756 4036 meus
2779 3981 2990 4054 impleat
3023 3995 3172 4033 omne
3193 3975 3513 4030 desiderium
3536 3985 3772 4038 vestrum,

2180 4080 2462 4135 secundum
2485 4076 2689 4131 divitias
2716 4092 2841 4129 suas
2870 4075 2921 4127 in
2950 4072 3125 4145 gloria
3151 4070 3205 4125 in
3228 4066 3437 4124 Christo
3462 4068 3617 4123 Jesn.
3668 4064 3778 4121 Dco

2180 4182 2356 4227 autem
2399 4181 2447 4225 et
2493 4170 2641 4223 Patri
2690 4179 2870 4222 nostro
2921 4165 3090 4238 gloria
3120 4168 3173 4220 in
3204 4166 3397 4220 sa’cula
3424 4164 3777 4221 sweulorum:

2182 4267 2365 4319 Amen.
2420 4264 2552 4332 Quia
2605 4270 2663 4316 ut
2704 4260 2929 4331 perfecti
2978 4260 3082 4313 alia
3124 4257 3445 4314 desiderare
3484 4275 3588 4313 non
3622 4269 3775 4328 pole-

2180 4368 2327 4423 rant,
2357 4356 2460 4411 nisi
2492 4370 2612 4427 qua:
2636 4364 2762 4409 sunt
2788 4352 3088 4409 secundum
3123 4352 3337 4405 divitias
3364 4350 3497 4415 Dei,
3530 4344 3635 4404 nﬁn
3672 4364 3776 4402 sa:-

2182 4452 2312 4515 culi,
2345 4458 2400 4505 et
2428 4465 2547 4519 qua:
2580 4448 2646 4503 ad
2676 4447 2906 4518 gloriam
2942 4447 3215 4517 pertinent
3244 4445 3471 4499 Christi.

2106 4528 2155 4589 D
2254 4539 2493 4596 Salutate
2521 4555 2722 4593 onmem
2748 4548 2982 4593 sanctum
3012 4538 3065 4591 in
3095 4536 3301 4592 Christo
3324 4530 3471 4590 Iesu.
3524 4533 3776 4590 Salutant

2179 4650 2268 4688 vos
2295 4632 2383 4704 qui
2410 4647 2608 4685 mecum
2646 4639 2765 4684 sunt
2794 4630 3003 4702 fratres.
3059 4628 3225 4684 Erant
3253 4627 3399 4683 enim
3432 4640 3628 4681 omnes
3650 4642 3775 4682 san-

2179 4726 2274 4791 cti,
2305 4739 2441 4795 quos
2470 4725 2682 4779 salvere
2706 4723 2894 4795 jubet,
2922 4732 2976 4779 et
3002 4737 3191 4779 omnes
3221 4722 3477 4792 prrccepit
3503 4720 3731 4775 salutari
3762 4737 3773 4771 :

2180 4821 2323 4875 sicut
2351 4830 2405 4875 et
2447 4821 2498 4874 in
2535 4818 2797 4873 omnibus
2829 4817 3092 4887 Epistolis
3125 4815 3287 4871 facit:
3331 4824 3383 4871 et
3413 4813 3778 4885 proculdubio

2176 4930 2369 4971 verum
2414 4913 2620 4969 dixisse
2663 4910 2969 4969 credendus
3000 4920 3104 4966 est.
3140 4910 3196 4967 Si
3225 4924 3349 4964 vere
3373 4906 3551 4961 sancti
3583 4913 3773 4971 erant,

2184 5015 2499 5079 peccatores
2538 5006 2725 5074 utique
2767 5022 2872 5059 non
2910 5010 3106 5068 erant;
3142 5000 3339 5072 etquia
3366 5013 3471 5053 non
3504 5006 3774 5067 peccato-

2183 5116 2308 5168 res,
2364 5099 2459 5156 sed
2505 5100 2677 5154 sancti
2729 5109 2923 5154 erant:
2977 5107 3085 5152 tam
3138 5106 3387 5167 poterant
3436 5092 3778 5163 esse,quod

2181 5203 2358 5259 erant,
2389 5208 2548 5263 quam
2581 5200 2833 5260 poterant
2862 5206 2968 5246 non
3003 5205 3124 5245 esse
3151 5186 3294 5258 quod
3325 5202 3431 5241 non
3462 5193 3641 5240 erant.
3676 5184 3775 5253 lgi-

2182 5298 2268 5343 tur
2293 5296 2513 5341 sanctos
2551 5285 2806 5340 homines
2844 5283 2943 5338 hac
2977 5284 3187 5338 ratione
3223 5294 3344 5335 esse
3377 5277 3642 5349 possibile
3671 5286 3774 5331 est.

2252 5378 2494 5436 Salutant
2520 5395 2603 5431 vos
2633 5393 2806 5431 omnes
2829 5377 3009 5442 sancti,
3035 5375 3259 5428 niaxime
3285 5380 3456 5425 autem
3481 5370 3571 5440 qui
3591 5371 3657 5423 de
3670 5369 3779 5425 Ca:-

2176 5473 2312 5528 saris
2354 5472 2508 5525 domo
2546 5476 2685 5522 sunt.
2738 5468 2841 5536 Qui
2874 5475 2998 5521 sunt
3026 5480 3198 5536 nuper
3224 5464 3292 5520 de
3330 5461 3571 5519 Caesaris
3614 5462 3780 5516 domo

2174 5580 2421 5621 COﬂVEl‘SI
2433 5603 2447 5617 .

2244 5655 2426 5711 Gratia
2471 5652 2686 5707 Domini
2731 5653 2891 5709 nostri
2921 5650 3050 5708 Iesu
3090 5650 3289 5707 Citriin
3317 5665 3436 5705 cum
3468 5649 3660 5722 spiritu
3693 5664 3779 5705 eo.

2170 5761 2276 5808 ltro
2305 5763 2321 5805 :
2344 5748 2529 5804 Amen.
