4008 6188
249 257 355 314 855

871 255 1415 315 COMMENTARIUS
1456 257 1522 314 IN
1565 255 1956 316 EPISTOLAM
1996 255 2090 313 AD
2125 255 2630 318 COLOSSENSILS.
2672 260 2825 316 CAP.
2867 261 2907 317 Ι.

3431 263 3540 324 854

2347 373 3519 404 ____________

912 521 1034 612 IN
1086 497 1748 607 EPISTOL'AM
1801 521 1959 605 AD
2014 519 2836 608 COLOSSENSES.

764 894 994 952 CAPUT
1032 894 1320 952 PRIMUM.

319 983 524 1040 Paulus
545 986 812 1057 apostolus
842 987 972 1042 Iesu
1005 988 1197 1043 Christi
1216 1028 1232 1054 ,
1267 1002 1355 1057 per
1385 984 1697 1040 voluntatem
1719 979 1835 1047 Dei,

244 1083 290 1131 et
324 1075 628 1134 Timotheus
679 1083 857 1152 frater,
902 1080 980 1134 his
1019 1082 1106 1149 qui
1149 1088 1271 1134 sunt
1313 1077 1540 1134 Colossis
1570 1075 1766 1129 sanctis
1793 1082 1840 1126 et

242 1165 487 1232 ﬁdelibus
514 1170 764 1239 fratribus
801 1172 853 1224 in
891 1173 1095 1227 Christo
1121 1170 1248 1225 Jesu
1273 1185 1291 1224 :
1323 1168 1505 1223 Gratia
1534 1168 1673 1220 vobis
1693 1205 1707 1229 ,
1738 1179 1842 1236 pax

244 1273 276 1308 a
303 1256 414 1312 Deo
441 1257 602 1314 Patre
627 1272 824 1315 nostro.
853 1262 922 1316 Et
953 1262 1172 1316 Christo
1202 1260 1333 1315 Jesu
1367 1259 1596 1313 Domino
1630 1261 1835 1310 nostro.

315 1349 524 1405 Gratias
554 1353 758 1423 agimus
783 1350 890 1424 Deo
914 1394 928 1417 ,
983 1363 1032 1408 et
1079 1349 1228 1406 Patri
1264 1349 1480 1404 Domini
1507 1349 1668 1403 nostri
1708 1345 1838 1402 Iesu
1889 1373 1892 1376 ι

241 1439 438 1494 Christi
481 1457 682 1515 semper
705 1461 800 1516 pro
822 1443 961 1499 vobis
983 1453 1188 1499 orantes
1213 1488 1227 1507 .
1257 1443 1529 1497 audientes
1561 1442 1720 1511 fidem
1752 1437 1836 1492 be-

240 1542 404 1590 stram
452 1535 507 1589 in
548 1533 756 1591 Christo
803 1536 969 1607 Iesu,
1015 1547 1063 1592 et
1101 1537 1431 1592 dilectionem
1459 1547 1613 1604 quam
1643 1529 1840 1586 habetis

242 1624 294 1676 in
326 1636 530 1679 sanctos
559 1641 754 1681 omnes.
807 1629 937 1683 Sine
967 1630 1288 1697 exceptione
1319 1633 1678 1696 personarinn
1707 1647 1722 1688 -,
1755 1623 1837 1678 vel

241 1717 479 1778 notitiae,
517 1717 688 1772 solam
718 1719 940 1790 diligitis
976 1721 1026 1774 in
1057 1720 1311 1775 omnibus
1339 1720 1703 1774 sanctitatem.

313 1809 537 1881 Propter
565 1815 728 1881 spem,
748 1828 861 1883 quis
888 1814 1115 1884 reposita
1147 1823 1219 1868 est
1242 1812 1457 1867 nobisin
1474 1808 1614 1864 cretis
1638 1825 1656 1862 :
1685 1818 1839 1878 quam

237 1902 461 1957 audistis
499 1903 552 1956 in
578 1903 730 1958 uerbo
752 1905 979 1960 veritatis
1006 1905 1310 1980 Evangelii,
1343 1905 1483 1974 quod
1511 1903 1739 1976 peruenit
1771 1902 1840 1956 ad

237 2009 350 2050 eos.
379 1995 495 2050 Non
524 2005 743 2067 propter
765 1998 1046 2054 hominum
1077 1999 1296 2055 laudem
1315 2041 1331 2067 ,
1377 1999 1473 2054 sed
1505 2005 1726 2068 propter
1756 1993 1840 2049 vi-

246 2098 356 2144 tam
382 2099 665 2156 aeternam,
698 2105 820 2161 qum
853 2092 907 2147 in
933 2091 1152 2148 Christo
1179 2101 1284 2150 est.

312 2180 461 2238 Sicut
490 2189 536 2236 et
559 2182 612 2236 in
642 2185 879 2239 universo
905 2183 1102 2239 mundo
1123 2193 1229 2250 est,
1260 2193 1309 2238 et
1339 2182 1642 2254 fructi/ient.
1677 2169 1838 2235 Aliud

1865 887 1915 948 Α
1944 886 1995 940 in
2024 895 2224 956 portent
2273 889 2430 942 sortis
2479 899 2783 943 sanctorum
2826 891 2877 943 in
2909 890 3122 945 lumine.
3180 891 3309 946 Plus
3333 894 3543 949 vocatio

1943 978 2220 1042 laetiﬁcet,
2267 996 2426 1048 quam
2470 980 2676 1050 afﬂigat
2703 981 2914 1036 tri~titia
2942 984 3277 1052 passionum.
3325 984 3542 1055 Cogno-

1945 1071 2114 1124 miuat
2141 1083 2346 1127 sortem
2371 1083 2716 1142 sanctorum,
2749 1083 2951 1129 sortem
2983 1074 3317 1131 lnoreditatis
3345 1121 3358 1141 ,
3394 1079 3536 1133 sicut

1942 1163 2105 1216 etiam
2149 1163 2436 1234 Scriptura
2489 1175 2924 1222 commemorat:
2973 1170 3095 1239 quia
3139 1168 3297 1224 .lesus
3331 1179 3533 1226 terram

1942 1255 2132 1312 divisit
2159 1257 2209 1310 in
2237 1266 2410 1312 sorte.

2018 1343 2120 1412 Qui
2150 1349 2338 1421 eripuit
2384 1363 2476 1405 nos
2508 1349 2570 1406 de
2598 1359 2849 1425 potestate
2880 1353 3234 1410 tenebrarum.
3283 1357 3366 1412 Ab
3393 1356 3546 1428 igno-

1949 1435 2150 1504 rantia,
2182 1437 2263 1495 vel
2293 1455 2503 1498 errore.

2014 1530 2085 1586 Et
2115 1531 2382 1586 transtulit
2408 1536 2460 1587 in
2494 1551 2704 1606 regnum
2731 1536 2828 1603 ﬁlii
2861 1535 3154 1591 dilectionis
3179 1552 3303 1592 δαῖτ’.
3353 1535 3428 1592 De
3461 1553 3544 1594 rc.-

1943 1629 2047 1695 gno
2070 1625 2276 1679 erroris
2300 1621 2354 1680 et
2383 1629 2592 1694 tuortis,
2620 1643 2728 1697 quo
2774 1630 2821 1682 ei
2862 1628 3048 1684 dilecti
3072 1641 3124 1684 et
3147 1630 3238 1685 tliii
3266 1631 3540 1686 ﬁerctnus.

2012 1717 2078 1772 In
2107 1735 2205 1790 quo
2232 1717 2480 1774 habemus
2511 1719 2918 1790 redemptionem
2949 1733 2996 1778 et
3032 1723 3384 1778 remissionem
3422 1741 3542 1795 pec-

1943 1815 2200 1866 carorum.
2249 1811 2766 1884 Redemptis__lide,
2817 1830 2911 1885 per
2953 1815 3282 1886 baptismum
3323 1828 3544 1889 peccata

1942 1900 2167 1960 dimisit.

2016 1998 2116 2065 Qui
2143 2008 2218 2054 est
2245 1999 2420 2070 imago
2447 1999 2546 2054 Dei
2573 1999 2866 2055 invisibilis.
2899 2000 3211 2058 Secundum
3244 2003 3538 2072 Epistulam

1943 2085 2010 2142 ad
2043 2089 2320 2144 Hebraeos.

2020 2179 2409 2255 Primogenltus
2432 2183 2594 2237 omnis
2615 2192 2885 2238 creaturre.
2911 2173 3312 2259 Primi-genitus
3343 2200 3541 2240 secun-

243 2272 596 2339 trlecsimum,
629 2274 776 2330 aliud
805 2276 1243 2347 sexagesimum,
1275 2275 1418 2332 aliud
1447 2275 1832 2342 centesimum,
1869 2279 1916 2340 Β
1943 2269 2069 2326 dum
2127 2269 2388 2342 aSSumpti
2439 2267 2674 2330 hominis
2708 2274 2961 2345 formam,
3004 2293 3112 2332 non
3146 2271 3410 2346 lcmporc,
3442 2277 3540 2332 scd

249 2367 548 2422 secundum
575 2370 889 2439 parabolant
920 2371 1265 2426 seminantis.

313 2462 383 2516 Et
413 2464 612 2516 crescit.
651 2464 706 2518 In
739 2479 994 2533 numero,
1029 2467 1111 2521 vel
1143 2467 1364 2521 virtute.

315 2554 465 2609 Sicut
507 2557 557 2609 in
586 2556 724 2610 t'obis
754 2573 816 2610 ea:
858 2574 917 2612 ea
949 2559 1030 2610 die
1058 2576 1165 2629 qua
1200 2558 1422 2612 audistis
1452 2563 1498 2610 et
1530 2555 1838 2626 roguoristis

243 2649 468 2719 gratiam
515 2650 612 2704 Dei
666 2651 718 2705 in
762 2653 993 2707 ueritate.
1055 2655 1157 2720 Qui
1201 2652 1318 2723 ejus
1366 2649 1629 2707 beneﬁcia
1678 2639 1836 2702 malis

245 2740 457 2795 actibus
488 2755 592 2796 non
626 2753 917 2798 evacuant.

317 2833 470 2887 Sicut
493 2833 749 2889 didicistis
785 2835 849 2889 ab
875 2834 1128 2908 Epnpltra
1153 2834 1456 2889 charissimo
1481 2848 1725 2888 conservo
1747 2847 1838 2885 no-

241 2931 350 2980 stro
376 2966 393 2992 ,
439 2927 525 2994 qui
569 2933 645 2982 est
693 2927 866 2998 ﬁdelis
907 2945 999 3000 pro
1027 2929 1165 2982 vobis
1204 2929 1435 2982 minister
1461 2926 1660 2981 Christi
1684 2925 1835 2980 Jesu.

242 3018 509 3075 Fidelitcr
541 3035 637 3091 pro
667 3022 823 3078 vobis
857 3021 910 3077 in
939 3022 1186 3078 oratione
1219 3022 1556 3088 incumbens,
1593 3021 1838 3076 ministe-

245 3110 386 3165 rium
417 3109 622 3167 Christi
652 3113 874 3169 exhibet
897 3114 1195 3168 voluntate.

315 3202 422 3268 Qui
447 3204 600 3258 etiam
629 3207 974 3277 nuritifestauit
1007 3206 1152 3260 nobis
1179 3207 1506 3260 dilectionem
1540 3213 1758 3259 vestram
1785 3205 1836 3259 in

241 3295 454 3365 spiritu.
485 3295 657 3363 Quam
689 3297 901 3352 habetis
938 3300 988 3352 in
1024 3297 1397 3369 spiritualibus
1423 3297 1772 3352 charita‘tem.

310 3383 446 3439 Ideo
473 3395 521 3440 et
544 3401 638 3440 nos
660 3402 724 3441 ea:
748 3404 850 3458 qua
877 3388 959 3442 die
983 3389 1295 3454 audivimus,
1329 3403 1431 3442 non
1455 3393 1714 3442 cessamus
1743 3404 1837 3456 pro

239 3478 386 3534 vobis
423 3491 628 3534 orantes
668 3489 712 3535 et
756 3483 1079 3550 postulantes
1102 3526 1116 3550 ,
1149 3492 1202 3535 ut
1233 3481 1421 3551 impleo
1444 3481 1551 3535 :.ini
1577 3482 1839 3552 agnitione

243 3573 526 3628 voluntatis
543 3578 656 3647 ejus
678 3576 731 3629 in
755 3576 895 3629 omni
915 3577 1169 3648 :apientia
1187 3585 1231 3629 et
1256 3574 1520 3630 intellectu
1552 3573 1831 3646 spirituali.

1943 2363 2171 2433 honore,
2202 2360 2353 2436 juxta
2380 2366 2541 2422 illud:
2570 2367 2742 2424 Filius
2763 2386 2917 2425 meus
2933 2371 3324 2442 prlmogeuitns
3352 2365 3538 2424 Israel.

2017 2458 2275 2525 Quoniam
2306 2462 2358 2513 in
2386 2461 2498 2529 ipso
2518 2462 2725 2514 condita
2754 2474 2872 2516 sunt
2899 2465 3137 2517 universa
3164 2466 3218 2518 in
3247 2465 3385 2518 cretis
3410 2473 3454 2516 et
3487 2463 3538 2516 in

1941 2559 2116 2615 terra,
2157 2551 2380 2605 t'isibilia
2430 2562 2476 2606 et
2522 2554 2800 2608 invisibilia
2825 2571 2842 2609 :
2869 2557 2971 2610 sive
2995 2554 3191 2624 throni,
3240 2557 3344 2610 sire
3371 2557 3542 2610 domi-

1942 2645 2180 2698 nationes
2200 2689 2215 2713 ,
2249 2646 2352 2698 sive
2384 2645 2706 2717 principatus
2734 2689 2746 2711 ,
2776 2648 2879 2702 sive
2909 2657 3208 2722 potestates.
3264 2648 3320 2704 Id
3350 2645 3538 2706 contra

1945 2736 2278 2793 Manicha'os
2311 2738 2459 2794 facit.

2018 2821 2206 2882 Omnia
2232 2845 2324 2898 per
2352 2831 2522 2900 ipsum
2558 2841 2604 2885 et
2641 2832 2694 2886 in
2741 2833 2855 2903 ipso
2886 2844 3060 2888 creata
3087 2833 3226 2890 sinit.
3276 2823 3332 2889 in
3365 2835 3538 2906 ipsius

1941 2932 2128 2977 creata
2163 2933 2286 2977 sunt
2317 2933 2608 2994 potestate.

2012 3012 2081 3066 Et
2114 3015 2224 3083 ipse
2251 3025 2325 3068 est
2364 3025 2484 3070 ante
2524 3023 2698 3072 omnes
2726 3059 2738 3081 ,
2780 3027 2829 3072 et
2853 3018 3026 3073 omnia
3050 3019 3102 3074 in
3136 3015 3250 3092 ip's'o‘
3277 3023 3536 3079 constant.

1942 3104 2076 3159 Dum
2103 3121 2200 3176 per
2223 3109 2398 3178 ipsum
2427 3109 2748 3164 subsistunt.

2016 3201 2084 3255 Et
2133 3205 2240 3274 ipse
2287 3213 2360 3257 est
2407 3216 2561 3278 caput
2611 3207 2846 3275 corporis
2885 3201 3149 3263 Ecclesiw.
3178 3207 3315 3275 Quia
3344 3223 3534 3266 omnes

1941 3289 2232 3349 credentes
2261 3295 2376 3363 ejus
2409 3298 2650 3352 membra
2680 3305 2825 3353 sunt.

2017 3387 2120 3454 Qui
2146 3397 2218 3440 est
2257 3390 2571 3460 principium
2595 3388 2963 3459 primogenitus
2989 3405 3052 3444 ea:
3072 3391 3311 3446 mortuis.
3350 3389 3536 3446 Incor-

1940 3481 2212 3549 ruptibilis
2241 3480 2446 3549 gloriae.

2019 3571 2086 3629 Ut
2111 3576 2176 3627 sit
2199 3574 2251 3626 in
2281 3571 2518 3627 omnibus
2538 3575 2648 3642 ipse
2678 3573 2954 3647 primatum
2983 3583 3176 3630 tenens.
3208 3563 3338 3648 Tam
3372 3579 3423 3635 in
3453 3579 3534 3636 vi-

241 3666 375 3734 Quia
423 3684 541 3722 eam
594 3670 755 3724 aliter
811 3671 990 3726 facere
1037 3687 1144 3725 non
1193 3669 1457 3739 potestis:
1506 3666 1650 3740 quod
1700 3667 1830 3722 Pro.
1859 3665 1904 3726 C
1938 3659 2222 3732 sibilibus,
2253 3683 2412 3736 quam
2444 3667 2494 3721 in
2525 3667 2884 3722 invisibilibus
2912 3671 3199 3725 creaturis.

244 3757 404 3827 pheta
434 3760 743 3830 intelligens
772 3761 988 3818 dicebat
1015 3764 1079 3816 ad
1113 3761 1282 3817 Deum
1317 3779 1328 3813 :
1364 3761 1506 3815 Doce
1544 3775 1628 3815 me
1656 3759 1835 3815 facere

245 3849 584 3905 Voluntateru
619 3862 760 3905 tuam
794 3893 808 3917 ,
844 3853 966 3922 quia
999 3851 1144 3907 Deus
1175 3866 1327 3906 meus
1359 3867 1418 3906 es
1447 3850 1522 3904 lu.

316 3939 388 3999 Ut
440 3945 712 3998 arubuletis
756 3944 910 4014 digne
953 3945 1064 3998 Deo
1110 3949 1200 4016 per
1237 3946 1413 3998 omnia
1458 3945 1716 4014 placentes
1742 3986 1755 4006 ,
1784 3945 1836 3996 in

241 4037 384 4089 omni
416 4054 566 4108 opere
592 4036 722 4090 bono
751 4039 1130 4106 fructiﬁcantts
1152 4053 1172 4090 :
1202 4045 1252 4091 et
1281 4045 1563 4090 crescentes
1596 4038 1647 4089 in
1672 4037 1838 4090 scien-

241 4129 314 4181 tia
353 4127 466 4180 I‘ei.
518 4127 663 4182 Bene
711 4128 804 4182 ille
834 4127 944 4182 Deo
987 4128 1270 4192 ambulat,
1319 4129 1409 4198 qui
1450 4129 1498 4182 ei
1535 4143 1631 4198 per
1654 4131 1832 4182 omnia

245 4219 424 4287 placet
451 4234 464 4273 :
493 4216 594 4272 hoc
624 4227 726 4285 est,
762 4225 822 4273 ut
850 4215 904 4274 lu
935 4234 1102 4290 opere
1130 4219 1274 4275 haud
1301 4235 1423 4275 cum
1456 4218 1682 4274 scientia
1716 4220 1829 4274 Dei.

243 4311 556 4366 ft'tlclincel.
605 4311 776 4368 Simul
814 4314 1062 4382 expdsnit
1094 4313 1237 4384 quod
1270 4315 1585 4383 frequenter
1606 4313 1836 4370 obscure

243 4407 502 4462 dicebat:
534 4406 634 4462 hoc
657 4416 739 4462 cst
761 4449 777 4474 ,
820 4407 1094 4479 quomodo
1129 4409 1270 4465 Deus
1298 4409 1389 4464 det
1417 4409 1583 4475 velle,
1621 4409 1706 4464 vcl
1737 4411 1835 4465 ad-

174 4499 182 4507 ’
240 4499 418 4570 juvet,
445 4507 499 4555 et
518 4500 842 4556 confirmet:
876 4501 1120 4556 docendo
1144 4502 1350 4558 scilicet
1386 4503 1705 4573 sapientiam
1733 4545 1748 4570 ,
1783 4513 1838 4560 et

245 4589 588 4649 intellectum
643 4593 940 4665 gratiarum
993 4595 1319 4663 tribuendo,
1370 4613 1475 4650 non
1527 4595 1832 4652 libertatem

247 4687 458 4742 arbitrii
488 4686 788 4743 auferendo
813 4729 828 4754 ,
883 4689 1025 4743 sicut
1054 4689 1217 4744 etiam
1250 4691 1300 4744 in
1328 4688 1582 4760 praesenti
1606 4697 1748 4759 orat,
1778 4701 1838 4746 ut

249 4779 580 4848 impleantur
627 4781 902 4852 agnitione
934 4780 1227 4836 voluntatis
1256 4783 1376 4851 ejus
1403 4825 1416 4850 ,
1463 4783 1517 4838 in
1569 4785 1715 4839 omni
1745 4799 1836 4840 sa-

248 4872 451 4941 pientia
495 4882 549 4928 et
599 4874 881 4930 intellectu
923 4875 1234 4946 spirituali:
1273 4891 1381 4946 quo
1423 4878 1632 4948 possint
1676 4877 1839 4955 digne

249 4964 359 5021 Deo
388 4971 486 5035 per
506 4967 689 5022 ormiia
719 4968 1014 5023 ambulare.

2015 3761 2151 3827 Quia
2183 3761 2234 3814 in
2256 3761 2368 3833 ipso
2391 3762 2702 3834 complacuit
2749 3779 2948 3817 onmem
2982 3763 3353 3834 plenitudinem
3403 3765 3534 3823 divi-

1940 3852 2118 3905 nitaris
2157 3851 2467 3909 inhabitare.
2517 3851 2572 3908 In
2609 3853 2728 3908 aliis
2758 3898 2772 3923 ,
2825 3853 2929 3909 hoc
2965 3863 3082 3918 est.
3127 3856 3180 3911 in
3219 3861 3479 3928 apostolis
3511 3902 3526 3924 ,

1941 3943 2261 4013 patriarcbis
2287 3986 2302 4008 ,
2336 3945 2420 4000 vel
2467 3947 2744 4016 prOphetis
2772 3988 2786 4011 ,
2827 3948 3000 4016 gratia
3040 3947 3140 4002 fuit
3171 3965 3235 4004 ex
3267 3961 3440 4020 parte.
3475 3953 3530 4008 ln

1938 4037 2154 4095 Christo
2175 4049 2354 4096 autem
2381 4051 2490 4095 tota
2521 4041 2774 4097 divinitas
2823 4041 3088 4098 habitavit
3125 4046 3481 4114 corporaliter
3513 4093 3528 4117 ,

1939 4133 2091 4202 quasi
2123 4133 2166 4188 si
2195 4133 2342 4188 dicas
2372 4134 2731 4191 summaliter.

2017 4227 2081 4282 Et
2111 4245 2200 4300 per
2223 4244 2342 4282 eum
2371 4227 2697 4286 reconciliari
2719 4234 2893 4287 omnia
2923 4233 2977 4287 in
3000 4232 3206 4302 ipsum,
3248 4232 3532 4302 paciﬁcans

1938 4337 2028 4391 per
2063 4323 2366 4392 sanguinem
2401 4324 2566 4378 crucis
2606 4328 2740 4399 ejus.
2776 4325 2877 4381 Per
2911 4340 3072 4397 quem
3113 4333 3241 4380 sunt
3283 4325 3532 4382 homines

1940 4413 2239 4469 ernundati.

2013 4507 2133 4563 Sive
2157 4525 2273 4581 qua:
2303 4507 2353 4564 in
2385 4512 2542 4577 cretis,
2577 4513 2681 4568 sive
2701 4530 2815 4581 qua:
2846 4513 2897 4567 in
2929 4513 3078 4568 terris
3119 4523 3256 4568 sunt.
3291 4513 3535 4572 Terrena

1940 4602 2281 4669 coelestibus,
2311 4619 2431 4674 quire
2457 4605 2525 4659 ab
2551 4606 2630 4662 eis
2657 4621 2751 4675 per
2777 4607 3215 4662 contrarietatem
3247 4608 3370 4662 vitze
3413 4608 3531 4664 ine-

1943 4703 2066 4750 rant
2086 4706 2352 4763 separata.
2394 4695 2543 4751 Unde
2569 4711 2725 4752 orare
2755 4697 3043 4764 docemur,
3077 4709 3134 4754 ut
3159 4699 3411 4756 voluntas
3438 4702 3536 4758 Dei

1942 4787 2396 4856 quetnadmodum
2447 4787 2754 4844 cialebratur
2795 4791 2848 4846 in
2890 4790 3043 4846 coriis
3069 4835 3082 4859 ,
3137 4791 3210 4848 ita
3248 4792 3340 4848 ttat
3377 4804 3430 4850 et
3479 4795 3535 4850 in

1945 4878 2124 4933 terris.

2019 4969 2084 5022 Et
2132 4987 2217 5023 eos
2257 4987 2372 5023 cum
2423 4971 2596 5025 essetis
2640 4972 2923 5043 aliquando
2963 4974 3200 5045 alienati,
3245 4985 3290 5029 et
3338 4975 3538 5032 inimici

322 5057 390 5112 In
417 5060 557 5113 omni
593 5060 782 5114 virtute
810 5061 1110 5133 confortati.
1144 5059 1330 5116 Virtus
1361 5077 1553 5134 magna
1585 5065 1667 5119 est
1700 5057 1844 5122 idve-
1870 5056 1924 5117 D
1947 5079 2098 5118 sensu
2126 5063 2363 5136 Operibus
2386 5063 2574 5118 malis:
2596 5081 2731 5119 nunc
2770 5079 2942 5122 autem
2972 5068 3320 5124 reconciliavit
3349 5070 3399 5124 in
3424 5087 3540 5125 cor-

257 5157 488 5207 teratum
518 5153 738 5210 vincere
760 5153 1019 5209 vitiorum
1045 5173 1058 5209 :
1097 5153 1182 5210 vel
1216 5155 1264 5210 in
1292 5154 1633 5226 passionibus
1661 5160 1844 5216 carnis

254 5241 617 5300 inﬁrmitatem
650 5238 948 5317 superare.~

326 5334 634 5391 Secundum
680 5340 967 5408 potentiam
994 5338 1405 5411 claritatisjejus.
1440 5337 1505 5396 Ut
1534 5348 1588 5397 et
1619 5356 1716 5398 vos
1741 5341 1848 5400 sic—

266 5435 325 5483 ut
355 5437 407 5485 et
429 5429 520 5485 ille
551 5431 827 5508 patienter
850 5435 1032 5488 omnia
1064 5431 1354 5489 sufferatis.

325 5519 391 5576 In
423 5526 563 5580 omni
591 5513 843 5596 patientia
873 5539 921 5583 et
950 5527 1346 5602 longanimitate
1375 5547 1491 5585 cum
1513 5531 1728 5604 gaudio.
1769 5529 1845 5587 lbi

258 5619 341 5669 est
365 5630 496 5671 vera
524 5617 907 5690 longanimitas
937 5631 989 5676 et
1022 5625 1278 5693 patientia
1301 5664 1318 5690 ,
1363 5624 1452 5679 ubi
1492 5623 1688 5695 aliquis
1715 5640 1846 5702 gau-

260 5702 348 5759 det
376 5707 536 5760 etiam
579 5713 853 5767 sustinere
885 5717 1025 5783 quod
1062 5716 1280 5784 ,xititur.

335 5797 541 5855 Gratias
569 5813 776 5877 agentes
808 5803 947 5875 Deo,
986 5813 1031 5861 et
1063 5808 1199 5882 patri
1221 5848 1236 5878 ,
1262 5807 1350 5878 qui
1387 5808 1570 5881 dignos
1601 5825 1690 5865 nos
1725 5808 1844 5880 fecit

1949 5173 2072 5229 pore
2098 5156 2268 5211 carnis
2293 5161 2404 5231 ejus
2426 5172 2517 5228 per
2540 5166 2775 5213 mortem.
2809 5155 2939 5226 Quae
2967 5157 3168 5215 iuerint
3197 5157 3492 5216 inimicitia:
3513 5202 3537 5234 ,

1948 5247 2353 5306 evidentissime
2383 5247 2700 5305 declaravit.

2022 5339 2277 5396 Exhibere
2308 5357 2394 5396 vos
2428 5351 2654 5394 sanctos.
2693 5340 2769 5396 Ne
2809 5343 2924 5412 ejus
2966 5341 3288 5397 hcnelicium
3329 5341 3540 5398 irritum

1949 5433 2240 5498 iacientes,
2271 5433 2390 5488 sitis
2416 5435 2607 5488 iterum
2640 5433 2859 5488 inimici.

2029 5525 2094 5581 Et
2137 5526 2495 5582 immaculatos
2522 5568 2537 5594 ,
2579 5538 2625 5581 et
2671 5525 3141 5597 irrepreltensibiles
3185 5541 3358 5578 coram
3407 5526 3544 5592 ipso.

1957 5622 2088 5676 Vide
2118 5623 2162 5677 si
2197 5621 2403 5678 sciebat
2432 5637 2490 5678 se
2519 5621 2872 5691 impossibilia
2901 5619 3243 5692 prmt‘cpisse.

2026 5713 2087 5770 Si
2121 5724 2287 5769 tamen
2319 5715 2625 5785 permanetis
2650 5716 2700 5768 in
2725 5715 2827 5784 [ide
2857 5714 3096 5786 fundati,
3130 5723 3176 5768 et
3219 5711 3426 5767 stabiles
3451 5753 3466 5778 ,
3495 5720 3548 5766 et

1953 5807 2256 5864 immobiles.
2287 5807 2439 5866 Tunc
2468 5807 2712 5880 poteritis
2747 5807 3076 5867 immaculati
3105 5821 3260 5876 esse,
3288 5804 3336 5863 si
3362 5803 3542 5863 homi-
