4008 6188
463 261 572 320 855
1512 250 1568 306 S.
1612 244 1992 304 lllERONYMl
2029 240 2319 301 OPERUM
2356 239 2720 300 MANTISSA.
3671 237 3790 297 856

476 391 604 431 num
636 387 733 430 vos
759 371 1005 441 exempla
1040 366 1262 423 minime
1293 363 1591 436 decipiant,
1611 362 1709 419 sed
1730 361 1958 417 ﬁrmiter
1986 358 2072 415 fu-
2103 361 2151 423 Α
2180 358 2540 429 philosophia:
2564 401 2579 426 ,
2606 370 2732 430 quae
2761 364 2953 413 contra
2984 356 3133 413 illum
3163 364 3248 413 est
3272 403 3286 427 ,
3319 371 3431 413 non
3461 356 3643 413 solum
3674 372 3789 412 non

480 479 596 526 tura
628 466 880 523 credatis.
1424 442 1427 445 ’
2176 454 2437 519 timentis,
2474 453 2569 509 sed
2602 455 2768 510 etiam
2802 453 3050 508 stultitia:
3079 453 3373 523 deputctis.

548 562 593 615 Α
643 576 732 628 spe
787 552 1055 624 Evangelii
1102 550 1241 623 quod
1291 549 1526 603 audistis.
1574 543 1741 617 Spem
1792 545 2069 617 Evangelii
2250 545 2388 599 Nam
2412 556 2461 600 et
2488 549 2531 600 si
2565 562 2779 619 corpore
2807 546 2985 600 absens
3015 563 3158 613 sum,
3190 548 3277 601 sed
3303 547 3492 617 spiritu
3517 544 3789 599 vobiscum

481 660 667 710 contra
702 647 1052 717 Evangelium
1082 645 1327 698 viventes
1356 657 1576 710 sperare
1606 656 1713 695 non
1756 648 2005 709 possunt.
2175 655 2291 692 sum
2317 639 2552 709 gaudens
2574 649 2621 693 et
2650 640 2825 693 ridens
2855 639 3087 693 ordinem
3116 648 3338 694 vestrum
3360 682 3375 706 ,
3409 650 3456 693 et
3477 639 3791 709 [irritamen-

550 744 700 810 Quod
735 738 1071 812 pra’dicatum
1106 750 1179 792 est
1212 738 1263 790 in
1292 738 1525 790 universa
1552 743 1807 789 creatura.
1841 748 1954 803 qua!
1980 732 2071 787 sub
2175 740 2284 783 tum
2316 735 2425 804 ejus
2454 772 2467 795 ,
2496 746 2610 801 qua:
2634 731 2682 784 in
2710 729 2913 784 Christo
2947 740 3018 785 est
3045 771 3058 793 ,
3095 731 3221 800 ﬁilei
3251 741 3451 786 uestras.
3495 730 3795 785 Habebunt.

478 839 600 892 c0210
631 844 722 889 cst.
774 831 1102 886 Rationabli
1160 829 1386 885 scilicet.
1440 826 1748 882 Notandum
1781 841 1913 881 sane
1940 840 2075 894 quo-
2180 823 2320 880 hanc
2364 825 2593 894 gratiam
2638 822 2915 893 apostoli,
2969 831 3027 877 ut
3075 825 3204 879 alibi
3234 826 3439 894 positi,
3476 824 3610 894 quid
3660 825 3792 880 alibi

475 927 639 985 modo
666 939 881 980 omnem
912 931 1218 978 creaturam
1247 964 1260 985 ,
1288 920 1541 975 homines
1570 918 1716 973 stilos
1746 916 2068 971 nominavit.
2179 927 2464 989 ageretur,
2526 926 2881 988 agnoscerent
2908 934 2919 969 :
2955 918 3099 970 sicut
3143 918 3343 986 ,Elisaﬁ
3384 918 3615 988 spiritus
3670 932 3795 972 cum

551 1019 708 1093 Cujus
749 1018 916 1087 [actus
961 1031 1076 1069 sum
1110 1030 1205 1086 ego
1255 1012 1455 1066 Paulus
1498 1012 1775 1075 minister,
1815 1010 1904 1080 qui
1936 1026 2075 1064 nunc
2178 1011 2326 1066 Giezi
2367 1011 2472 1065 fuit
2504 1011 2555 1064 in
2588 1012 2694 1065 via.
2749 1010 3021 1080 Supplens
3062 1009 3109 1063 id
3156 1011 3297 1080 quod
3344 1018 3429 1066 est
3456 1011 3524 1066 de
3553 1010 3799 1065 utilitate

475 1114 674 1189 gaudeo
701 1116 752 1166 in
796 1108 1122 1183 passionibus
1171 1124 1265 1178 pro
1292 1107 1451 1161 robis.
1495 1106 1599 1159 Pro
1646 1103 1767 1158 aliis
1818 1102 2071 1172 patitur:
2180 1114 2378 1161 vestrm
2427 1105 2546 1161 ﬁdei
2575 1122 2587 1159 :
2620 1105 2707 1161 vel
2757 1105 3001 1176 impleo,
3047 1104 3192 1175 quod
3229 1106 3525 1176 prtescntia
3561 1105 3798 1175 implere

478 1210 605 1282 quia
638 1222 734 1277 pro
766 1206 885 1276 ipso
911 1213 1034 1259 ante
1057 1217 1249 1273 passus
1280 1212 1365 1256 est
1386 1199 1657 1256 Christus.
2181 1212 2289 1254 non
2323 1213 2566 1269 possum.

550 1301 619 1355 Et
662 1297 921 1369 adimpleo
965 1313 1023 1349 ea
1056 1311 1169 1365 qua:
1212 1294 1398 1347 desunt
1445 1293 1746 1364 passionum
1783 1292 1980 1349 Christi
2023 1292 2078 1345 in
2256 1292 2405 1349 Sicut
2424 1309 2544 1363 ergo
2574 1294 2845 1361 accepistis
2871 1291 3051 1347 Iesum
3080 1290 3338 1348 Christum
3368 1289 3653 1344 Dominum
3700 1305 3795 1344 no-

482 1409 635 1449 carne
660 1407 773 1445 mea
793 1406 887 1459 pro
908 1402 1124 1457 corpore
1152 1387 1264 1455 ejus
1288 1426 1303 1449 ,
1348 1384 1489 1455 quod
1519 1394 1594 1439 est
1626 1384 1883 1440 Ecclesia.
1914 1383 2077 1457 Cujus
2186 1396 2382 1452 strum,
2413 1388 2467 1440 in
2503 1388 2615 1457 ipso
2646 1386 2925 1441 ambulate.
2962 1384 3285 1455 Exemplum
3315 1384 3525 1439 Christi
3556 1383 3611 1438 in
3640 1383 3797 1438 vobis

481 1489 648 1559 [αειαε
668 1500 787 1539 sum
809 1498 901 1555 ego
923 1481 1176 1534 minister.
1210 1477 1389 1547 Usque
1412 1477 1551 1532 adeo
1576 1478 1940 1546 praesentibus
1970 1490 2080 1530 non
2183 1480 2390 1534 sulticit
2438 1480 2506 1534 ad
2555 1481 2722 1535 vitam
2750 1521 2766 1547 ,
2820 1480 3033 1536 etiamsi
3084 1478 3291 1550 aliquid
3339 1476 3560 1532 interim
3615 1476 3801 1532 minus

483 1586 693 1633 terreor
737 1570 1205 1645 persceutionibus
1232 1611 1246 1635 ,
1291 1578 1348 1622 ut
1389 1567 1519 1621 mihi
1568 1583 1794 1638 parvum
1846 1583 1966 1623 csse
1998 1567 2078 1622 vi-
2188 1575 2435 1631 scientia;
2464 1574 2697 1631 habens,

485 1669 680 1725 deatur
708 1665 852 1737 quod
886 1664 1063 1735 patior
1087 1703 1101 1727 ,
1152 1659 1505 1731 quoadusque
1546 1660 1601 1713 in
1648 1677 1736 1716 me
1766 1660 1947 1730 passio
1978 1660 2081 1714 im-

2260 1670 2505 1725 Radicati
2533 1679 2579 1725 et
2606 1668 3016 1741 superredi/icati
3042 1667 3098 1721 in
3126 1666 3270 1737 ipso.
3293 1664 3610 1722 Secundum
3632 1662 3805 1720 robur

491 1762 727 1835 pleatur',
761 1759 902 1813 sicut
937 1756 1005 1811 ad
1036 1755 1291 1810 llebrrcos
1318 1753 1449 1807 dicit
1477 1771 1490 1809 :
1526 1753 1593 1808 Ut
1630 1770 1736 1808 non
1782 1752 2085 1823 fatigemini
2120 1751 2165 1812 Β
2192 1761 2568 1832 fundamenti,
2602 1762 2838 1817 validum
2872 1760 3239 1831 supercrescit
3270 1758 3593 1813 mdiﬁcium.

483 1855 686 1909 animis
729 1852 923 1907 vestris
965 1849 1317 1903 deﬁcientes:
1349 1846 1592 1901 nondum
1637 1847 1783 1902 enim
1812 1862 1985 1918 usque
2007 1846 2075 1902 ad

484 1946 803 2016 sanguinem
836 1942 1139 1996 restitistis.

558 2035 859 2093 Secundum
904 2034 1340 2106 dispensationem
1376 2032 1503 2103 Dei,
1555 2048 1671 2104 qua:
1708 2034 1833 2086 data
1863 2038 1935 2086 est
1962 2030 2090 2085 mihi

485 2133 540 2185 in
579 2128 721 2183 vobis
754 2144 773 2199 ς
803 2136 859 2182 ut
898 2128 1144 2196 impleam
1182 2127 1391 2182 uerbum
1431 2126 1573 2190 Dei,
1615 2128 1917 2196 mysterium
1953 2124 2091 2194 quod

490 2219 847 2276 absconditum
877 2220 975 2287 fuit
1007 2234 1039 2271 a
1075 2219 1282 2272 sarculis
1322 2226 1369 2272 et
1408 2216 1845 2289 generationibus.
1870 2214 2091 2271 Doctri-

492 2327 578 2367 na:
616 2309 990 2381 Evangelicze,
1037 2324 1198 2380 quam
1245 2309 1401 2364 vobis
1442 2308 1694 2379 gentibus
1744 2307 1931 2377 jussus
1971 2320 2091 2361 sum

494 2416 743 2472 erogare.

569 2491 727 2546 Nunc
768 2497 939 2545 autem
971 2490 1358 2559 manifestatum
1386 2498 1459 2544 est
1498 2489 1694 2543 sanctis
1724 2489 1835 2559 ejus
1860 2529 1876 2556 ,
1908 2487 2096 2558 quibus

492 2582 658 2640 voluit
690 2581 853 2637 Deus.
884 2581 1152 2653 Tempore
1182 2596 1287 2652 quo
1308 2581 1479 2636 voluit
1502 2590 1692 2651 gentes
1719 2594 1947 2647 vocare,
1973 2579 2094 2650 qui-

497 2674 599 2730 bus
632 2674 806 2729 voluit
830 2674 1034 2729 sanctis
1063 2674 1277 2741 aperuit
1303 2682 1729 2728 sacramentum.

575 2766 743 2821 Notas
782 2770 950 2838 facere
999 2768 1202 2821 divitias
1258 2767 1437 2836 gloria:
1483 2766 1794 2822 sacramenti
1843 2766 2000 2839 hujus
2045 2766 2099 2819 in

508 2857 763 2929 gentibus.
812 2858 948 2926 Quia
996 2858 1138 2913 idem
1186 2858 1448 2914 Dominus
1495 2861 1772 2929 omnium,
1825 2859 1977 2915 dives
2045 2858 2100 2913 in

506 2964 699 3006 omnes
726 2950 819 3020 qui
848 2952 1103 3004 invocant
1132 2950 1306 3005 illum.

579 3040 730 3109 Quod
776 3050 851 3096 est
888 3036 1122 3095 Christus
1161 3044 1216 3095 in
1254 3042 1392 3098 vobis
1422 3059 1536 3115 spes
1568 3043 1786 3114 gloriae,
1829 3060 1981 3115 quem
2009 3061 2101 3100 nos

2266 1854 2334 1907 Et
2360 1855 2653 1923 conﬁrmati
2682 1857 2736 1908 in
2762 1855 2865 1924 ﬁde
2891 1870 2909 1907 :
2939 1852 3069 1909 sicut
3099 1864 3147 1908 et
3172 1853 3451 1916 didicistis,
3478 1851 3803 1905 abundantes

2193 1946 2247 1999 in
2288 1944 2382 1998 illo
2433 1946 2486 1999 in
2527 1948 2816 2017 gratiarum
2860 1947 3077 2000 actione.
3122 1945 3355 2015 Semper
3395 1954 3717 1999 crescentes
3744 1942 3800 1997 in

2196 2039 2289 2095 illo
2311 2059 2321 2092 :
2347 2049 2402 2095 et
2420 2056 2519 2112 pro
2542 2041 2794 2095 omnibus
2814 2039 3090 2094 benetieiis
3108 2039 3225 2108 ejus
3246 2038 3451 2108 gratias
3470 2036 3802 2091 referentes.

2274 2132 2455 2187 Videte
2495 2150 2557 2186 ne
2599 2133 2713 2203 quis
2754 2149 2839 2185 vos
2880 2132 3104 2200 decipiat
3136 2147 3226 2201 per
3267 2129 3695 2201 philosophiam,
3747 2135 3797 2181 et

2201 2224 2413 2279 inanem
2456 2224 2725 2296 fallaciam
2771 2225 3056 2279 secundum
3101 2223 3434 2277 traditionem
3483 2222 3806 2275 hominum:

2198 2317 2481 2372 secundum
2523 2318 2773 2372 elementa
2823 2320 3041 2382 mundi,
3089 2327 3138 2372 et
3188 2333 3289 2371 non
3325 2316 3615 2371 secundum
3657 2314 3809 2369 Chri-

2200 2418 2355 2465 stum.
2391 2410 2594 2467 Contra
2634 2412 2983 2483 pbilusophos
3021 2412 3135 2478 ait,
3184 2426 3415 2482 quorum
3459 2408 3642 2465 omnis
3673 2422 3809 2479 pene

2200 2503 2495 2573 disputatio
2525 2504 2591 2559 de
2635 2506 2919 2560 elementis
2950 2512 3032 2558 est
3056 2546 3070 2568 ,
3100 2512 3157 2559 et
3187 2504 3257 2559 de
3296 2502 3608 2557 visibilibus
3636 2516 3799 2556 erea-

2204 2595 2337 2649 turis
2359 2638 2375 2663 ,
2410 2605 2464 2650 et
2493 2610 2558 2650 ex
2591 2596 2752 2650 rebus
2803 2596 3142 2651 naturalibus
3184 2597 3441 2651 virtutem
3487 2594 3805 2649 existimant

2202 2684 2297 2739 Dei
2332 2704 2343 2737 :
2373 2685 2637 2753 dicentes,
2664 2702 2728 2741 ex
2759 2686 2929 2740 nihilo
2956 2686 3071 2757 ηας-ἰ
3094 2686 3220 2741 nihil
3239 2701 3397 2756 posse
3422 2704 3435 2739 :
3458 2694 3515 2741 et
3542 2686 3798 2749 animam,

2206 2788 2298 2834 aut
2330 2779 2538 2834 initium
2567 2794 2675 2834 non
2707 2780 2929 2847 habere,
2957 2788 3050 2834 aut
3074 2794 3197 2835 esse
3226 2780 3547 2843 mortalem;
3572 2788 3629 2832 et
3647 2776 3810 2847 virgi-

2207 2889 2333 2929 nem
2366 2890 2557 2944 parere
2583 2874 2805 2930 omnino
2834 2890 2939 2929 non
2964 2889 3164 2944 posse,
3212 2873 3305 2930 sed
3330 2884 3383 2930 et
3414 2873 3585 2929 Deum
3614 2889 3679 2927 ex
3709 2871 3807 2926 ho-

2209 2966 2357 3021 mine
2397 2966 2577 3034 nasci,
2619 2967 2795 3034 mori,
2845 2976 3005 3037 atque
3047 2980 3371 3035 resurgere,
3403 2965 3633 3020 stultum
3664 2977 3804 3019 esse.

2284 3056 2418 3124 Quia
2459 3058 2513 3111 in
2558 3058 2674 3126 ipso
2718 3057 2974 3112 inhabitat
3024 3059 3191 3111 omnis
3231 3056 3497 3127 plenitudo
3527 3056 3807 3109 divinitatis

504 3137 893 3203 annuntiamus,
922 3136 1253 3208 corripientes
1276 3152 1478 3190 omnem
1506 3136 1802 3203 hominem,
1834 3148 1881 3191 et
1911 3138 2104 3193 docen-
2132 3140 2179 3204 C
2209 3150 2566 3219 corporaliter,
2597 3148 2784 3205 omnis
2818 3150 3102 3219 plenitudo
3130 3149 3331 3205 divin-,3
3362 3158 3569 3205 ηδιυτω
3612 3148 3668 3203 in
3692 3162 3807 3204 οοιι-

508 3246 581 3291 tes
608 3234 663 3288 in
691 3232 831 3286 omni
864 3231 1143 3301 sapientia.
1179 3230 1427 3286 Judaeum
1467 3241 1521 3286 et
1564 3230 1812 3287 Graecum
1836 3274 1851 3299 ,
1883 3248 2101 3290 servum

506 3336 561 3382 ct
606 3325 859 3381 liberum.
910 3323 1082 3380 Simul
1135 3323 1395 3393 attende,
1446 3323 1590 3393 quod
1632 3337 1827 3380 omnes
1878 3325 2101 3396 sapien-

508 3418 639 3472 tiam
669 3416 883 3471 doceat.

584 3509 654 3565 Ut
674 3509 1003 3564 exhibeamus
1025 3524 1225 3564 onmem
1246 3506 1507 3562 hominem
1520 3512 1803 3581 perfectum
1824 3510 1877 3564 in
1904 3508 2105 3565 Christo

506 3600 633 3655 Jesu
658 3618 675 3656 :
704 3602 760 3655 in
788 3617 889 3671 quo
920 3609 964 3653 et
995 3600 1171 3654 laboro
1196 3645 1210 3669 ,
1250 3601 1493 3655 certando
1528 3604 1813 3656 secundum
1842 3603 2108 3672 operatio-

511 3708 629 3747 nem
679 3694 828 3769 ejus,
880 3709 1035 3760 quam
1065 3702 1318 3763 Iaperatur
1356 3693 1410 3746 in
1450 3710 1528 3747 me
1556 3693 1761 3749 virtute.
1798 3693 2106 3751 Netandum

469 3775 489 3783 “
515 3783 660 3855 quod
689 3796 881 3838 omnes
905 3794 1132 3838 conetur
1158 3785 1417 3839 exhibere
1449 3786 1747 3857 perfectos.

1140 3920 1368 3977 CAPUT
1418 3921 1483 3977 ll.

593 4059 723 4116 Volo
755 4058 891 4112 enim
922 4074 1011 4112 vos
1056 4056 1189 4111 scire
1209 4057 1420 4129 qualem
1452 4058 1861 4115 sollicitudinem
1892 4061 2112 4118 habeam

516 4169 609 4227 pro
640 4150 779 4207 vobis
797 4189 813 4217 ,
846 4159 894 4204 et
920 4165 1013 4221 pro
1042 4149 1121 4203 his
1140 4151 1226 4219 qui
1249 4159 1369 4203 sunt
1401 4149 1670 4207 Laodicea:
1693 4169 1709 4205 :
1734 4162 1778 4207 et
1802 4154 2113 4225 quicumque

516 4264 621 4301 non
644 4244 879 4299 uiderunt
919 4242 1310 4313 faciem'meam
1355 4243 1408 4296 in
1451 4259 1605 4296 carne
1635 4260 1655 4300 :
1684 4256 1737 4297 ut
1784 4247 2113 4302 consolentur

519 4339 679 4395 corda
704 4338 934 4407 ipsorum
956 4378 970 4403 ,
1000 4334 1236 4388 instructi
1263 4335 1317 4388 in
1346 4334 1630 4402 charitate,
1660 4346 1707 4391 et
1743 4341 1798 4390 in
1826 4354 1999 4393 omnes
2026 4340 2113 4395 di-

519 4433 667 4486 uitias
695 4426 1033 4499 plenitudinis
1054 4425 1344 4480 intellectus
1365 4428 1417 4479 in
1442 4428 1705 4497 agnitione
1745 4430 1976 4500 mysterii
2016 4431 2115 4486 Dei

2209 3255 2344 3310 pore
2364 3241 2482 3310 ejus
2506 3241 2794 3296 inhabitat.

2283 3331 2349 3385 Et
2393 3333 2517 3385 estis
2560 3332 2615 3385 in
2638 3332 2730 3387 illo
2770 3333 2952 3404 repleti
2980 3375 2994 3401 ,
3026 3335 3115 3405 qui
3144 3340 3217 3388 est
3245 3342 3402 3405 caput
3422 3335 3589 3389 omnis
3616 3332 3806 3405 princi-

2210 3434 2364 3497 patus
2404 3433 2453 3478 et
2501 3428 2786 3496 potestatis.
2830 3427 2885 3482 Si
2916 3426 3059 3481 illius
3106 3426 3340 3481 scientia
3371 3427 3647 3482 docemini
3677 3472 3691 3496 ,
3723 3430 3805 3497 qui

2211 3516 2450 3589 prodidit
2472 3516 2680 3573 initium
2708 3517 2963 3573 invisibili
2994 3527 3261 3575 creaturas
3290 3535 3304 3573 :
3336 3518 3466 3590 quid
3492 3519 3650 3575 vobis
3679 3532 3805 3573 con-

2210 3612 2408 3680 ferent,
2433 3613 2522 3683 qui
2540 3611 2673 3667 nihil
2701 3613 2819 3683 plus
2846 3612 3173 3684 intelligunt,
3200 3629 3361 3684 quam
3385 3613 3529 3683 quod
3569 3611 3789 3669 vident?

2210 3706 2235 3775 θ’
2284 3702 2352 3758 In
2378 3720 2478 3775 quo
2508 3714 2555 3758 et
2596 3704 2885 3759 circumcisi
2923 3705 3044 3759 estis
3069 3705 3458 3760 circumcisione
3486 3721 3590 3759 non
3615 3720 3799 3759 manst-

2129 3848 2135 3853 .
2213 3797 2352 3866 facta
2397 3795 2451 3848 in
2489 3793 2861 3867 exspoliatione
2897 3795 3126 3865 corporis
3165 3796 3359 3849 carnis.
3394 3795 3491 3850 llic
3512 3794 3626 3864 jam
3656 3808 3806 3865 pseu-

2213 3887 2563 3958 doapostolos
2596 3896 2766 3954 taxat,
2800 3902 2868 3942 ne
2888 3888 2955 3942 ab
2983 3888 3112 3958 ipsis
3141 3887 3359 3958 quidam
3390 3886 3741 3942 sedncantur.

2287 3979 2394 4034 Sed
2422 3979 2473 4032 in
2504 3979 2893 4033 circumcisione
2911 3976 3041 4033 Iesu
3073 3977 3310 4047 Christi,
3344 3979 3649 4043 'consepulti
3685 3978 3727 4032 ei
3755 3975 3805 4029 in

2217 4073 2488 4144 baptismo.
2521 4072 2626 4127 Per
2654 4087 2811 4143 quam
2844 4081 3013 4128 totum
3042 4071 3319 4127 hominem
3349 4071 3725 4141 exspoliastis.

2290 4165 2356 4222 1n
2381 4184 2485 4239 quo
2524 4176 2573 4221 et
2605 4167 2956 4223 resurrexistis
2996 4184 3085 4237 per
3130 4166 3286 4236 ﬁdem
3327 4166 3638 4237 operationis
3678 4148 3805 4229 Dei

2216 4263 2305 4333 qui
2346 4261 2608 4317 suscitavit
2648 4262 2797 4316 illum
2834 4278 2866 4315 a
2908 4262 3144 4316 mortuis.
3184 4259 3509 4316 Surrexistis
3538 4258 3591 4313 in
3618 4270 3806 4312 novam

2218 4356 2383 4412 vitam
2409 4396 2424 4423 ,
2452 4354 2735 4411 credentes
2762 4370 2885 4410 eum
2910 4354 3073 4410 etiam
3103 4363 3320 4425 propter
3351 4353 3452 4408 hoc
3476 4348 3804 4407 surrexisse.

2293 4448 2361 4503 Et
2410 4465 2495 4503 vos
2538 4464 2653 4504 cum
2695 4450 2884 4504 mortui
2919 4449 3094 4503 essetis
3121 4451 3175 4503 in
3201 4446 3404 4503 delictis
3429 4490 3445 4516 ,
3478 4456 3525 4501 et
3560 4445 3807 4516 praeputio

522 4525 699 4580 Patris
720 4533 766 4578 et
797 4520 993 4577 Christi
1031 4519 1177 4575 Jesu.
1208 4519 1307 4588 Qui
1343 4520 1390 4577 si
1421 4535 1509 4575 tne
1537 4521 1805 4577 vidissent
1833 4566 1848 4587 ,
1896 4534 1950 4579 et
1981 4524 2111 4580 cha-
2142 4530 2194 4592 Ι)
2219 4541 2392 4597 cumis
2418 4548 2617 4596 υεεεηε,
2652 4541 2787 4608 Quia
2818 4556 2929 4596 non
2968 4542 3142 4597 solum
3175 4547 3464 4610 peccantes
3486 4580 3501 4605 ν
3537 4538 3633 4593 sed
3656 4538 3808 4592 etiam

520 4620 737 4677 ritatem
784 4631 957 4672 meam
988 4630 1111 4686 erga
1140 4630 1226 4681 se,
1259 4623 1313 4669 et
1355 4613 1573 4669 divitias
1610 4616 1854 4687 mysterii
1900 4619 2115 4688 plenius

521 4717 945 4792 cognovissent,
1002 4710 1265 4781 majorem
1314 4709 1694 4780 prmstitissent
1730 4710 2016 4784 allectum,
2061 4728 2115 4773 et

523 4809 909 4871 abundantiam
947 4804 1173 4861 rationis
1203 4820 1234 4858 a
1271 4818 1395 4871 me,
1442 4818 1601 4874 quam
1640 4806 1709 4860 ab
1748 4805 1868 4877 ipso
1897 4808 2114 4867 Christo

532 4909 695 4968 didici
722 4948 736 4975 ,
769 4906 1139 4961 docerentur:
1169 4908 1223 4957 et
1258 4913 1354 4971 per
1385 4899 1501 4955 bace
1523 4900 1953 4957 consolationem
1984 4902 2115 4960 luis-

525 5010 651 5061 sent
676 4998 970 5057 consecuti.

596 5091 663 5147 In
685 5106 784 5161 quo
806 5099 927 5144 sunt
950 5104 1120 5143 omnes
1145 5087 1372 5142 thesauri
1392 5087 1665 5157 sapientia:
1683 5097 1730 5143 et
1746 5089 2119 5159 scientite.'Qui

523 5185 767 5242 latebant
791 5181 844 5234 in
877 5181 1076 5235 litteris
1105 5178 1265 5250 Legis
1288 5222 1302 5246 ,
1333 5179 1475 5234 sicut
1524 5179 1691 5235 Isaias
1729 5182 1805 5236 ait
1838 5200 1850 5235 :
1885 5182 1943 5238 In
1997 5183 2120 5238 the-

527 5277 702 5336 sauris
732 5274 877 5331 salus
908 5282 1089 5327 nostra
1125 5272 1289 5326 venit.

592 5369 916 5428 'Absconititi.
949 5367 1050 5435 Qui
1082 5366 1255 5438 Moysi
1279 5374 1436 5422 crant
1464 5366 1734 5424 velamine
1756 5370 2012 5425 centecti.

600 5467 716 5523 Hoc
738 5472 907 5519 autem
936 5462 1080 5527 dico,
1106 5471 1161 5514 ut
1192 5477 1339 5515 nemo
1362 5476 1450 5513 vos
1474 5461 1698 5531 decipiat
1723 5463 1775 5516 in
1801 5463 2125 5518 sublimitate

529 5573 841 5613 sermonum.
870 5556 1079 5612 Idcirco
1120 5554 1315 5611 melius
1355 5554 1582 5619 luisset,
1631 5564 1689 5608 ut
1728 5568 1830 5625 ego
1878 5568 2120 5625 praesens

528 5648 851 5701 instruerem
882 5664 893 5699 :
928 5645 1024 5701 sed
1052 5654 1232 5701 tamen
1263 5646 1501 5702 breviter
1526 5660 1751 5703 onmem
1792 5647 2115 5717 sapientiam

530 5735 587 5793 in
614 5736 730 5805 ipso
759 5750 877 5794 esse
917 5736 1249 5809 complexam
1282 5777 1296 5803 ,
1332 5747 1389 5795 ut
1420 5752 1641 5797 sensum
1680 5740 1767 5799 vel
1805 5755 2113 5802 sermonem

2210 4648 2327 4695 non
2356 4634 2659 4690 circumcisi
2706 4635 2756 4687 in
2801 4634 2943 4705 Lege
2985 4634 3187 4705 pariter
3214 4632 3637 4688 damnabantur.
3682 4629 3807 4686 Cum

2222 4740 2353 4797 ergo
2383 4724 2675 4796 dupliciter
2718 4725 2927 4797 indigni
2974 4726 3199 4795 essetis,
3243 4722 3480 4780 ﬁliorum
3530 4732 3812 4778 consortes

2222 4817 2400 4874 etl'ccti
2430 4818 2585 4873 estis.

2296 4911 2677 4982 Conviviﬁcavit
2705 4928 2821 4966 cum
2850 4911 2941 4966 illo
2960 4952 2974 4978 ,
3012 4911 3211 4967 donans
3236 4910 3373 4966 vobis
3403 4906 3575 4963 omnia
3600 4907 3809 4962 delicta.

2224 5002 2537 5059 Auferendo
2559 5018 2749 5059 causas
2776 5003 2998 5071 mortis,
3043 5003 3094 5057 id
3128 5012 3211 5059 est
3233 5044 3250 5071 ,
3289 5008 3527 5074 peccata.
3632 5058 3638 5062 ,

2291 5097 2479 5152 Delens
2521 5098 2659 5167 quod
2698 5096 2942 5152 adversus
2981 5113 3071 5152 nos
3113 5105 3221 5152 erat
3264 5093 3666 5167 chirographunt
3717 5094 3803 5147 de-

2221 5191 2379 5257 creti,
2422 5190 2561 5261 quod
2609 5198 2718 5243 erat
2762 5189 3076 5244 contrarium
3113 5188 3279 5244 nobis.
3308 5186 3378 5241 Et
3415 5189 3588 5257 ipsum
3614 5185 3731 5241 tulit
3755 5184 3811 5239 de

2225 5283 2433 5349 medio,
2484 5282 2691 5355 a/ﬁgens
2736 5280 2872 5335 illud
2912 5282 3071 5335 cruci.
3117 5278 3550 5351 Chirographum
3584 5320 3599 5346 ,
3654 5277 3813 5333 male-

2223 5373 2423 5429 dictum
2452 5372 2613 5444 Legis
2642 5380 2744 5427 est.
2769 5370 2924 5429 Unde
2950 5373 3075 5428 alibi
3098 5372 3173 5425 ait
3199 5387 3213 5425 :
3239 5370 3488 5427 Christus
3517 5384 3619 5425 nos
3663 5367 3814 5425 rede-

2225 5466 2323 5521 mit
2349 5465 2417 5521 de
2448 5464 2738 5521 maledicto
2760 5465 2942 5537 chis,
2975 5466 3095 5537 quia
3125 5465 3177 5519 in
3200 5478 3273 5523 eo
3309 5464 3623 5519 continetur
3655 5481 3667 5515 :
3714 5462 3814 5517 Ma-

2224 5556 2455 5613 ledictus
2484 5558 2678 5612 onuiis'
2707 5559 2797 5627 qui
2832 5571 2939 5613 non
2989 5557 3353 5627 permanserit
3383 5556 3435 5609 in
3468 5554 3606 5609 libro
3637 5553 3811 5624 chis,

2222 5657 2283 5704 ut
2307 5647 2468 5704 faciat
2508 5662 2592 5703 ea.
2617 5648 2846 5718 Quidam
2872 5663 3004 5704 vero
3027 5647 3449 5716 chirographum
3472 5644 3659 5701 dicunt
3679 5658 3809 5711 esse,

2221 5742 2373 5816 quasi
2424 5742 2682 5817 scriptam
2740 5742 3027 5817 quamdam
3082 5740 3224 5815 apud
3279 5738 3449 5797 Deum
3504 5737 3811 5798 memor’am
