4008 6188
199 305 301 361 857

797 300 1345 362 COMMENTARIUS
1382 303 1448 361 IN
1487 302 1877 361 EPISTOLAM
1918 303 2011 359 AD
2047 304 2549 369 COLOSSENSES.
2590 307 2745 367 CAP.
2788 312 2877 370 Ill.

3385 318 3490 376 838

195 408 528 492 pecatorum.
582 419 739 479 Unde
790 422 905 493 ipse
978 423 1031 479 in
1081 423 1309 480 canticis
1364 423 1539 479 dicit:
1571 422 1774 479 Nonne
1816 425 2038 496 Aquod
2088 427 2323 484 mundus
2369 438 2518 486 esset
2564 431 2857 502 aliquando
2897 429 3198 488 solvendus
3235 443 3334 490 εει
3368 433 3491 491 ideo

198 515 315 572 lucc
356 525 681 588 congregata
720 525 850 571 sunt
875 516 1016 587 apud
1061 532 1148 574 me
1177 557 1194 581 .
1236 526 1290 572 et
1330 516 1548 586 signata
1586 518 1638 572 in
1678 518 1796 575 the-

206 608 381 662 sauris
438 609 617 664 meis?
654 608 724 663 Et
769 607 1035 664 Jeremias
1079 610 1195 663 ait:
1230 610 1519 665 Peccatum
1551 609 1703 666 Juda:
1730 612 1791 667 in

200 715 378 769 ungue
403 699 769 755 adamantino.
804 700 983 755 Etiam
1023 700 1138 756 haec
1167 701 1344 757 deleta
1375 710 1460 757 est
1496 703 1549 758 in
1589 718 1753 759 cruce
1777 745 1793 770 ,

196 794 324 850 dum
348 792 586 849 dimissis
608 794 871 863 peccatis,
894 793 1057 849 etiam
1091 795 1355 851 memoria
1385 794 1551 851 oblita
1577 804 1662 852 est
1691 796 1793 853 de-

202 887 474 942 lictorum.

268 977 339 1032 Et
368 979 666 1049 exspolians
687 980 1012 1053 principatus
1035 990 1083 1035 et
1113 988 1411 1053 potestates.
1442 980 1506 1037 Ut
1525 996 1621 1051 per
1644 996 1794 1038 mor-

201 1081 306 1127 tem
341 1071 651 1128 destrueret
670 1088 793 1127 eum
816 1114 833 1141 ,
865 1073 954 1145 qui
984 1073 1221 1129 habebat
1249 1073 1438 1129 mortis
1464 1074 1791 1144 imperium,

196 1181 257 1221 sc
287 1166 570 1222 offerendo
602 1181 703 1238 pro
733 1167 833 1221 eis.

271 1257 532 1315 Traduatit
593 1258 911 1329 conﬁdenter
966 1258 1143 1330 palam
1207 1258 1528 1340 triumphans
1576 1258 1693 1312 illos
1738 1258 1794 1313 in

194 1354 386 1419 seipse.
447 1353 652 1409 Devicit
698 1352 875 1422 palam
920 1352 1243 1416 crucitixus,
1289 1351 1608 1407 confusione
1650 1367 1789 1407 con-

196 1454 397 1516 tempta
430 1485 448 1512 ,
503 1443 856 1515 triumphavit
903 1461 918 1499 :
968 1459 1077 1498 non
1136 1443 1477 1511 occidendo,
1538 1444 1638 1501 sed
1679 1458 1795 1500 mo-

194 1536 383 1593 riendo
414 1555 428 1592 :
460 1546 519 1593 ut
563 1538 720 1593 nobis
747 1582 762 1606 ,
810 1535 1086 1593 confracta
1133 1537 1284 1592 omni
1312 1538 1567 1609 superbia
1591 1580 1607 1607 ,
1641 1554 1797 1594 mon-

195 1640 397 1686 straret
426 1632 760 1703 exemplum.
1598 1704 1606 1712 I

265 1723 438 1779 Nemo
461 1741 583 1797 ergo
612 1742 697 1781 vos
716 1726 917 1797 judicet
942 1725 997 1779 in
1023 1724 1135 1780 cibo
1162 1765 1176 1791 ,
1207 1733 1296 1779 aut
1323 1727 1376 1780 in
1406 1736 1530 1796 potu
1553 1769 1567 1795 ,
1611 1735 1699 1782 aut
1740 1728 1793 1782 in

1900 519 2094 587 Deum,
2126 535 2286 586 quem
2309 522 2484 577 solum
2514 531 2780 579 teternum
2809 524 3217 595 intellexerunt,
3246 526 3375 583 licet
3403 542 3494 582 su-

1899 614 2246 682 perstitiose,
2286 624 2467 670 tamen
2507 615 2785 671 humiliter
2811 616 3054 672 venerati
3095 626 3222 672 sunt
3255 637 3267 673 :
3298 628 3353 674 et
3382 636 3489 675 non

1898 705 2229 777 parcendum
2257 706 2529 763 duxerunt
2570 708 2791 779 corpori
2819 727 2831 761 :
2858 723 2959 763 nec
2997 723 3217 763 carnem
3249 710 3301 764 in
3335 719 3490 765 satu-

1898 800 2061 853 ritate
2116 799 2527 869 honorandam,
2601 809 2791 870 utpote
2858 801 3202 856 morituram.
3280 802 3488 859 Aliter:

1897 892 2014 948 Non
2044 908 2142 948 vos
2190 893 2414 950 seducat
2457 894 2800 965 philosophia
2845 894 2913 950 ad
2951 895 3246 950 humanam
3286 895 3491 950 doctri-

1898 1003 2044 1054 nam,
2076 1003 2199 1059 qure
2228 988 2506 1060 sapientia:
2530 998 2585 1045 et
2610 989 2963 1045 abstinentia:
3002 990 3188 1059 specie
3212 990 3491 1045 suborna-

1898 1088 2005 1135 tur.
2029 1079 2086 1135 In
2113 1097 2214 1150 qua
2238 1090 2347 1136 tam
2369 1098 2507 1138 vana
2537 1092 2621 1138 est
2651 1082 2896 1154 corporis
2917 1083 3166 1147 afﬂictio,
3198 1092 3306 1137 tam
3327 1084 3491 1138 stulta

1896 1174 2265 1230 meditationis
2287 1175 2519 1230 intentio
2551 1194 2563 1230 :
2588 1176 2742 1245 cujus
2772 1177 2976 1232 bonum
3020 1174 3086 1230 ad
3110 1174 3405 1245 capiendas
3431 1183 3485 1230 et

1896 1266 2250 1322 infirmandas
2300 1276 2513 1323 mentes
2551 1269 2703 1337 quasi
2743 1268 2967 1338 quidam
3002 1267 3232 1340 laqueus
3272 1267 3493 1322 diabolo

1895 1369 2230 1429 aucupante,
2267 1358 2627 1430 praetenditur
2661 1376 2674 1412 :
2708 1375 2817 1431 quo
2840 1360 3055 1417 facilius
3094 1362 3295 1416 malum
3322 1375 3481 1416 suum

1896 1462 2131 1525 sequens
2153 1453 2391 1509 inducat.

2503 1542 2732 1600 CAPUT
2772 1541 2859 1598 111.

1971 1722 2144 1795 Igitur
2186 1722 2230 1776 si
2259 1722 2659 1777 consurrexistis
2697 1736 2814 1775 cum
2843 1719 3085 1784 Christo,
3136 1736 3252 1788 qua:
3292 1736 3499 1775 sursum

192 1825 339 1886 parte
365 1816 466 1870 diei
494 1817 614 1885 festi
638 1859 654 1883 ,
697 1826 784 1870 aut
814 1818 1117 1882 neomeniw,
1165 1826 1252 1869 aut
1284 1816 1633 1872 sabbatorum.
1667 1818 1797 1873 Nul-
1827 1816 1873 1877 Β
1900 1826 2021 1871 sunt
2047 1818 2261 1887 quaerite
2294 1833 2311 1869 :
2350 1817 2437 1871 ubi
2464 1816 2704 1871 Christus
2729 1823 2802 1871 est
2832 1818 2883 1869 in
2912 1815 3132 1871 dextera
3164 1815 3263 1871 Dei
3289 1817 3495 1870 sedens.

192 1908 306 1961 tum
333 1923 464 1977 ergo
495 1909 547 1963 in
580 1908 962 1979 hocjndicium
991 1917 1075 1963 est
1098 1948 1113 1972 ,
1155 1908 1297 1978 quod
1335 1918 1421 1965 est
1450 1911 1641 1967 umbra
1670 1954 1685 1977 ,
1738 1922 1795 1969 et

190 1999 471 2066 cessavit,
512 2014 745 2071 corpore
766 2000 1023 2056 veniente
1050 2018 1062 2052 :
1096 1999 1221 2070 quia
1248 2000 1485 2072 imagine
1518 2016 1659 2072 opus
1690 2019 1797 2060 non

193 2099 276 2145 est
300 2132 312 2152 ,
346 2090 577 2146 veritate
608 2098 901 2161 praesente.

265 2182 399 2249 Quae
428 2191 549 2237 sunt
584 2182 767 2237 umbra
810 2184 1138 2255 futurorum,
1169 2199 1355 2257 corpus
1384 2191 1556 2238 autent
1582 2182 1797 2240 Christi.

194 2275 343 2329 Tunc
372 2274 519 2329 enim
552 2273 733 2329 futura
762 2284 948 2342 erant,
977 2292 1097 2346 quae
1122 2276 1283 2330 modo
1307 2286 1456 2331 sunt.

266 2365 439 2421 Nemo
468 2364 805 2433 rosseducat,
842 2368 1035 2432 volens,
1066 2368 1119 2421 in
1152 2368 1449 2423 humilitate
1471 2376 1519 2423 et
1548 2368 1799 2444 religione

193 2458 526 2530 angelorum,
555 2474 670 2529 quia
696 2475 800 2513 non
839 2458 988 2521 vidit.
1029 2460 1304 2513 ambulans
1334 2460 1553 2529 frustra,
1588 2462 1799 2532 inﬂatus

194 2568 345 2606 sensu
369 2567 482 2606 sua:
509 2554 702 2605 carnis.
733 2550 905 2606 Nemo
928 2550 1049 2606 [icta
1074 2551 1380 2607 humilitate
1408 2554 1711 2623 superbus,
1742 2562 1801 2610 et

194 2644 423 2714 angelos
457 2657 516 2697 se
546 2641 731 2698 videre
755 2644 1025 2698 mentiens
1050 2685 1066 2709 ,
1106 2641 1306 2698 frustra
1339 2658 1398 2699 se
1425 2658 1596 2714 super
1627 2645 1801 2699 homi-

194 2750 293 2792 nes
325 2736 531 2806 jactet,
563 2736 654 2805 qui
689 2735 927 2791 visiones
960 2751 992 2791 a
1022 2752 1124 2792 suo
1165 2736 1331 2792 corde
1361 2736 1600 2807 loquitur
1635 2755 1648 2792 :
1683 2738 1800 2793 sive

193 2843 356 2886 nemo
386 2839 496 2883 tam
527 2828 744 2884 humilis
773 2830 875 2884 sibi
907 2838 961 2885 et
989 2829 1275 2899 religiosus
1296 2829 1578 2896 videatur,
1611 2838 1672 2885 ut
1704 2847 1799 2886 an-

193 2927 372 2996 gelos,
398 2924 495 2995 qui
526 2925 693 2979 Deum
720 2923 940 2992 vident,
973 2940 1034 2980 se
1059 2924 1249 2979 videre
1280 2925 1598 2980 mentiatur.

262 3018 331 3072 Et
358 3035 470 3073 non
515 3026 689 3073 tenens
728 3026 902 3089 caput.
956 3017 1183 3074 Christo
1232 3034 1341 3074 non
1395 3017 1656 3085 credens,
1703 3019 1796 3091 qui

199 3110 451 3166 omnium
483 3119 793 3165 sanctorum
824 3117 985 3181 caput
1011 3120 1114 3165 est.

1902 1898 2320 1979 Consequenter
2368 1909 2551 1979 primo
2592 1916 2988 1974 commortuos,
3038 1908 3234 1964 deinde
3274 1926 3505 1965 consur-

1906 2002 2115 2057 rexisse
2148 1999 2246 2057 nos
2274 1999 2449 2056 dicit;
2476 2015 2578 2055 nec
2618 2000 2792 2054 solum
2824 2010 2985 2054 terra:
3017 2001 3180 2067 mori,
3214 2000 3309 2056 sed
3335 2002 3496 2057 etiam

1901 2098 2043 2153 coelo
2088 2111 2192 2151 nos
2225 2096 2409 2149 vivere
2442 2094 2693 2148 hortatur
2723 2111 2736 2147 :
2780 2092 2939 2161 nihil,
2970 2093 3168 2165 inquit,
3218 2101 3500 2150 terrenum

1902 2188 2179 2253 ambiatis,
2210 2186 2347 2243 nihil
2384 2187 2610 2242 mortale
2639 2186 2916 2257 qtueratis.

1978 2280 2108 2347 Qua:
2147 2296 2355 2335 sursum
2403 2288 2523 2333 sunt
2570 2280 2757 2350 sapite,
2808 2294 2911 2332 non
2957 2292 3072 2347 qua:
3100 2293 3257 2350 super
3288 2286 3500 2333 terram.

1904 2371 2107 2427 Mortui
2136 2372 2271 2426 enim
2302 2371 2447 2424 estis.
2479 2368 2771 2426 leestem
2817 2369 3105 2424 sectamini
3152 2369 3502 2439 sapientiam.

1906 2465 2016 2522 Sed
2066 2479 2167 2519 nos
2226 2464 2559 2518 laboriosius
2618 2461 2875 2517 humanae
2926 2460 3212 2532 sapientiae
3263 2460 3499 2516 studium

1903 2556 2293 2629 impendimus,
2347 2564 2403 2613 et
2448 2555 2659 2611 artibus
2704 2553 2986 2609 vilissimis
3032 2553 3307 2624 ingenium
3336 2568 3503 2608 occu-

1903 2668 2120 2723 pamus.

1976 2744 2043 2798 Et
2089 2743 2193 2797 vita
2225 2748 2391 2797 vestra
2430 2739 2741 2794 abscondita
2787 2747 2862 2793 est
2904 2753 3023 2793 cum
3052 2737 3257 2793 Christo
3286 2739 3337 2793 in
3367 2738 3496 2794 Deo.

1903 2836 2035 2892 Cum
2066 2847 2240 2891 autem
2271 2834 2511 2888 Christus
2559 2833 2861 2905 apparuerit
2905 2832 3011 2886 vita
3043 2840 3241 2898 vestra,
3289 2841 3411 2885 tunc
3452 2840 3500 2886 et

1902 2948 1990 2986 ros
2020 2929 2339 3002 apparebitis
2366 2944 2483 2980 cum
2511 2928 2621 2997 ipso
2644 2926 2699 2979 in
2729 2924 2919 2998 gloria.
2955 2923 3089 2991 Quia
3119 2924 3213 2978 lilii
3249 2924 3343 2979 Dei
3373 2938 3497 2979 cum

1901 3024 2119 3089 simus,
2175 3019 2417 3075 nondum
2476 3018 2745 3088 apparuit.
2812 3017 3028 3073 Scimus
3074 3019 3329 3089 quoniam
3373 3033 3497 3073 cum

1903 3114 2250 3186 apparuerit,
2301 3111 2511 3166 similes
2540 3109 2589 3165 ei
2631 3108 2860 3164 erimus.
2904 3107 3024 3164 Non
3060 3124 3191 3178 ergo
3233 3107 3499 3164 debemus

265 3204 346 3259 Ea:
388 3220 495 3272 quo
540 3211 705 3258 totum
753 3219 943 3274 corpus
985 3220 1077 3272 per
1120 3220 1285 3259 nexus
1327 3212 1376 3258 et
1411 3202 1797 3274 conjunctiones

1920 3210 1995 3266 sic
2027 3216 2271 3263 nostram
2314 3219 2560 3275 quarrcre
2591 3203 2845 3275 gloriam,
2891 3201 2946 3256 in
2979 3202 3233 3273 praesenti
3279 3218 3293 3256 :
3330 3217 3398 3256 ne
3428 3201 3497 3258 de

193 3298 638 3352 subministramus
672 3306 721 3351 et
751 3305 1101 3351 constructum
1139 3297 1339 3351 crescit.
1364 3297 1502 3365 Quia
1535 3294 1798 3351 membris

200 3405 298 3460 per
338 3400 515 3445 totum
555 3404 755 3460 corpus
796 3388 1039 3445 membra
1078 3390 1400 3459 junguntur.
1448 3389 1796 3460 Quicumque

198 3481 361 3553 igitur
384 3492 541 3539 extra
575 3481 679 3536 hoc
708 3495 907 3551 corpus
937 3491 1055 3549 est,
1081 3481 1482 3552 quantumlibet
1502 3496 1562 3537 se
1589 3487 1757 3551 jactet
1780 3520 1796 3547 ,

199 3572 290 3628 ille
317 3584 481 3645 caput
510 3588 618 3629 non
642 3572 838 3638 habet,
870 3572 1011 3642 quod
1046 3581 1129 3627 εει
1154 3570 1404 3627 Christus
1433 3572 1523 3643 qui
1555 3576 1795 3630 estvita.

270 3665 337 3721 In
381 3675 717 3738 augmentum
766 3665 883 3719 Dei.
936 3667 1299 3737 Augmcntum
1332 3664 1477 3720 illius
1509 3680 1755 3738 Corporis
1781 3709 1798 3734 ,

193 3760 334 3831 quod
363 3758 577 3815 unitum
603 3767 687 3814 est
717 3755 848 3813 Deo.

265 3851 326 3907 Si
354 3868 478 3923 ergo
504 3851 697 3905 mortui
722 3851 843 3904 estis
871 3866 985 3904 cum
1016 3847 1221 3904 Christo
1257 3848 1321 3903 ab
1349 3850 1609 3905 elementis
1642 3851 1799 3924 hujus

194 3945 395 3999 mundi.
434 3945 667 4000 Possunt
697 3942 923 4014 intelligi
962 3942 1123 3998 etiam
1166 3942 1426 4011 avaritia,
1460 3943 1673 3998 luxuria
1696 3986 1711 4012 ,
1745 3952 1804 4001 et

195 4048 390 4093 caetera
415 4037 503 4092 his
532 4035 756 4091 similia.

265 4133 409 4199 Quid
460 4129 640 4183 adhuc
685 4136 947 4199 tamquam
986 4128 1205 4183 viventes
1252 4128 1446 4184 mundo
1490 4128 1803 4186 decernitis?

194 4224 268 4280 Ne
298 4221 728 4280 similitudinem
752 4221 972 4292 quidem
998 4221 1164 4275 ullam
1187 4220 1485 4275 viventium
1516 4220 1569 4275 in
1595 4220 1798 4277 mundo

192 4320 368 4375 voluit
400 4331 506 4374 nos
528 4315 728 4371 habere
757 4331 771 4369 :
805 4314 912 4372 hoc
939 4325 1023 4372 est
1045 4361 1058 4385 ,
1096 4314 1312 4370 illorum
1331 4355 1346 4381 ,
1374 4314 1464 4387 qui
1490 4314 1667 4369 futura
1693 4331 1800 4371 non

194 4413 452 4468 credunt.

266 4510 352 4565 Ne
398 4506 671 4578 tetigeritis
697 4547 711 4571 ,
758 4519 921 4576 neque
949 4502 1303 4575 gustareritis,
1335 4518 1497 4573 neque
1521 4510 1803 4557 contrecta-

1901 3303 2059 3359 nobis
2079 3314 2291 3373 quoque
2316 3298 2561 3353 dicatur:
2584 3297 2954 3365 Percepcrunt
2981 3294 3286 3351 mercedem
3316 3309 3491 3350 suam.
3576 3306 3581 3313 ‘

1976 3396 2292 3466 Mortiﬁcate
2326 3410 2471 3464 ergo.
2503 3391 2657 3460 Quod
2688 3389 2920 3460 professi
2951 3390 3107 3455 estis,
3140 3388 3384 3458 implete.

1977 3488 2210 3543 Membra
2258 3497 2426 3541 vestra
2470 3500 2585 3555 qua:
2632 3492 2755 3538 sunt
2802 3499 2960 3553 super
3002 3489 3213 3538 terram.
3256 3481 3495 3538 Membra

1900 3582 2159 3639 vitiorum
2188 3587 2495 3633 vestrormn
2540 3595 2555 3631 :
2601 3575 2720 3631 sive
2746 3577 2949 3629 malum
2975 3573 3369 3642 membrorum,
3398 3588 3495 3630 no-

1903 3677 2075 3731 minat.
2105 3683 2287 3725 vestra
2312 3668 2577 3724 membra.

1974 3764 2427 3830 Fornicatiouem,
2474 3760 2887 3828 immunditiam,
2934 3759 3224 3815 libidinem.
3266 3758 3498 3816 Omnem

1903 3860 2321 3933 impudicitiam,
2352 3865 2408 3913 et
2454 3855 2875 3924 immunditiam,
2908 3862 2965 3910 et
3005 3854 3286 3911 libidinem
3326 3854 3502 3910 nomi-

1904 3952 2072 4011 navit.

1976 4042 2468 4115 Concupiscentiam
2514 4038 2729 4094 malam.
2761 4037 2858 4094 Est
2887 4038 3033 4094 enim
3062 4034 3501 4107 concupiscentia

1904 4142 2072 4197 bona.
2104 4136 2262 4193 Unde
2307 4135 2495 4191 Daniel
2538 4135 2621 4189 vir
2652 4131 3224 4203 concupiscentiarum
3251 4127 3496 4199 appella-

1905 4246 2014 4292 tur.
2047 4231 2114 4286 Et
2144 4227 2313 4284 David
2345 4226 2521 4297 inquit
2568 4242 2582 4280 :
2632 4222 2989 4296 Concupiscit
3025 4231 3080 4277 et
3106 4219 3289 4277 deficit
3316 4218 3497 4274 anima

1904 4342 2024 4383 mea
2057 4326 2110 4379 in
2138 4320 2275 4377 atria
2308 4318 2545 4375 Domini.

1975 4416 2046 4472 Et
2073 4415 2390 4471 avaritiam:
2410 4427 2528 4481 qua:
2554 4417 2629 4465 est
2652 4407 3055 4464 simulacrorum
3084 4402 3322 4460 seruitus.
3350 4400 3499 4459 Nihil

1864 4564 1886 4585 ο
1908 4508 2132 4581 prodest
2162 4507 2276 4563 Deo
2308 4505 2551 4569 nomine,
2582 4510 2639 4556 et
2666 4502 2827 4555 idolis
2855 4496 3115 4567 cperibus
3140 4493 3372 4549 servire.

200 4604 393 4657 veritis.
439 4602 546 4657 lllo
594 4608 738 4655 tactu
761 4640 775 4665 ,
823 4607 875 4654 et
902 4607 1095 4669 gustu,
1129 4606 1183 4651 et
1205 4600 1665 4665 contrectatione,
1696 4614 1801 4668 quo
1827 4593 1881 4653 D
1977 4601 2202 4673 Propter
2226 4616 2343 4672 qua:
2366 4597 2502 4652 venit
2528 4598 2607 4650 ira
2630 4593 2727 4647 Dei
2753 4608 2909 4663 super
2930 4589 3069 4661 ﬁlios
3096 4585 3499 4643 incredulitatis.

198 4696 282 4762 hi,
324 4698 416 4767 qui
454 4691 916 4765 concupiscentiis
946 4691 1242 4746 abutuntur
1270 4732 1285 4757 ,
1325 4700 1384 4746 et
1417 4699 1632 4747 terrena
1669 4692 1794 4747 dili-

197 4798 330 4859 gunt
359 4804 463 4859 pro
489 4787 732 4842 internis.

270 4881 415 4952 Quae.
440 4889 567 4935 sunt
609 4881 784 4933 omnia
824 4878 881 4932 in
924 4876 1136 4932 interitu
1157 4877 1270 4949 ipso
1299 4893 1418 4931 usu.
1451 4877 1530 4932 Ex
1555 4878 1798 4950 partibus

202 4974 429 5040 mundi,
482 4973 855 5030 conditionem
907 4971 1079 5041 ipsius
1118 4971 1451 5025 advertimus
1484 4988 1498 5024 :
1531 4971 1617 5026 cui
1651 4973 1796 5027 enim

204 5068 448 5122 membra
480 5073 887 5137 componuntur
912 5070 1077 5133 atque
1106 5062 1391 5116 solvuntur
1416 5105 1430 5129 ,
1464 5077 1689 5118 necesse
1716 5074 1800 5119 est

200 5167 259 5212 ut
290 5170 440 5214 totus
473 5157 776 5229 aliquando
815 5156 1154 5225 compositus
1177 5152 1368 5221 fuerit,
1396 5165 1448 5209 et
1475 5154 1801 5226 quandoque

199 5254 447 5307 solvatur
479 5269 492 5304 :
520 5266 625 5306 non
662 5266 795 5319 ergo
837 5248 1083 5305 mortalia
1129 5263 1230 5319 pro
1273 5248 1673 5304 immortalibus
1701 5250 1799 5306 de-

201 5346 327 5398 bent
355 5343 509 5413 diligi
539 5352 593 5398 et
623 5344 865 5399 :eternis.
1420 5323 1435 5335 ’

272 5436 583 5495 Secundum
631 5444 889 5508 pmoepta
939 5446 987 5491 et
1033 5436 1293 5493 doctrinas
1347 5438 1649 5503 hominum,
1691 5455 1804 5509 qua:

199 5539 317 5585 sunt
348 5531 605 5584 rationem
636 5528 842 5599 quidem
872 5528 1116 5584 habentia
1146 5532 1442 5600 sapientiae,
1468 5532 1522 5586 in
1552 5533 1801 5603 supersti-

199 5622 338 5677 tione
369 5630 418 5677 et
440 5618 737 5674 humilitate
760 5634 778 5672 :
801 5627 848 5672 et
878 5636 980 5674 non
1010 5622 1078 5675 ad
1098 5623 1418 5694 parcendum
1440 5625 1677 5695 corpori,
1704 5640 1805 5678 non

201 5713 257 5767 in
302 5712 504 5768 honore
554 5712 729 5781 aliquo
773 5711 841 5763 ad
892 5714 1222 5768 saturitatem
1264 5717 1453 5771 carnis.
1494 5715 1804 5772 Secundum

198 5806 345 5881 quod
378 5803 545 5863 multi
592 5801 842 5860 homines
867 5842 884 5871 ,
915 5815 1107 5863 natura
1137 5806 1367 5865 docente
1390 5849 1403 5876 ,
1439 5807 1802 5875 tradiderunt,

1905 4695 2080 4764 Super
2110 4694 2432 4760 Sodomam,
2466 4698 2523 4745 et
2569 4702 2663 4743 eos
2712 4687 2803 4757 qui
2848 4686 2902 4739 in
2943 4683 3145 4738 diluvio
3194 4679 3498 4751 perierunt.

1904 4790 1985 4844 Ex
2018 4787 2313 4859 praeteritis
2342 4799 2475 4854 ergo
2505 4779 2796 4847 exemplis,
2822 4777 3002 4832 futura
3040 4774 3279 4830 timenda
3312 4782 3461 4828 sunt.

1976 4884 2044 4938 In
2069 4883 2254 4954 quibus
2285 4890 2330 4934 et
2352 4894 2437 4932 vos
2460 4874 2770 4930 ambulastis
2796 4870 3102 4943 aliquando,
3128 4867 3500 4951 cumriveretis

1903 4979 1957 5033 in
1988 4977 2117 5031 illis.
2145 4974 2302 5027 Nunc
2323 4981 2496 5025 autem
2528 4967 2771 5039 deponite
2793 4975 2839 5020 et
2862 4981 2947 5019 ros
2970 4964 3163 5018 omnia.
3191 4960 3370 5017 Nolite
3400 4961 3500 5015 ita-

1904 5084 2011 5141 que
2041 5082 2184 5122 nunc
2206 5064 2510 5127 ambulare,
2536 5075 2602 5115 ne
2626 5059 2827 5114 frustra
2849 5053 3143 5113 videamini
3174 5051 3495 5109 credidisse.

1978 5161 2143 5226 Iram,
2177 5156 2609 5230 indignationem,
2639 5150 2920 5218 malitiam,
2950 5146 3344 5219 blasphemiam.
3380 5145 3499 5213 Ipsa

1905 5263 2008 5319 est,
2058 5267 2179 5322 qua:
2228 5247 2465 5305 inebriat
2515 5252 2792 5311 mentem,
2841 5256 2938 5313 per
2984 5240 3248 5295 malitim
3293 5235 3500 5293 inferre

1906 5345 2085 5407 alteri,
2117 5342 2263 5414 quod
2294 5339 2405 5412 pati
2435 5338 2595 5393 nolis.

1980 5439 2211 5507 Turpem
2238 5449 2528 5490 sermonem
2562 5430 2625 5485 de
2655 5445 2743 5483 ore
2785 5435 2971 5484 uestro.
3012 5426 3151 5495 Quia
3180 5423 3269 5480 hic
3314 5422 3368 5478 in
3416 5421 3502 5477 di-

1908 5529 2149 5601 sciplinis
2201 5527 2330 5581 ﬁliis
2382 5523 2657 5580 hominum
2720 5536 2828 5575 non
2882 5520 3173 5585 convenit,
3222 5516 3503 5573 educatis:

1909 5628 2111 5693 quanto
2158 5618 2330 5688 magis
2376 5616 2506 5681 Dei,
2555 5612 2751 5686 quibus
2798 5628 2907 5667 non
2958 5611 3141 5667 minus
3189 5618 3275 5667 est
3330 5608 3502 5680 turpis

1908 5730 2111 5784 sermo,
2143 5730 2304 5786 quam
2339 5714 2521 5770 actus!

1982 5807 2160 5865 Nolite
2193 5809 2399 5867 mentiri
2427 5807 2666 5868 invicem.
2694 5805 2807 5863 Non
2833 5805 2994 5865 decet
3025 5804 3243 5865 mentiri
3272 5802 3502 5864 invicem
