4004 6312
546 318 653 378 859

1592 316 1649 371 s.
1693 312 2075 370 tttcnoarut
2115 310 2392 368 UPERUM
2433 284 2797 369 M.\NTISSA.

3749 308 3846 366 860

554 438 715 494 tilias.
742 439 1014 507 veritatis,
1057 452 1178 494 cum
1207 437 1277 492 de
1308 436 1536 492 veritate
1566 452 1672 490 non
1703 436 1773 491 sit
1802 450 1965 492 omne
1991 449 2145 490 men-
2173 430 2222 493 A
2249 432 2440 499 gratia.
2470 431 2719 497 Psalmis,
2753 436 2813 485 ut
2844 429 3009 485 David
3036 448 3049 484 :
3078 429 3317 501 hymnis,
3351 437 3401 482 ιιι
3439 428 3608 484 trium
3655 436 3850 499 phem-

552 529 789 587 daciutu.

627 622 996 694 Exspatiantes
1054 637 1141 675 eos
1192 630 1416 675 vetarem
1454 620 1715 702 hominem
1773 637 1891 677 cum
1948 620 2145 677 actibus

555 716 688 769 suis.
720 712 851 767 Cum
882 713 1095 767 actibus
1127 712 1489 783 voluptatum.

626 804 697 858 Et
742 805 1015 860 indttentes
1059 821 1269 872 novum,
1317 821 1434 859 eum
1476 805 1565 875 qui
1594 813 1872 859 renovatur
1905 807 1955 857 in
1997 808 2147 879 agni-

555 898 695 969 tione
738 897 854 951 Dei.
901 895 1035 952 Cum
1090 899 1428 967 cognoverit,
1484 898 1642 969 cujus
1690 900 1865 968 imago
1913 909 2041 954 est:
2094 908 2149 955 et

557 990 875 1060 inquantum
905 988 1067 1043 debet
1098 1000 1149 1044 et
1185 1000 1381 1058 potest,
1421 991 1610 1045 nititur
1639 990 1920 1046 simulare.

630 1084 931 1139 Secundum
976 1084 1257 1156 imaginem
1310 1086 1419 1153 ejus
1445 1086 1533 1155 qui
1566 1087 1755 1141 crearit
1791 1103 1931 1140 eum.
1964 1085 2146 1156 Expo-

562 1174 673 1228 sttit
701 1175 991 1243 imaginem
1023 1175 1074 1228 in
1106 1186 1226 1229 actu
1260 1177 1586 1231 consistere.

634 1266 733 1321 Ubi
761 1284 861 1320 non
891 1276 963 1321 est
994 1266 1257 1322 masculus
1285 1279 1334 1321 et
1365 1271 1577 1338 furtiua,
1602 1268 1812 1341 gentilis
1840 1280 1887 1323 et
1907 1269 2149 1339 Judteus,

557 1362 881 1415 circumcisio
918 1372 963 1416 ct
990 1365 1328 1434 praeputium,
1362 1363 1613 1418 barbarus
1644 1376 1693 1420 et
1723 1366 1937 1438 Scytha,
1974 1384 2152 1422 servus

560 1463 607 1506 et
655 1453 804 1507 liber.
854 1455 1009 1524 Apud
1056 1455 1223 1508 Deum
1278 1472 1383 1510 non
1448 1457 1763 1527 prtejudieat
1813 1474 2014 1528 sexus,
2068 1461 2153 1515 vel

564 1562 757 1616 genus,
792 1552 874 1601 vel
908 1548 1169 1615 conditio,
1201 1549 1293 1603 sed
1321 1551 1671 1605 conversatio
1703 1552 1842 1606 sola.

638 1640 925 1692 Scdomnia
946 1640 1055 1692 ctitt
1079 1640 1311 1695 omnibus
1332 1641 1589 1696 Christus.
1611 1644 1812 1700 Omnes
1835 1646 2156 1718 quicumque

566 1730 817 1797 baptizati
847 1746 1055 1797 sumus,
1087 1729 1362 1787 Christum
1397 1732 1696 1791 induimus.

2248 538 2370 578 rum
2417 542 2430 577 :
2479 524 2725 590 entttieis,
2762 533 2820 577 ιιι
2849 522 3043 594 Moysi,
3092 532 3146 576 et
3191 529 3543 583 catternrum,
3577 534 3703 586 qua:
3736 530 3846 573 sunt

2249 616 2678 684 spiritualia:et
2726 630 2830 671 non
2876 615 3205 681 carnalibus,
3242 613 3327 669 vel
3373 613 3635 684 turpibus
3684 615 3845 667 canti-

2250 708 2409 763 lenis.

2321 800 2601 855 Cantantes
2626 801 2677 855 in
2706 800 2947 855 cordibus
2973 800 3153 855 vestris
3187 798 3430 853 Domino.
3465 796 3753 867 Nusquam
3779 794 3847 850 le-

2250 893 2429 964 gimus
2475 893 2707 962 aliquem
2750 895 2871 948 sine
2920 909 3050 948 voce
3090 904 3361 948 cantasse.
3413 889 3575 947 Unde
3627 902 3847 946 necesse

2250 996 2333 1039 est
2366 984 2472 1051 hic,
2523 987 2575 1039 iit
2615 986 2801 1050 corde,
2850 1001 2916 1040 ex
2948 985 3117 1041 corde
3165 983 3420 1055 intelligi,
3455 983 3705 1047 scilicet,
3750 997 3849 1037 non

2252 1078 2430 1133 solum
2464 1095 2580 1142 ore.
2615 1081 2711 1135 sed
2744 1081 2907 1135 etiam
2938 1079 3105 1135 corde
3150 1089 3474 1134 cantemus:
3508 1074 3849 1143 Conﬁtebor,

2252 1173 2448 1239 inquit,
2488 1172 2581 1226 tibi
2615 1173 2865 1236 Domine,
2900 1174 2952 1226 in
2986 1181 3101 1227 toto
3130 1171 3298 1226 corde
3324 1185 3473 1227 meo.

2332 1264 2494 1318 UMnc
2531 1265 2888 1335 quodcumque
2933 1265 3105 1334 facitis
3148 1265 3202 1318 in
3252 1263 3402 1319 verbo
3446 1274 3541 1319 aut
3582 1267 3642 1320 in
3681 1283 3849 1337 opere,

2256 1357 2430 1411 omnia
2462 1360 2513 1411 in
2547 1357 2754 1411 nomine
2789 1355 2997 1410 Domini
3028 1357 3195 1409 nostri
3230 1354 3361 1410 Iesu
3401 1353 3601 1411 Chriin
3622 1375 3641 1410 :
3664 1359 3851 1431 gratias

2256 1460 2459 1521 agentes
2511 1451 2612 1505 Deo
2643 1462 2691 1504 et
2728 1450 2875 1504 Patri
2922 1467 3011 1522 per
3059 1452 3252 1520 ipsum.
3292 1450 3423 1505 Sive
3467 1452 3712 1520 ducetis,
3745 1455 3853 1510 sive

2258 1543 2580 1609 operamini,
2614 1542 2749 1596 ιηίΙιίί
2792 1543 2858 1595 ad
2907 1549 3161 1606 VCSll‘altl,
3194 1542 3289 1596 sed
3319 1542 3502 1596 omnia
3535 1544 3606 1599 ad
3638 1546 3850 1601 Domini

2258 1636 2483 1705 gloriam
2516 1633 2761 1690 faciatis:
2795 1635 2902 1687 Deo
2934 1635 3135 1704 gratias
3186 1633 3512 1699 referentes,
3544 1638 3633 1705 qui
3662 1634 3858 1692 Filium

2260 1743 2416 1783 suum
2449 1726 2515 1780 ad
2549 1733 2663 1781 time
2692 1726 2937 1781 docenda
2968 1726 3246 1780 destinare
3278 1725 3538 1795 dignatus
3564 1736 3654 1784 est
3681 1745 3698 1784 :
3724 1730 3855 1799 sive,

638 1821 853 1877 Induitc
884 1842 968 1877 eos
999 1841 1119 1895 ergo
1151 1825 1278 1878 sicut
1313 1826 1456 1880 electi
1489 1824 1618 1892 Dei,
1665 1830 1833 1883 sancti
1874 1840 1921 1884 et
1952 1831 2151 1889 dilecti.

2290 1836 2358 1874 ter
2387 1831 2543 1874 aetus
2576 1830 2788 1875 vestros
2821 1819 2934 1873 Deo
2964 1820 3149 1889 gratiae
3183 1817 3515 1875 refcrantur.

568 1914 667 1970 Illa
696 1916 1054 1985 deponentes,
1090 1919 1296 1973 induite
1324 1937 1335 1971 :
1360 1922 1485 1988 quia
1518 1921 1583 1973 ad
1620 1922 1719 1975 hoc
1750 1922 1875 1977 laeti
1904 1923 2055 1978 estis.

648 2008 863 2065 Viscera
905 2012 1303 2077 utiser.'t:ordt'rc,
1349 2013 1737 2084 benignitatrm,
1788 2013 2157 2086 humilitatem,

570 2105 897 2170 modestiam,
947 2106 1269 2174 patientium.
1324 2106 1457 2171 Quia
1506 2109 1597 2162 illa
1648 2111 1888 2164 membra
1925 2111 2156 2179 dixetat,

571 2197 686 2252 hate
716 2198 930 2255 viscera
961 2202 1276 2256 nominavit.

646 2290 1055 2361 Supportantes,
1090 2295 1325 2349 inuicem.
1364 2297 1625 2367 Exemplo
1676 2300 1899 2367 Christi,
1950 2300 2039 2371 qui
2073 2304 2160 2356 itt-

574 2380 858 2439 lirntitates
884 2394 1096 2440 nostras
1130 2390 1382 2454 portavit.

648 2474 714 2529 Et
764 2479 1017 2533 donantes
1064 2480 1457 2551 nobismetipsis.
1510 2483 1853 2553 lnditlgentcs
1906 2486 2159 2555 invicem,

575 2572 718 2623 sicut
744 2568 991 2626 Christus
1036 2573 1288 2628 munibus
1336 2574 1557 2631 indulsit
1598 2593 1609 2631 :
1657 2579 1821 2633 etiant
1856 2595 1950 2649 pro
1978 2596 2165 2650 putsc-

576 2661 856 2715 cultoribus
887 2679 1070 2731 orans,
1104 2673 1161 2719 ut
1189 2674 1243 2720 et
1274 2667 1434 2721 nobis
1480 2685 1509 2721 a
1556 2670 1711 2725 Patre
1744 2674 1952 2726 emlesti
1987 2674 2164 2728 debita

578 2754 927 2809 remittantur
963 2772 973 2809 :
1020 2773 1089 2813 ne
1135 2760 1425 2829 impleatur
1467 2763 1518 2815 in
1552 2763 1705 2818 vobis
1740 2765 1827 2818 illa
1861 2766 2162 2819 sententia:

582 2843 753 2899 llomo
803 2848 1007 2902 homini
1055 2863 1297 2906 reservat
1343 2854 1507 2922 iram,
1554 2867 1605 2911 et
1638 2872 1667 2910 τι
1696 2854 1925 2913 Dbtttino
1972 2861 2169 2930 qttmrit

582 2938 867 3006 Ittcdclatn,
902 2949 1010 2995 etc.

655 3031 716 3086 Si
760 3033 873 3103 quis
916 3035 1165 3091 adversus
1211 3038 1432 3111 aliquem
1478 3044 1624 3097 habet
1671 3047 1950 3115 querelam.
1988 3046 2167 3102 Unus-

580 3123 807 3196 quisque
855 3126 1073 3181 malitite
1115 3132 1342 3198 proximi
1392 3134 1473 3188 sui
1524 3150 1628 3189 non
1692 3139 2050 3195 meminerit:
2103 3156 2169 3193 ne

2336 1911 2601 1975 Mulieres,
2632 1911 2854 1966 subditae
2881 1920 3038 1966 estote
3072 1912 3196 1965 viris
3226 1913 3433 1983 castris,
3467 1913 3604 1968 sicut
3642 1924 3857 1979 oportet,

2262 2005 2316 2059 in
2348 2005 2592 2059 Domino.
2618 2003 2924 2059 Secundam
2961 2006 3155 2074 legem,
3187 2006 3240 2063 in
3270 2005 3355 2059 his
3380 2021 3503 2076 qua:
3534 2010 3862 2063 conveniunt

2268 2096 2516 2150 Domino.

2343 2187 2484 2254 Viri,
2528 2188 2729 2259 diligite
2775 2204 2963 2243 uxores
3009 2197 3201 2242 uestras
3222 2232 3235 2252 .
3287 2197 3336 2243 et
3367 2190 3531 2245 nolite
3562 2193 3743 2245 amari
3772 2211 3821 2245 rs
3846 2210 3866 2247 e

2267 2282 2337 2334 ad
2388 2280 2532 2334 illas.
2584 2279 2975 2341 Filii.obedite
3006 2282 3311 2351 parentibus
3353 2299 3446 2353 per
3492 2286 3678 2337 omnia
3717 2302 3736 2338 :
3777 2288 3867 2339 hoc

2267 2376 2403 2428 enim
2447 2375 2700 2445 placitum
2744 2375 2899 2429 estin
2941 2374 3185 2429 Domino.
3221 2375 3529 2447 Numquam
3564 2394 3687 2431 rem
3724 2389 3867 2431 natu-

2268 2467 2435 2521 ralem
2469 2466 2808 2533 hortaretur,
2844 2468 2946 2522 nisi
2980 2469 3325 2525 continentes
3374 2485 3494 2525 esse
3548 2475 3867 2542 coepissent,

2267 2559 2404 2615 sicut
2437 2559 2501 2613 ad
2533 2559 2802 2628 Ephesios
2831 2562 3046 2631 plenius
3080 2573 3323 2618 notatum
3356 2576 3459 2620 ρει.

2345 2653 2562 2721 Patres,
2620 2654 2781 2708 nolite
2818 2658 2887 2709 ad
2926 2656 3338 2729 indignationem
3399 2675 3693 2727 provocare
3740 2662 3869 2731 ﬁlios

2270 2755 2464 2800 uestros
2508 2761 2527 2799 :
2569 2755 2624 2799 ut
2671 2763 2771 2799 non
2824 2748 3020 2815 pusillo
3069 2748 3242 2801 animo
3271 2748 3421 2818 ﬁant.
3456 2748 3540 2804 Ne
3568 2751 3870 2822 exasperati

2274 2838 2518 2893 iracundi
2564 2840 2715 2903 liant,
2763 2840 2853 2909 qtti
2904 2841 3158 2910 exemplo
3205 2849 3413 2908 vestro,
3448 2843 3776 2912 patientiam
3805 2842 3873 2898 dt-

2273 2947 2424 2986 scere
2456 2932 2793 2986 debuissent.

2348 3024 2517 3089 Servi,
2565 3023 2766 3078 obedite
2807 3042 2899 3096 per
2940 3027 3115 3080 omnia
3144 3024 3365 3080 dominis
3413 3028 3747 3083 carnalibus.
3777 3028 3870 3096 Qui

2275 3117 2454 3171 carnis
2480 3118 2647 3171 solam
2684 3118 3107 3172 dominationem
3136 3129 3417 3176 exercent.

580 3219 719 3276 forte
765 3221 1047 3292 exigentes
1094 3240 1124 3278 a
1172 3228 1472 3292 conservis,
1506 3230 1667 3283 etiam
1715 3234 1929 3301 propria
1963 3235 2162 3288 indulta

2348 3208 2470 3264 Non
2516 3210 2584 3265 ad
2626 3211 2835 3265 oculum
2877 3215 3187 3281 seruientes,
3223 3214 3375 3284 quasi
3416 3212 3721 3269 haminibtts
3766 3217 3875 3284 pln-

582 3318 815 3375 reddere
845 3335 1121 3390 cogamur.

652 3412 799 3468 Sicut
831 3423 876 3467 et
923 3413 1179 3471 Dominus
1206 3414 1416 3473 donavit
1461 3419 1621 3488 robis,
1656 3422 1731 3475 ita
1760 3429 1808 3474 et
1847 3436 1954 3476 vos.
1994 3423 2049 3479 Si
2079 3424 2171 3481 ille

580 3502 805 3558 indulsit
851 3506 943 3574 qtti
1000 3508 1174 3577 putuit
1220 3525 1233 3562 :
1277 3509 1537 3574 Vindicta,
1572 3522 1665 3566 attt
1712 3513 1880 3578 nulla,
1915 3522 2007 3568 aut
2038 3518 2171 3572 satis

579 3612 740 3665 parva
765 3607 871 3652 est.

653 3689 823 3756 Super
854 3693 1029 3745 omnia
1072 3704 1244 3748 autem
1276 3695 1387 3749 lucc
1420 3696 1726 3752 charitatem
1766 3699 1966 3755 habete.
1999 3700 2175 3771 Super

584 3778 699 3831 haec
728 3781 907 3833 tnnttia
941 3786 1023 3838 est
1069 3785 1305 3841 eharitas
1345 3806 1359 3842 :
1401 3789 1523 3857 quin
1555 3807 1771 3845 omnem
1802 3806 1960 3863 quem
1993 3794 2171 3865 diligi—

582 3885 724 3932 mus,
762 3874 1097 3927 sustinemus
1126 3894 1138 3928 :
1184 3886 1240 3931 et
1266 3894 1374 3932 non
1407 3896 1620 3936 omnem
1650 3896 1807 3953 quam
1838 3884 2170 3950 sntit-rimus,

577 3961 872 4035 diligimus.

655 4057 807 4124 Quod
866 4068 941 4112 est
1002 4059 1265 4116 vinculum
1314 4066 1664 4136 perfectionis.
1726 4069 1978 4126 Charitas
2026 4073 2171 4128 enim

583 4153 749 4208 multa
778 4154 1016 4207 membra
1048 4156 1098 4208 in
1133 4172 1295 4211 unum
1329 4160 1532 4227 colligit
1563 4178 1779 4231 corpus.

654 4247 721 4301 Et
752 4250 856 4315 part:
880 4247 1091 4303 Cltristi.
1128 4250 1244 4304 Non
1281 4253 1498 4314 Siccull,
1530 4272 1689 4321 quam
1726 4257 1879 4310 nobis
1911 4254 2170 4327 reliquit:

578 4341 667 4410 qui
716 4357 813 4410 pro
846 4341 1100 4397 omnibus
1145 4355 1393 4398 mortuus
1438 4352 1542 4414 est,
1591 4356 1646 4400 et
1679 4363 1778 4402 nos
1813 4350 2061 4406 inimicos
2092 4352 2171 4406 di-

580 4434 734 4490 lexit.

654 4525 895 4582 Exsultat
926 4529 978 4582 in
1020 4530 1261 4584 cordibus
1306 4532 1506 4599 vestris,
1558 4533 1611 4586 in
1652 4549 1753 4603 qua
1781 4543 1826 4588 et
1857 4529 2171 4598 uocati'cstis

2275 3311 2464 3356 centes.
2494 3301 2608 3356 Non
2641 3302 2707 3357 ad
2742 3304 2845 3357 hoc
2878 3315 3113 3369 tantum,
3146 3312 3206 3357 ut
3235 3304 3551 3359 hominibus
3582 3306 3799 3361 videam
3826 3308 3873 3361 ni

2274 3396 2589 3452 carnalibus
2619 3397 2954 3452 laborantes.

2348 3489 2457 3545 Sed
2481 3491 2535 3543 in
2562 3490 2895 3559 simplicitate
2938 3493 3108 3546 cordis
3150 3492 3390 3546 timentes
3434 3490 3743 3549 Dominum.
3776 3494 3877 3563 Qui

2276 3582 2474 3651 ubique
2511 3591 2729 3652 Semper
2758 3584 2926 3649 videt,
2954 3596 3004 3639 et
3038 3578 3277 3640 custodit
3306 3601 3470 3640 omne
3496 3587 3645 3656 quod
3678 3588 3876 3642 factum

2276 3684 2379 3730 est.

2352 3769 2728 3841 Quodcumque
2753 3772 2947 3841 facitis,
2979 3789 3043 3826 ea:
3074 3772 3247 3825 animo
3286 3775 3577 3843 op.rantini
3604 3778 3739 3828 sicut
3770 3776 3876 3829 Ι)οο

2279 3862 2438 3925 mino,
2463 3870 2511 3915 et
2543 3878 2643 3913 non
2676 3862 2991 3915 hominibus.
3019 3861 3134 3916 Non
3166 3863 3494 3919 neceSSitate
3524 3864 3879 3933 conditionis,

2277 3952 2372 4007 sed
2422 3954 2703 4023 religionis
2735 3953 2900 4009 tacite
2930 3955 3217 4010 voluntate
3246 3974 3259 4011 :
3287 3960 3345 4011 ut
3375 3971 3468 4028 per
3491 3972 3660 4026 opera
3696 3973 3881 4015 vestra

2283 4043 2513 4098 Domino
2555 4045 2748 4114 gratiae
2799 4046 3129 4112 refcrantur,
3162 4063 3283 4101 cum
3314 4062 3380 4103 ex
3411 4056 3654 4118 tempore
3684 4051 3883 4107 credu-

2279 4134 2445 4189 litatis
2479 4138 2602 4191 talia
2640 4137 2875 4193 viderint
2908 4139 3205 4205 prolicisei.

2352 4227 2605 4297 δείινηιεε,
2651 4231 2790 4299 quod
2833 4248 2865 4283 a
2916 4230 3142 4285 Domino
3183 4233 3450 4302 accipietis
3492 4237 3879 4291 retributionem

2279 4322 2619 4377 Ittcrcditatis.
2684 4325 2861 4378 Nolite
2928 4336 3117 4393 putare
3177 4338 3417 4383 vestrum
3482 4329 3875 4385 ittl'ruetuosmtt

2279 4430 2399 4469 esse
2447 4416 2730 4467 servitium
2779 4434 2792 4470 :
2838 4417 2980 4485 quod
3040 4429 3263 4486 propter
3312 4420 3479 4474 Deum
3536 4421 3875 4487 exhibitura,

2279 4508 2487 4562 cretesu
2515 4510 2961 4565 remuneratione
2994 4512 3333 4578 pettsahitur.

583 4619 635 4673 in
688 4632 792 4674 uno
823 4637 1054 4691 corpore.
1106 4623 1222 4679 Non
1274 4623 1326 4679 in
1378 4618 1517 4681 incie
1565 4599 1831 4683 fallaciter
1873 4629 2166 4698 arridente,
2202 4605 2250 4665 θ
2350 4599 2574 4698 Doms"?
2602 4599 2806 4698 Chrisfo
2837 4603 3041 4698 “Mm
3072 4602 3193 4672 lpse
3236 4604 3385 4660 enim
3411 4606 3590 4661 serv"
3628 4608 3762 4674 Deo’
3794 4607 3877 4672 qui

577 4712 660 4767 vel
691 4724 942 4770 sermone
969 4715 1178 4773 dolo-0.
2149 4774 2153 4777 .

653 4804 722 4858 Et
751 4808 888 4878 grati
917 4816 1095 4862 estote.
1126 4809 1409 4865 Beneﬁciis
1440 4812 1650 4868 scilicet
1690 4810 1914 4870 CltriSti.
1950 4815 2006 4871 In
2040 4833 2168 4872 non-

579 4899 739 4953 nullis
785 4900 1192 4972 ex'emplaribus
1242 4905 1421 4973 habet,
1452 4903 1639 4960 Gratia
1685 4918 1891 4964 estote:
1922 4909 2022 4965 boe
2062 4921 2165 4978 est,

584 4993 753 5047 nolite
780 4992 908 5064 Legi
940 4995 1253 5066 assimilari,
1286 5013 1407 5066 qure
1448 4999 1621 5055 vicem
1666 5001 1873 5067 reddit,
1917 5002 2011 5058 sed
2040 5003 2174 5060 Gra-

583 5083 671 5136 tite
695 5100 707 5135 :
732 5099 851 5154 quae
883 5085 1111 5156 ignoscit
1154 5090 1317 5144 etiam
1370 5090 1636 5157 inimicis,
1667 5103 1719 5147 et
1755 5110 1849 5163 pro
1878 5096 1960 5151 eis
1988 5096 2173 5152 Domi-

579 5190 708 5230 num
736 5177 1075 5246 deprecatur.

660 5268 881 5325 Verbum
920 5272 1117 5329 Christi
1160 5276 1353 5332 habitet
1401 5279 1452 5332 in
1499 5278 1638 5332 vobis
1684 5279 2029 5333 abundanter.
2075 5280 2170 5335 llic

580 5365 888 5419 ostenditur
946 5368 1170 5423 verbttm
1231 5371 1431 5426 Christi
1494 5387 1601 5427 non
1660 5374 2008 5443 sufﬁcienter,
2071 5375 2167 5431 sed

583 5456 925 5513 abundanter
950 5458 1114 5516 etiam
1145 5460 1314 5518 laieos
1349 5465 1553 5523 habere
1590 5466 1790 5533 debere
1826 5485 1839 5523 :
1885 5479 1936 5524 et
1968 5468 2167 5526 docere

577 5559 637 5603 se
666 5548 917 5617 invicem,
949 5553 1035 5608 vel
1073 5571 1314 5611 monere.

649 5638 712 5694 In
761 5645 900 5697 omni
943 5647 1199 5717 sapientia
1248 5649 1482 5707 docentes
1526 5662 1573 5706 et
1618 5666 2002 5710 commonentes
2058 5672 2175 5711 vos-

579 5735 840 5802 metipsos.
877 5736 939 5791 Ut
973 5742 1245 5809 ~apienter
1272 5756 1323 5797 et
1362 5746 1758 5802 rationabiliter
1790 5747 2118 5814 maturatur.

647 5818 710 5874 In
754 5826 987 5895 psalmis,
1030 5838 1076 5883 et
1119 5832 1345 5903 hymnis,
1392 5844 1440 5891 et
1479 5840 1690 5892 canticis
1717 5838 2090 5909 spiritualibus
2118 5842 2170 5897 in

2281 4703 2503 4762 pmpter
2530 4693 2706 4761 ipsum
2742 4694 2947 4749 homini
2980 4697 3172 4752 servit.

2351 4786 2452 4854 Qui
2494 4790 2626 4841 enim
2669 4789 2920 4860 injuriam
2961 4791 3109 4860 facit,
3160 4792 3371 4863 recipiet
3421 4792 3478 4845 id
3525 4794 3671 4864 quod
3716 4794 3883 4865 inique

2274 4880 2451 4951 gessit.
2487 4879 2552 4933 Et
2598 4898 2701 4935 non
2751 4891 2826 4936 est
2853 4899 3195 4954 personarum
3237 4886 3470 4954 acceptio
3520 4888 3669 4959 apud
3698 4885 3880 4942 Deum.

2276 4971 2404 5027 Sive
2450 4987 2670 5034 servus.
2705 4974 2794 5043 qui
2829 4974 3116 5030 dominum
3169 4980 3569 5047 contempserit
3598 4996 3612 5032 :
3638 4982 3760 5034 sive
3792 4982 3883 5032 do-

2284 5081 2406 5131 ntis,
2438 5069 2525 5135 qui
2556 5081 2771 5122 servum
2803 5066 2991 5137 inique
3043 5072 3385 5126 tractaverit.
3436 5071 3567 5127 ideo
3601 5072 3707 5128 hoc
3737 5075 3883 5135 dicit,

2283 5166 2337 5209 nt
2368 5158 2801 5214 οοιιευιειιίυιιθιιι
2855 5160 3125 5228 habeant,
3175 5163 3414 5219 scientes
3461 5178 3621 5221 suam
3668 5167 3886 5222 inuitant

2280 5264 2387 5304 non
2414 5264 2537 5306 esse
2569 5251 2819 5321 injuriam
2849 5252 2992 5323 apud
3022 5254 3215 5309 Deum.

2890 5432 3117 5489 CAPUT
3163 5434 3252 5491 IV.

2354 5568 2583 5635 Domini,
2625 5568 2765 5636 quod
2803 5573 3008 5643 justum
3052 5581 3148 5638 est,
3182 5576 3232 5627 et
3271 5588 3500 5645 wqttunt,
3556 5577 3727 5631 servis
3762 5594 3893 5645 prir-

2276 5667 2422 5712 state.
2459 5659 2646 5714 Patres
2677 5662 2847 5731 magis
2882 5678 2976 5717 vos
3009 5666 3214 5719 sentire
3241 5664 3467 5729 debent,
3498 5682 3675 5735 quam
3711 5670 3891 5724 domi-

2279 5764 2397 5802 nos.
2431 5748 2585 5805 Unde
2610 5766 2659 5805 et
2694 5755 3108 5822 patresfamilias
3134 5756 3500 5827 appellantar.

2354 5840 2586 5899 Scicntes
2617 5846 2861 5913 quoniam
2906 5856 2950 5902 et
2982 5864 3067 5903 vos
3100 5846 3380 5904 Demittunt
3410 5850 3619 5907 habetis
3657 5854 3709 5909 in
3747 5855 3893 5911 casio.
