4008 6188
178 293 277 353 861

678 291 1215 350 COMMENTARIUS
1255 291 1321 350 ΙΝ
1363 265 1748 350 EPISTULAM
1783 292 1807 351 Ι
1843 292 1935 349 ΑΙ)
1973 291 2696 351 THESSALUNICENSES.
2739 294 2892 350 CAP.
2936 294 2974 350 Ι.

3373 291 3480 351 Hii

175 411 404 478 Qualem
436 410 583 468 circa
615 426 712 467 vos
742 411 1026 467 Dominum
1057 411 1226 468 vultis
1251 425 1397 477 esse,
1430 410 1566 467 tales
1595 420 1646 467 et
1677 427 1772 467 vos
1799 414 1850 475 Α
1874 412 2037 466 vobis.
2071 411 2309 466 Securos
2341 413 2462 468 illos
2508 414 2622 467 vult
2668 428 2790 468 esse
2833 413 2902 468 de
2934 429 3030 468 sua
3081 413 3477 471 incolumitate,

176 514 353 558 cStote
380 521 503 559 cum
531 503 725 559 servis.

255 598 495 652 Orationi
526 599 738 658 instate,
774 596 1048 668 vigilantes
1077 596 1130 650 in
1160 611 1241 649 co.
1272 595 1606 666 Negligeutis
1634 595 1776 650 enim

175 702 232 747 ct
275 691 598 746 dormientis
627 691 826 757 oratio,
867 705 967 745 nec
1003 689 1071 744 ab
1116 688 1337 744 homine
1383 690 1643 760 prtevalet
1680 690 1780 743 im-

175 791 419 854 petrare.
1643 841 1657 860 κ

253 874 319 929 In
349 874 638 946 gratiarum
667 875 894 928 actione.
927 873 1034 930 Pro
1059 873 1341 940 omnibus,
1367 889 1487 945 quin
1517 888 1777 930 concessa

177 978 308 1024 sunt
337 968 515 1023 vobis.

256 1058 476 1112 Orontes
503 1059 664 1114 simul
693 1068 740 1114 et
769 1075 864 1131 pro
895 1059 1066 1126 nobis,
1099 1069 1156 1114 ut
1203 1057 1344 1114 Deus
1386 1059 1586 1130 aperiat
1632 1057 1780 1113 nobis

179 1151 369 1204 ostium
414 1154 664 1208 sermonis
709 1151 778 1205 ad
829 1151 1142 1222 loquendum
1193 1153 1496 1222 mysterium
1542 1149 1778 1204 Christi:

181 1254 396 1310 promer
420 1243 559 1314 quod
603 1245 760 1299 etiam
789 1244 989 1298 vinctus
1015 1260 1150 1300 sum.
1190 1243 1354 1300 Vobis
1395 1244 1541 1298 enim
1575 1243 1780 1298 oranti-

185 1335 313 1400 bus,
347 1336 394 1390 si
439 1337 505 1390 de
554 1336 904 1391 trilmlatiouo
951 1336 1270 1403 liberemur,
1320 1335 1482 1390 vobis
1530 1333 1779 1404 proﬁciet

179 1431 232 1485 in
264 1431 532 1485 doctrina.

256 1523 323 1578 Ut
355 1523 680 1594 mauifestem
726 1523 881 1588 illud,
927 1522 1002 1576 ita
1048 1532 1101 1575 ut
1151 1528 1352 1592 oportet
1403 1537 1482 1575 me
1511 1521 1672 1592 loqui.
1709 1521 1781 1578 Ut

177 1614 296 1685 ipse
325 1614 562 1669 destinet
594 1613 720 1685 quid
753 1613 1046 1685 agendum,
1075 1611 1316 1681 quando,
1349 1612 1434 1669 vel
1466 1613 1552 1667 cui
1583 1612 1780 1668 debeat

178 1723 190 1776 ι
214 1707 494 1773 ι’ίυάἰεειω,
519 1708 658 1762 sicut
685 1706 850 1762 ls:iias
877 1707 954 1763 ait
971 1725 982 1759 :
999 1704 1069 1761 Ut
1095 1707 1264 1761 sciam
1289 1704 1504 1776 quando
1530 1714 1780 1774 Oporteat

173 1814 265 1853 me
289 1799 472 1854 dicere
504 1814 837 1853 sermonem.

248 1891 316 1945 In
343 1891 600 1961 sapientia
641 1888 901 1944 ambulate
932 1889 1001 1944 ad
1031 1905 1118 1944 eos
1145 1889 1236 1959 qui
1267 1887 1397 1959 foris
1426 1896 1562 1942 sunt.
1597 1887 1775 1944 Nolite

173 1999 272 2038 cos
302 1987 441 2036 uftra
476 1981 541 2035 ad
573 1981 906 2036 iracundiam
944 1995 1260 2049 provocare.

249 2073 476 2143 Tempus
523 2074 853 2130 redimentes.
909 2075 982 2130 De
1033 2073 1174 2129 malo
1226 2081 1512 2145 tempore,
1565 2073 1770 2128 bonum

181 2179 394 2236 tempus
423 2177 599 2221 vestra
635 2167 918 2237 prudentia
950 2167 1236 2224 facientes.

247 2259 435 2314 Sermo
475 2270 639 2314 vester
685 2277 888 2328 semper
933 2262 988 2317 in
1033 2263 1223 2332 gratia.
1270 2262 1328 2316 In
1381 2277 1523 2316 novo
1565 2262 1773 2317 scilicet

151 2353 555 2409 Testamento:
585 2352 670 2406 vel
699 2364 849 2408 certe
879 2363 1087 2423 gratum
1123 2356 1412 2426 proferatis
1442 2371 1772 2411 SCI‘IIHIIICIII.

250 2446 376 2503 Sale
414 2448 480 2502 sit
520 2446 784 2503 conditus.
817 2446 1112 2517 Sapientia:
1145 2459 1199 2503 ct
1227 2449 1479 2515 rationis,
1512 2465 1580 2504 ne
1610 2447 1773 2504 stulta

176 2560 368 2606 nostra.
395 2550 584 2621 religio
607 2566 635 2604 a
666 2548 1006 2620 philosophis
1037 2562 1086 2604 et
1119 2552 1374 2622 gentibus
1407 2551 1768 2606 existimetur.

251 2650 320 2704 Ut
347 2652 523 2706 sciatis
551 2653 810 2722 quomodo
851 2662 1088 2720 oporteat
1133 2667 1220 2705 vos
1253 2653 1530 2722 unicuique
1561 2668 1774 2720 respon-

172 2752 318 2806 dere.
351 2752 524 2807 Aliter
562 2753 815 2823 paganis,
856 2754 1014 2809 aliter
1053 2751 1277 2817 Judtcis,
1310 2753 1470 2808 aliter
1501 2752 1772 2808 bini-elicis

175 2855 682 2910 contradicentibus
727 2856 964 2910 verita-ti.
998 2853 1152 2910 Unde
1181 2865 1234 2910 et
1268 2855 1461 2910 Petrus
1488 2855 1565 2909 ait
1611 2871 1625 2908 :
1674 2853 1772 2909 Pa-

173 2958 276 3015 rati
310 2971 526 3028 semper
551 2957 615 3011 ad
644 2958 1097 3023 satisfactionem,
1129 2967 1235 3012 etc.

249 3057 378 3125 Qua'
408 3059 546 3112 circa
579 3074 658 3111 me
686 3068 829 3124 sunt,
870 3059 1042 3111 omnia
1080 3056 1218 3111 vobis
1251 3067 1370 3110 nota
1401 3056 1552 3126 faciet
1577 3054 1769 3126 Tychi-

173 3174 265 3212 cus
292 3156 626 3211 rh'trissimtts
659 3158 840 3228 frater,
873 3168 920 3212 et
948 3155 1117 3226 ﬁdelis
1145 3157 1396 3220 minister,
1427 3168 1473 3210 et
1498 3174 1769 3210 conservus
1798 3197 1844 3260 Ο

174 3261 226 3314 in
263 3259 493 3313 Domina
537 3277 554 3316 :
589 3275 738 3330 quem
785 3259 901 3312 misi
929 3259 997 3312 ad
1023 3273 1110 3313 vos
1152 3258 1220 3312 ad
1249 3257 1346 3311 hoc
1373 3258 1566 3329 ipsum,
1598 3267 1650 3312 ut
1680 3274 1770 3310 co-

179 3373 414 3434 gncscat,
447 3378 562 3432 qua:
589 3363 725 3417 circa
756 3378 841 3416 vos
871 3371 1020 3430 sunt,
1054 3369 1102 3416 et
1145 3361 1439 3415 consoletur
1486 3359 1648 3415 corda
1690 3375 1773 3413 ve-

172 3473 304 3529 stra,
337 3480 453 3516 cum
487 3462 727 3516 Onesinto
755 3461 1062 3515 charissima
1107 3471 1152 3515 et
1193 3462 1336 3528 [idcli
1368 3462 1553 3534 fratre,
1592 3461 1680 3531 qui
1710 3477 1774 3515 ea:

171 3565 312 3621 vobis
356 3574 466 3631 est,
515 3565 602 3638 qui
635 3567 810 3619 onmia
851 3580 967 3633 quae
1000 3564 1084 3618 hic
1114 3574 1363 3634 aguntur,
1406 3573 1532 3617 nota
1577 3563 1772 3633 facient

1882 520 1948 559 ne
1980 505 2080 558 hac
2120 514 2306 559 essent
2339 506 2560 560 tristitia
2593 507 2866 573 occupati.

1952 597 2163 653 Salutat
2211 615 2298 654 vos
2343 599 2674 655 Aristarchus
2724 601 3052 671 concaptirus
3088 617 3248 656 meus.
3307 601 3482 659 Simul

1879 692 2092 746 vinctus
2115 702 2254 758 erat,
2307 692 2428 748 sive
2467 692 2901 762 compatiobatur
2949 691 3234 748 charitntis
3264 694 3483 750 etlectu.

1951 783 2019 837 Et
2052 783 2299 839 Marc/tus
2325 784 2666 839 consobrinus
2696 783 2973 847 Barnaba,
2999 783 3064 838 de
3083 799 3184 853 qua
3204 785 3481 851 occepistis

1879 877 2149 931 mandato.
2186 878 2248 932 Si
2275 878 2462 932 venerit
2505 877 2576 932 ad
2606 894 2715 940 vos,
2743 877 2986 948 suscipite
3013 877 3183 932 illum.
3221 875 3290 931 Et
3330 873 3486 933 Iesus

1879 971 1967 1036 qui
1997 971 2186 1025 dicitur
2207 974 2408 1042 justus,
2457 971 2545 1042 qui
2572 978 2694 1025 sunt
2729 986 2794 1024 ea:
2821 970 3230 1024 circumcisione.
3268 967 3342 1022 Hi
3383 969 3483 1023 soli

1880 1071 1998 1116 sunt
2031 1062 2298 1128 adiutores
2325 1063 2422 1116 mei
2451 1062 2503 1116 in
2535 1077 2692 1133 regno
2726 1060 2840 1128 Dei,
2881 1061 2970 1130 qui
3001 1059 3127 1114 mihi
3156 1063 3364 1132 fuerunt
3395 1077 3481 1114 sa-

1881 1156 2026 1208 tatio.
2054 1154 2111 1208 lu
2137 1155 2670 1215 noroTestameuto.
2695 1154 2947 1224 perquod
2969 1156 3203 1208 intratur
3230 1168 3484 1224 regnum:

1880 1250 2022 1303 sicut
2050 1250 2286 1304 Satanas
2317 1263 2465 1304 mors
2495 1249 2868 1318 dicitur,'.__'quia
2900 1252 3020 1319 ipse
3057 1264 3222 1304 causa
3267 1250 3478 1303 mortis.

1953 1339 2162 1396 Salutat
2185 1355 2273 1393 vos
2303 1337 2604 1409 Epaphras,
2630 1339 2715 1408 qui
2735 1355 2799 1392 ex
2826 1339 2966 1392 vobis
2987 1349 3058 1392 est
3082 1355 3257 1393 servus
3285 1339 3478 1394 Christi

1879 1437 2007 1488 Jesu
2035 1477 2049 1499 ,
2091 1450 2290 1504 semper
2328 1433 2584 1488 sollicitus
2624 1449 2720 1504 pro
2760 1434 2898 1487 vobis
2926 1435 2979 1486 in
3023 1433 3377 1502 orationibus,
3424 1441 3484 1486 ut

1880 1529 2020 1584 stetis
2053 1528 2268 1598 perfecti
2315 1537 2362 1579 et
2407 1526 2547 1594 pleni
2589 1526 2642 1578 in
2683 1526 2822 1578 omni
2867 1524 3132 1579 voluntate
3178 1523 3296 1578 Dei.
3346 1525 3480 1579 Tam

1881 1628 2038 1675 erant
2071 1617 2314 1688 perfecti,
2356 1618 2448 1688 qui
2481 1630 2835 1686 perseverare
2866 1627 3176 1670 tnotientnr.
3212 1615 3478 1670 Laborem

1883 1727 2013 1782 ergo
2043 1727 2234 1766 eorum
2267 1710 2383 1764 suis
2411 1709 2755 1764 orationibus
2787 1707 3100 1778 :tdjuvubal.

1809 1809 1855 1869 B
1952 1805 2323 1858 Testimonium
2347 1803 2484 1857 enim
2511 1803 2590 1856 illi
2614 1800 2876 1870 perhibeo,
2910 1801 3050 1866 quod
3081 1801 3234 1856 habet
3261 1799 3480 1855 multum

1880 1896 2108 1950 laborem
2137 1911 2230 1963 pro
2272 1894 2443 1957 vobis,
2477 1903 2525 1947 et
2561 1909 2657 1964 pro
2686 1892 2767 1946 his
2798 1894 2886 1961 qui
2917 1902 3036 1947 sunt
3068 1892 3341 1947 Laodicea:
3365 1935 3380 1960 ,
3435 1902 3484 1946 et

1877 1991 1966 2062 qui
2017 1989 2315 2056 I-lierapoli.
2350 1987 2513 2042 Tales
2539 1995 2696 2042 erant
2739 1986 2896 2055 primi
2934 1989 3198 2054 temporis
3228 1985 3483 2054 discipuli

1879 2084 2296 2152 apostolorum,
2351 2092 2409 2134 ut
2458 2079 2811 2134 imitarentur
2885 2082 3207 2149 magistros,
3263 2086 3318 2132 et
3385 2093 3483 2147 pro

1877 2175 2116 2230 onmium
2149 2183 2335 2230 essent
2361 2154 2536 2228 salute
2574 2170 2818 2225 solliciti.

1951 2267 2160 2323 Salutat
2210 2280 2297 2318 vos
2325 2263 2495 2318 Lucas
2521 2263 2744 2317 medicus
2773 2262 3131 2326 charissimus,
3177 2270 3226 2315 et
3259 2261 3472 2318 Demos.

1879 2359 2120 2414 Salutate
2151 2360 2361 2428 fratres,
2411 2358 2496 2423 qui
2525 2364 2646 2409 sunt
2685 2353 2959 2409 Laodiceae
2987 2395 3001 2416 ,
3042 2363 3088 2407 et
3135 2352 3474 2424 Nympham,

1877 2459 1924 2504 et
1952 2463 2070 2520 qua:
2093 2448 2148 2502 iu
2177 2448 2336 2501 doma
2371 2448 2483 2515 ejus
2509 2457 2579 2500 est
2612 2443 2923 2500 Ecclesium.
2963 2444 3027 2498 Et
3057 2461 3172 2498 cum
3204 2445 3340 2498 lecta
3369 2446 3482 2515 fuc-

1875 2544 1944 2597 rit
1971 2541 2112 2616 apud
2137 2558 2222 2596 vos
2245 2541 2478 2614 Epistula
2501 2541 2634 2604 hinc,
2653 2541 2809 2606 facite
2835 2551 2889 2594 ut
2918 2549 2964 2594 et
2993 2540 3047 2593 in
3075 2539 3478 2593 Laodicensium

1879 2634 2116 2688 Ecclesia
2142 2636 2346 2704 legatur
2371 2649 2388 2686 :
2416 2641 2464 2686 et
2494 2649 2553 2685 ea
2576 2648 2690 2703 quae
2711 2631 3109 2685 Laodicensium
3133 2641 3208 2685 est
3231 2630 3370 2684 vobis
3404 2631 3480 2684 ls-

1874 2739 2046 2800 gatur.
2079 2728 2422 2798 Evangelista
2453 2742 2517 2782 es
2551 2727 2764 2780 medico
2809 2734 2968 2789 erat;
2998 2726 3140 2781 sicut
3185 2724 3476 2779 Matth-atus

1868 2823 1980 2895 jam
2006 2821 2292 2892 apostolus
2312 2821 2487 2875 adhuc
2515 2819 2714 2874 dicitur
2737 2820 3080 2888 publicanus.

1945 2916 2014 2970 Et
2044 2916 2197 2970 dicite
2233 2913 2540 2984 Archippo:
2591 2912 2714 2966 Vide
2757 2912 3124 2979 ministerium,
3157 2911 3296 2982 quod
3323 2925 3472 2966 accc-

1873 3012 1993 3082 pisti
2020 3010 2075 3063 in
2105 3006 2354 3073 Domino,
2385 3015 2441 3060 ut
2464 3005 2597 3059 illud
2625 3005 2866 3074 impleas.
2897 3004 2994 3058 llic
3015 3004 3276 3058 diaconus
3301 3002 3470 3058 fuisse

1872 3101 2216 3175 perhibetur.

1948 3195 2210 3250 Salutatio
2242 3208 2352 3246 mea
2383 3207 2542 3246 manu
2575 3189 2754 3244 Pauli.
2787 3187 3045 3243 Memarcs
3066 3186 3474 3241 estotevinculo—

1879 3302 1993 3340 rum
2022 3297 2270 3339 nieorum.
2303 3283 2430 3338 Sive
2468 3289 2648 3346 orate,
2677 3289 2735 3335 ut
2765 3279 2966 3335 reddar
2997 3278 3152 3332 voltis
3184 3295 3195 3330 :
3224 3277 3338 3331 sive
3362 3293 3477 3330 tuc-

1881 3388 2144 3446 menlote,
2177 3379 2300 3448 quia
2332 3377 2498 3431 vestri
2531 3377 2646 3430 haec
2673 3377 2848 3444 patior
2878 3388 3068 3439 causa,
3100 3383 3157 3428 et
3186 3372 3474 3427 imitamini
3569 3421 3572 3423 Α

1882 3469 2226 3526 tolerantiam
2263 3469 2598 3537 passionum.

1951 3560 2138 3616 Gratia
2165 3558 2377 3612 Domini
2406 3557 2570 3611 nostri
2597 3554 2726 3610 Jesu
2753 3552 2944 3610 Christi
2963 3555 3240 3628 vobiscum.
3288 3556 3472 3612 Amen.

374 3825 496 3907 IN
574 3824 1050 3907 PRIMAM
1126 3817 1788 3906 EPISTOLAM
1864 3820 2022 3903 AD
2098 3751 3297 3901 THESSALONICENSES.

695 4111 923 4168 carur
965 4110 1264 4182 potitust,

246 4208 455 4265 Paulus
501 4217 545 4261 et
579 4205 860 4277 Sylcanus,
894 4215 940 4260 et
973 4204 1303 4274 Timotheus,
1337 4202 1584 4259 Ecclesiae
1610 4203 1772 4258 Thes-

169 4293 600 4359 salonicensium.
651 4300 785 4366 Quia
821 4315 915 4366 per
956 4298 1107 4368 ipsos
1158 4297 1284 4352 tiliis
1323 4297 1548 4352 verbum
1597 4295 1770 4351 fuerat

171 4397 510 4457 nuntiatum,
557 4393 699 4445 sicut
727 4399 781 4445 et
815 4389 1112 4446 Corinthiis
1140 4406 1153 4444 :
1188 4390 1330 4459 quod
1363 4387 1430 4444 ad
1463 4388 1686 4444 eosdem
1718 4391 1770 4442 in

175 4484 415 4543 secunda
447 4490 863 4537 commemorat.

1878 4111 1998 4174 bor,
2029 4120 2080 4166 et
2112 4109 2394 4166 charitatis
2439 4109 2688 4178 allectus,
2735 4117 2794 4166 et
2845 4109 3157 4179 passionum
3192 4105 3475 4162 tolerantia

1879 4204 2260 4275 comprobant.

1954 4299 2018 4354 Et
2043 4300 2331 4366 charitatis,
2361 4311 2411 4356 et
2441 4300 2762 4356 sustinentia!
2793 4299 2903 4372 spei
2935 4296 3144 4352 Domini
3162 4293 3328 4349 nostri
3347 4291 3476 4348 Iesu

1879 4391 2074 4448 Christi
2101 4406 2218 4448 ante
2247 4393 2418 4448 Deum
2447 4406 2494 4449 et
2525 4405 2727 4464 patrem
2770 4398 3026 4448 nostrum.
3058 4389 3140 4444 Ad
3173 4389 3342 4443 Deum
3376 4403 3472 4454 pa-

1879 4496 2016 4541 trem
2049 4500 2315 4543 nostrum.
2351 4488 2451 4554 Qui
2478 4488 2736 4558 perfecta:
2761 4485 3042 4541 charitatis
3073 4491 3192 4551 est,
3241 4482 3478 4535 sustinet

247 4576 315 4632 In
346 4574 458 4630 Duo
487 4573 648 4628 Patre
673 4582 875 4638 nostra,
896 4582 943 4628 et
972 4571 1197 4626 Domino
1222 4571 1350 4627 Jcsu
1379 4568 1606 4627 Christo.
1634 4569 1771 4638 Quia
1797 4597 1850 4665 Ι)
1877 4577 2056 4632 οηῃιὶει
2088 4579 2363 4649 patienter
2387 4589 2610 4650 propter
2636 4594 2784 4646 spem
2814 4576 3070 4631 futuram.

175 4688 274 4741 per
304 4661 464 4724 tidem
491 4668 644 4733 Filii,
695 4679 802 4721 tam
837 4667 887 4720 in
918 4665 1114 4731 Patre,
1147 4679 1306 4731 quam
1338 4664 1390 4718 in
1425 4661 1561 4718 Filio
1592 4672 1769 4719 erant.

175 4767 312 4836 Quia
379 4765 707 4835 quicumque
770 4759 1061 4816 eontitetur
1121 4757 1363 4826 Filium,
1435 4767 1491 4814 et
1555 4758 1771 4813 Patrem

175 4860 364 4914 habet.
767 4900 778 4911 .

248 4952 433 5008 Gratia
471 4949 612 5006 vobis
636 4959 680 5004 et
711 4964 835 5021 pax.
869 4949 915 5004 A
946 4947 1058 5002 Deo
1099 4944 1259 5000 Patre
1291 4942 1534 5012 scilicet,
1582 4949 1637 4997 et.
1669 4941 1772 4996 Do-

175 5046 327 5103 mino
360 5054 550 5100 nostro
570 5044 700 5100 Jesu
734 5041 970 5096 Clu-isto.

248 5137 358 5194 Gra
383 5139 458 5192 ias
479 5138 679 5208 agimus
702 5133 815 5189 Deo
837 5149 1036 5206 semper
1069 5147 1162 5201 pro
1187 5127 1421 5183 omnibus
1448 5127 1604 5182 vobis.
1638 5128 1773 5196 Quia

173 5233 422 5287 omnium
454 5229 609 5286 nobis
638 5237 790 5298 grata
825 5225 1084 5281 memoria
1116 5230 1219 5277 cst.

251 5323 559 5378 Memoriam
587 5323 736 5376 vestri
766 5321 1008 5392 facientes
1032 5319 1082 5370 in
1108 5315 1425 5371 orationibus
1450 5317 1636 5371 nostris
1667 5317 1775 5373 sine

173 5420 579 5477 intermissione.
634 5417 690 5473 lu
749 5416 1078 5474 iudesinenti
1147 5411 1433 5476 oratione,
1495 5413 1774 5466 memoriae

173 5515 454 5586 quantitas
477 5520 534 5567 et
563 5511 873 5566 dilectioiiis
901 5507 1234 5573 ostenditur,
1256 5519 1417 5576 quam
1445 5521 1633 5561 eorum
1663 5520 1772 5560 me-

174 5607 277 5663 rita
318 5604 690 5678 postulabant.
1369 5610 1380 5623 ·

248 5699 513 5754 blemares
538 5696 705 5767 aperis
728 5695 848 5766 ﬁdei
868 5702 1068 5762 vestrm,
1099 5704 1146 5748 et
1176 5692 1389 5747 laboris.
1430 5690 1547 5745 Non
1579 5689 1771 5744 imme-

172 5797 283 5854 rito
309 5795 458 5852 illius
487 5791 614 5849 tidei
663 5804 928 5847 memores
957 5798 1103 5857 sunt,
1135 5802 1296 5860 quam
1327 5796 1383 5842 et
1413 5785 1640 5858 jus-litin
1693 5783 1770 5835 la-

1947 4671 2203 4741 Scientes,
2230 4672 2439 4744 fratres,
2471 4670 2649 4725 dilecti
2669 4686 2702 4722 a
2733 4669 2841 4722 Deo
2859 4707 2875 4734 ,
2899 4665 3198 4720 electionem
3226 4668 3469 4717 vestram.

1877 4763 2197 4820 Retinentes
2249 4776 2462 4834 tempus
2503 4759 2790 4817 electionis
2816 4745 3014 4815 iestrte
3037 4797 3055 4826 ,
3103 4757 3336 4828 qualiter
3368 4769 3468 4810 nos

1877 4857 2359 4929 przedicaverimus
2379 4895 2394 4920 ,
2425 4866 2478 4910 et
2508 4869 2609 4909 vos
2633 4851 2994 4909 credideritis.

1952 4949 2086 5017 Quia
2116 4948 2456 5019 Evangelium
2482 4956 2715 5000 nostrum
2745 4960 2847 4998 non
2880 4943 2980 5012 fuit
3016 4941 3084 4995 ad
3127 4957 3217 4995 vos
3262 4941 3314 4993 in
3363 4956 3472 4994 ser-

1878 5061 2024 5098 mone
2046 5053 2262 5096 tantum.
2296 5039 2602 5096 Notandum
2633 5037 2776 5108 quod
2809 5037 2899 5091 illa
2931 5034 3121 5090 efﬁcax
3157 5033 3327 5104 possit
3350 5047 3474 5088 esse

1875 5134 2146 5203 doctrina,
2179 5148 2300 5205 qua:
2323 5133 2550 5202 iustitiae
2579 5128 2995 5185 commendatur
3017 5127 3288 5199 exemplo.

1951 5229 2058 5286 Sed
2087 5230 2141 5283 in
2168 5229 2370 5283 virtute.
2403 5225 2462 5282 In
2507 5225 2736 5296 virtute,
2767 5224 2885 5279 sive
2911 5224 3213 5294 signorum,
3245 5221 3367 5276 sive
3395 5229 3478 5274 to-

1878 5322 2112 5378 lerantia
2144 5318 2482 5392 passionum.
2534 5350 2539 5355 η

1949 5413 2019 5467 Et
2051 5415 2103 5467 in
2129 5413 2333 5481 Spiritu
2363 5420 2564 5466 sancto.
2598 5410 2767 5479 Quem
2799 5407 2997 5463 devote
3026 5402 3356 5475 accepistis:
3388 5401 3476 5457 vel

1878 5506 2035 5577 cujus
2065 5505 2324 5560 virtutem
2357 5519 2453 5574 per
2483 5503 2634 5574 signa
2668 5497 3113 5556 manstravimus.

1953 5600 2016 5653 Et
2064 5600 2119 5653 in
2166 5598 2491 5665 plenitudine
2529 5595 2715 5650 multa.
2751 5591 3111 5650 Pcrlertionis
3144 5633 3158 5659 ,
3207 5586 3474 5658 iustitia),

1876 5689 2423 5757 conversationis,'ct
2453 5691 2598 5743 vitm.

1951 5782 2098 5839 Sicut
2125 5784 2264 5839 scitis
2290 5782 2467 5856 quales
2491 5783 2742 5854 fuerimus
2763 5785 2814 5837 in
2843 5779 2985 5837 vobis
3009 5787 3214 5849 prapter
3241 5789 3328 5829 vos
3347 5809 3362 5826 .
3391 5765 3475 5825 Ad
