4004 6304
548 308 656 367 865

1588 302 1647 358 S.
1689 297 2075 356 lllEliONYMl
2111 295 2398 356 OPERUM
2436 299 2834 359 MANTISSA.‘

3764 296 3853 355 861

553 428 857 499 profectum
880 432 1120 480 vestrum
1164 419 1329 476 etiam
1358 418 1426 475 ab
1451 416 1657 473 illicitis
1696 415 2063 479 abstinentes,
2092 424 2153 470 ut
2176 418 2233 477 Α
2329 416 2435 472 Sed
2464 418 2594 471 sicut
2621 417 2827 490 probati
2856 432 3034 471 sumus
3062 432 3092 470 a
3123 414 3253 483 Deo,
3279 423 3333 470 ut
3362 390 3680 471 crederetur
3716 430 3749 467 a
3774 432 3853 469 no-

562 520 793 578 inferius
817 518 1151 575 continetur.

633 611 706 666 Et
752 625 837 664 vos
886 608 1172 661 imitatores
1220 606 1383 660 nostri
1429 604 1555 674 facti
1599 604 1723 659 estis
1754 612 1801 659 et
1831 603 2065 660 Domini.
2093 604 2151 661 In

561 702 910 775 passionibus
946 700 1173 755 verbum
1204 698 1563 768 suscipientes
1596 714 1611 752 :
1662 698 1803 753 sicut
1845 706 1901 753 et
1928 712 2029 753 nos
2058 696 2155 754 do-

559 795 796 859 cuimus,
830 802 885 849 et
912 792 1178 848 Dominus
1210 791 1548 862 praedicavit.

633 886 964 960 Excipientes
989 886 1193 941 verbum
1216 888 1270 939 in
1300 885 1639 939 tribulatione
1665 883 1850 951 multa,
1883 900 2002 939 cum
2032 900 2158 955 gau-

565 981 653 1035 dio
680 979 917 1048 Spiritus
946 977 1132 1032 sancti.
1168 975 1281 1031 Hoc
1326 984 1441 1045 est,
1470 991 1601 1031 vere
1650 977 1702 1030 in
1736 974 1945 1044 Spiritu
1970 984 2159 1030 sancto

566 1071 804 1142 gaudete
833 1087 847 1124 :
880 1069 1021 1124 sicut
1049 1078 1105 1125 et
1132 1067 1411 1139 apostolos
1442 1066 1636 1122 iecisse
1667 1068 1920 1138 legimus.

642 1161 729 1217 Ita
755 1171 810 1216 ut
839 1162 963 1226 {acti
986 1160 1096 1214 sitis
1137 1160 1309 1229 [arma
1338 1159 1575 1214 omnibus
1604 1158 1924 1214 credentibus
1954 1160 2011 1212 in
2042 1158 2162 1213 Ma-

572 1257 792 1311 cedonia
822 1264 869 1309 et
896 1256 949 1308 in
981 1254 1198 1309 Achaia.
1234 1253 1606 1308 Perfectorum
1652 1251 1903 1321 exempla
1929 1292 1945 1317 ,
1992 1250 2165 1305 forma

578 1348 836 1405 omnibus
866 1347 1218 1403 credentibus
1250 1345 1559 1401 exhibetur.
1607 1343 1803 1400 Vestro
1826 1359 1957 1415 ergo
1984 1358 2168 1399 exem-

580 1443 674 1514 plo
705 1443 869 1498 etiam
899 1440 1191 1512 provincia:
1228 1438 1595 1510 profecerunt.

648 1534 693 1589 A
720 1535 861 1589 vobis
892 1535 1025 1588 enim
1053 1530 1351 1600 cli/famulus
1376 1540 1449 1587 est
1490 1548 1654 1586 sermo
1680 1530 1915 1598 Domini,
1949 1546 2053 1584 non
2086 1546 2172 1584 so-

578 1628 689 1683 lum
708 1629 761 1682 in
791 1626 1102 1681 Macedonia
1126 1636 1171 1679 et
1202 1626 1256 1679 in
1276 1625 1491 1691 Achaia,
1524 1624 1614 1679 sed
1639 1624 1691 1678 in
1725 1624 1865 1677 omni
1904 1623 2037 1677 loco.
2066 1621 2174 1678 Na-

580 1730 702 1777 tura
733 1723 887 1775 fama:
919 1720 1035 1775 htec
1064 1729 1168 1786 est,
1199 1729 1260 1773 ut
1284 1720 1400 1773 sive
1423 1719 1646 1784 bonum,
1676 1718 1791 1773 sive
1817 1718 2016 1771 malum
2037 1732 2175 1771 nun-

581 1815 711 1879 tias,
744 1814 948 1884 ubique
978 1813 1124 1867 omni
1161 1810 1440 1866 celeritate
1482 1809 1777 1864 discurrat.

652 1907 814 1963 Fides
844 1915 1014 1961 vestra
1039 1922 1156 1977 qua:
1184 1914 1258 1959 est
1284 1905 1352 1958 ad
1376 1902 1570 1971 Deum,
1620 1904 1850 1974 profecta
1880 1911 1975 1958 est.
2007 1904 2049 1958 Δ
2080 1918 2175 1957 vo-

580 2002 666 2058 bis
694 2001 761 2056 ad
797 2002 965 2057 Deum
993 2014 1283 2055 conversa.

652 2095 741 2149 lla
772 2104 827 2149 ut
852 2109 953 2148 non
1000 2093 1063 2148 sit
1095 2094 1239 2146 nobis
1266 2106 1473 2146 necesse
1500 2084 1783 2161 quidquam
1813 2087 1974 2158 loqui.
2012 2087 2070 2142 Id
2117 2096 2178 2143 ut

590 2187 747 2243 nobis
780 2184 1181 2253 incipientibus,
1208 2182 1410 2252 aliquid
1442 2181 1509 2237 de
1538 2191 1720 2236 vestro
1750 2181 2039 2251 exemplo,
2074 2177 2177 2251 ipsi

582 2280 788 2349 optime
816 2278 959 2333 scire
981 2292 1041 2332 se
1070 2276 1276 2330 dicant.

657 2371 769 2442 Ipsi
798 2372 938 2425 enim
980 2369 1043 2423 de
1080 2369 1226 2423 nobis
1264 2366 1577 2421 annuntiaut
1607 2408 1622 2432 ,
1663 2366 1869 2435 qualem
1913 2364 2179 2418 introitum

586 2463 915 2517 habuerimus
931 2462 1001 2515 ad
1022 2478 1109 2516 vos
1126 2477 1142 2517 :
1159 2469 1205 2514 et
1229 2458 1488 2531 quomodo
1509 2458 1741 2512 conversi
1763 2460 1883 2512 estis
1900 2456 1969 2511 ad
1983 2454 2174 2512 Deum.

586 2554 658 2609 Et
710 2562 911 2609 nostra:
954 2552 1279 2608 constantite
1306 2595 1320 2617 ,
1399 2560 1456 2607 et
1502 2559 1700 2606 vestra:
1732 2549 2181 2606 conversationis

588 2647 843 2703 omnibus
872 2656 993 2701 nota
1019 2656 1103 2702 est
1136 2646 1388 2717 qualitas.

662 2744 707 2795 Α
726 2742 1040 2807 simulacris,
1069 2742 1257 2796 servire
1282 2739 1392 2795 Deo
1418 2740 1529 2795 vivo
1556 2750 1604 2795 et
1643 2756 1781 2796 vero.
1816 2739 2181 2795 Simulacrum

588 2849 618 2889 a
643 2833 955 2889 simulando
985 2833 1201 2888 dicitur.
1230 2832 1461 2887 Pulchre
1482 2832 1549 2887 ad
1582 2834 1748 2887 Deum
1779 2847 1969 2888 verum
2013 2840 2069 2887 et
2107 2832 2186 2887 vi-

588 2941 739 2991 vum,
771 2941 801 2980 a
852 2924 1001 2980 falsis
1032 2924 1269 2979 dominis
1301 2926 1547 2980 conversi
1576 2940 1697 2980 esse
1724 2924 1999 2979 dicuntur.

664 3015 733 3071 Et
759 3026 1057 3089 exspectare
1087 3014 1291 3072 Filium
1310 3021 1422 3092 ejus
1451 3019 1516 3073 de
1540 3018 1707 3085 caelis,
1742 3034 1893 3088 quem
1921 3017 2185 3071 suscitavit

590 3126 655 3167 ea:
681 3112 916 3174 mortuis,
962 3108 1163 3165 Iesum.
1198 3110 1347 3167 Talis
1372 3122 1477 3177 est,
1509 3121 1569 3165 ut
1614 3109 1946 3165 fiducialiter
1974 3117 2181 3165 etcum

588 3202 794 3277 gaudio
823 3204 1110 3259 adventum
1144 3202 1361 3257 Domini
1392 3200 1744 3270 exspectetis.

668 3297 770 3366 Qui
797 3298 981 3369 eripuit
1010 3314 1104 3351 nos
1131 3300 1195 3350 ab
1218 3297 1296 3348 ira
1316 3305 1548 3348 ventura.
1578 3293 1909 3349 Dimittendo
1936 3304 2182 3365 peccata:

590 3398 645 3446 et
675 3389 919 3445 doctrina
947 3403 1065 3455 sua,
1095 3396 1147 3442 et
1172 3386 1427 3455 exemplo
1454 3386 1524 3439 ab
1550 3385 1626 3440 ira
1650 3400 1751 3441 nos
1772 3386 2041 3441 liberavit.
2067 3387 2185 3443 Jam

594 3498 725 3555 ergo
754 3482 809 3538 in
839 3497 935 3553 spe
966 3481 1273 3537 libertatem
1300 3479 1585 3535 habemus.

1222 3636 1450 3695 CAPUT
1482 3637 1548 3694 ll.

672 3768 812 3825 Nam
840 3779 887 3823 et
910 3770 1009 3840 ipsi
1040 3768 1205 3838 scitis,
1228 3771 1721 3839 fratres,introitutn
1740 3779 1966 3828 nostrum
1987 3773 2055 3826 ad
2078 3789 2186 3827 vos.

598 3863 1007 3917 Commemorat
1029 3864 1176 3931 illos,
1208 3873 1265 3918 ut
1286 3874 1581 3934 agnoscant
1602 3881 1785 3920 verum
1809 3865 1953 3937 quod
1979 3866 2188 3935 dicunt;

605 3964 661 4011 et
688 3970 874 4009 eorum
908 3957 1079 4026 magis
1108 3956 1396 4026 proficiant
1424 3958 1701 4029 exemplo.

673 4048 810 4114 Quia
840 4066 942 4103 non
973 4049 1144 4104 inanis
1174 4050 1274 4121 fuit
1299 4066 1317 4105 :
1341 4050 1432 4105 sed
1452 4059 1572 4105 ante
1600 4052 1740 4121 passi
1769 4052 1968 4119 multa,
1996 4058 2046 4105 et
2071 4066 2195 4105 con-

597 4142 822 4197 tumeliis
843 4140 1038 4208 a/Tecti.
1074 4142 1189 4197 Non
1219 4151 1302 4198 est
1331 4142 1510 4199 inanis
1538 4158 1742 4211 sermo,
1774 4144 1864 4215 qui
1891 4143 2194 4213 completur

600 4234 906 4291 constantia
940 4234 1227 4303 passionis.

674 4325 825 4380 Sicut
869 4326 1011 4382 scitis
1045 4326 1099 4378 in
1130 4324 1415 4397 Philippis.
1463 4326 1599 4394 Quia
1631 4326 1923 4396 aliquantis
1950 4333 2194 4382 vestrum

600 4420 814 4475 videtur
841 4436 939 4474 nos
971 4418 1233 4490 Philippis
1262 4434 1471 4490 passos,
1501 4435 1599 4475 nec
1628 4420 1913 4492 cxpavisse
1945 4434 2197 4492 persecu-

598 4514 795 4579 tiones,
829 4529 933 4571 nec
960 4514 1259 4585 praedicare
1282 4528 1547 4569 cessasse.

2261 510 2334 565 bis
2368 509 2709 581 Evangelinm
2734 554 2749 579 ,
2801 511 2875 565 ita
2911 510 3173 582 loquimur
3195 526 3215 566 :
3241 526 3343 565 non
3373 510 3531 583 quasi
3562 507 3849 565 hominibus

2262 605 2541 674 placentes.
2588 603 2692 672 Qui
2724 602 2834 658 falli
2876 612 3123 673 possunt.

2336 698 2443 753 Sed
2473 696 2610 761 Deo,
2633 697 2721 767 qui
2743 698 2925 767 probat
2956 696 3114 750 corda
3153 704 3350 750 nostra.
3399 694 3610 766 lntegri
3641 695 3794 766 quasi
3827 710 3853 749 ι

2263 791 2376 847 Deo
2424 790 2630 861 probati
2655 832 2670 857 ,
2704 798 2760 845 et
2794 790 2863 845 ab
2889 791 3009 860 ipso
3049 790 3101 845 in
3136 788 3240 844 hoc
3268 787 3519 845 officium
3554 788 3853 845 destinati:

2263 884 2354 954 qui
2384 882 2564 937 cordis
2599 882 2811 937 occulta
2843 881 3090 936 rimatur.

2340 974 2523 1045 Neque
2551 976 2685 1030 enim
2714 976 2997 1046 aliquando
3029 976 3226 1047 fuimus
3253 975 3307 1028 in
3335 990 3580 1028 sermone
3609 974 3861 1029 adulatio-

2267 1068 2371 1133 nis,
2400 1068 2535 1122 sicut
2563 1067 2730 1122 scitis.
2770 1066 2924 1122 Sicut
2954 1067 3044 1137 qui
3091 1066 3403 1121 hominibns
3448 1066 3705 1136 placent,
3740 1075 3863 1120 tam-

2268 1176 2431 1232 quam
2460 1159 2621 1230 mgris
2644 1159 2949 1215 desiderata
2991 1159 3171 1214 omnia
3198 1158 3597 1227 concedentes,
3632 1166 3690 1214 et
3728 1174 3863 1213 mor-

2272 1263 2382 1332 tem
2414 1269 2603 1309 eorum
2636 1253 2993 1324 negligentes.

2348 1347 2529 1416 Neque
2560 1348 2611 1401 in
2635 1349 2901 1402 occasione
2930 1348 3186 1413 avaritite,
3215 1346 3354 1403 Deus
3398 1348 3543 1403 testis
3572 1356 3650 1403 est
3674 1365 3693 1403 :
3717 1365 3866 1419 neque

2274 1452 2561 1515 qua‘rentes
2585 1444 2648 1496 ab
2679 1444 2971 1498 hominibus
3000 1444 3261 1515 gloriam:
3283 1460 3496 1515 nequea
3517 1446 3687 1511 vobis,
3719 1462 3868 1517 neque

2276 1539 2340 1591 ab
2371 1538 2510 1591 aliis.
2539 1536 2731 1592 Omnis
2761 1538 2851 1607 qui
2879 1536 3149 1602 adulatur,
3182 1547 3275 1592 aut
3312 1546 3538 1608 propter
3562 1540 3865 1605 avaritiam,

2277 1638 2369 1684 aut
2424 1640 2645 1700 pr0pter
2702 1644 2892 1683 vanam
2948 1629 3176 1699 gloriam
3225 1628 3541 1684 adulatur:
3604 1630 3695 1684 ille
3743 1644 3870 1684 vero

2282 1731 2502 1793 propter
2532 1722 2701 1776 Deum
2732 1720 2937 1776 docere
2964 1720 3245 1790 probatur,
3276 1722 3364 1791 qui
3394 1722 3497 1774 ista
3527 1735 3637 1776 non
3662 1722 3869 1791 qumrit.

2202 1807 2250 1869 B
2350 1813 2477 1871 Cum
2502 1829 2763 1885 possemus
2791 1814 2930 1867 vobis
2960 1814 3103 1867 oneri
3149 1829 3280 1879 esse,
3314 1824 3369 1867 ttt
3397 1812 3598 1867 Christi
3634 1815 3869 1886 apostoli.

2281 1906 2378 1961 Vel
2411 1907 2464 1960 in
2523 1905 2649 1973 hoc,
2708 1904 2855 1976 quod
2904 1904 3050 1961 Deus
3098 1904 3422 1963 ordinavit:
3476 1905 3530 1961 id
3561 1915 3676 1973 est,
3726 1915 3786 1961 ut
3812 1906 3871 1963 de

2281 2000 2577 2071 Evangelio
2605 1999 2939 2055 viveremus.

2355 2095 2461 2151 Sed
2494 2097 2619 2166 facti
2644 2111 2821 2149 sumus
2843 2093 3048 2165 parvuli
3089 2095 3141 2149 in
3180 2094 3351 2149 medio
3392 2104 3648 2151 vestrum.
3698 2095 3878 2151 [Inmi-

2282 2187 2482 2242 liantes
2508 2202 2627 2253 nos,
2656 2194 2713 2242 et
2741 2200 2841 2241 nec
2872 2186 3133 2241 honorem
3164 2186 3407 2241 debitum
3438 2188 3812 2257 requirentes.

2352 2277 2641 2348 Tamquam
2668 2278 2714 2331 si
2736 2278 2915 2331 nutrix
2940 2280 3107 2348 foveat
3128 2276 3268 2347 ﬁlios
3296 2295 3441 2332 suos.
3486 2279 3800 2335 llumilians
3828 2295 3881 2336 se

2284 2370 2336 2424 in
2371 2370 2647 2436 omnibus,
2696 2370 2921 2441 parvulo
2951 2386 3011 2425 se
3042 2385 3334 2440 cowquans
3367 2388 3380 2424 :
3411 2380 3470 2426 ιιι
3499 2371 3629 2426 illos
3661 2372 3729 2427 ad
3776 2388 3880 2427 ms-

2279 2463 2404 2534 jora
2427 2479 2522 2519 sua
2555 2463 2857 2518 imitatione
2888 2464 3167 2533 perducat.
3202 2463 3335 2518 Nam
3368 2472 3423 2519 et
3455 2464 3691 2520 balbutit
3719 2466 3883 2521 inter-

2285 2557 2411 2612 dum
2445 2556 2648 2625 liogua,
2681 2564 2735 2609 et
2769 2555 3103 2611 manducare
3133 2554 3305 2627 tingit,
3354 2564 3409 2610 et
3452 2569 3579 2611 eum
3623 2558 3709 2612 eis
3744 2558 3882 2613 lente

2284 2648 2559 2703 ambulare
2586 2646 2917 2703 consuescit.

2358 2740 2445 2795 Ita
2469 2740 2825 2795 desiderantes
2841 2756 2927 2795 vos
2947 2740 3158 2809 cupide,
3181 2741 3483 2797 volebamus
3499 2743 3711 2800 tradere
3726 2745 3880 2811 vobis,

2286 2851 2388 2890 non
2413 2834 2581 2889 solum
2610 2832 2954 2907 Evangeliunt
2982 2832 3097 2901 Dei,
3125 2836 3215 2890 sed
3238 2836 3396 2890 etiam
3419 2837 3629 2892 animos
3661 2848 3882 2894 nostras.

2287 2926 2439 2983 Sicut
2471 2927 2651 2981 nutrix
2685 2942 2793 2981 non
2827 2927 3007 2981 solum
3036 2926 3293 2993 verbum,
3327 2928 3423 2983 sed
3452 2929 3617 2985 etiam
3668 2946 3881 2988 omnem
3970 2926 3971 2951 ἶ

2287 3035 2509 3076 sensum
2542 3018 2899 3091 perfectionis
2928 3034 3042 3075 sua:
3091 3022 3146 3075 in
3177 3021 3463 3092 parvulum
3506 3022 3883 3081 transfundere

2289 3113 2462 3183 cupit,
2509 3121 2568 3166 ut
2597 3111 2646 3166 ei
2676 3113 2783 3165 cito
2813 3111 2989 3179 possit
3015 3114 3220 3181 aequari
3253 3129 3267 3166 :
3313 3114 3387 3168 ita
3415 3128 3517 3169 nos
3547 3117 3736 3172 omnia
3767 3114 3885 3173 feci-

2216 3200 2263 3263 C
2294 3219 2413 3258 mus
2438 3218 2538 3272 per
2569 3218 2688 3271 qua:
2719 3202 2988 3273 proficere
3016 3204 3300 3273 poteratis.

2365 3296 2625 3361 Quoniam
2650 3296 2943 3350 charissimi
2970 3297 3116 3351 nobis
3139 3298 3263 3369 [acti
3293 3298 3434 3353 estis.
3460 3299 3698 3373 Propter
3729 3303 3883 3361 fidem

2290 3395 2345 3442 et
2374 3386 2844 3443 conversationem
2890 3399 3150 3457 vestram,
3186 3406 3348 3460 quam
3393 3395 3652 3465 Superius
3682 3413 3885 3454 memo-

2292 3481 2558 3537 ravimus.
3216 3492 3227 3502 '

2364 3570 2623 3627 Memores
2647 3572 2784 3626 enim
2815 3574 2941 3643 facti
2972 3574 3112 3641 estis,
3140 3577 3351 3647 fratres,
3377 3578 3572 3635 laboris
3615 3583 3819 3649 nostri,
3845 3596 3886 3637 et

2294 3664 2639 3735 fatigationis,
2665 3673 2812 3717 nocte
2833 3673 2880 3718 et
2907 3665 2991 3720 die
3017 3677 3311 3737 aperantes.
3336 3666 3607 3725 Laborem
3634 3688 3887 3730 manuum

2295 3767 2475 3824 nocte,
2511 3766 2565 3811 et
2614 3754 2987 3827 fatigationem
3026 3759 3176 3814 verbi
3206 3759 3339 3816 die:
3373 3769 3637 3818 cteterum
3674 3779 3889 3837 semper

2294 3854 2645 3922 operabatur,
2672 3850 2889 3921 quando
2916 3850 3170 3907 docebat.

2370 3942 2454 3997 Ne
2482 3959 2791 4015 quemquam
2820 3952 3046 3997 vestrum
3088 3962 3437 4014 gravaremus.
3481 3948 3636 4017 Apud
3668 3950 3820 4008 istos
3846 3963 3890 4009 et

2295 4035 2630 4102 Corinthios,
2664 4043 2721 4092 et
2750 4036 3013 4107 Ephesios
3057 4038 3348 4110 laboravit,
3395 4039 3583 4112 quibus
3636 4046 3890 4100 occasio-

2298 4146 2419 4185 nem
2451 4128 2670 4184 auferre
2697 4128 2970 4198 cupiebat,
3002 4129 3088 4185 vel
3117 4130 3373 4199 docendi,
3398 4133 3481 4188 vel
3512 4131 3581 4189 de
3602 4147 3665 4190 se
3687 4136 3889 4209 aliquid

2296 4228 2633 4299 suspicandi.

2370 4319 2779 4375 Prmdicavimus
2805 4319 2856 4373 in
2894 4320 3033 4374 vobis
3062 4319 3407 4396 Evangelium
3430 4322 3549 4380 Dei.
3597 4325 3705 4381 Vos
3745 4336 3889 4382 testes

2299 4416 2420 4469 estis
2449 4424 2497 4469 et
2540 4414 2703 4470 Deus.
2735 4416 2890 4473 Sicut
2918 4418 3133 4475 Samuel
3162 4420 3419 4491 populum
3454 4432 3821 4480 contestatur.

2374 4506 2543 4573 Quam
2564 4516 2740 4563 sancte
2762 4518 2807 4563 et
2828 4512 2995 4583 juste,
3026 4518 3075 4564 et
3104 4511 3218 4565 sine
3245 4513 3463 4583 querela
3488 4514 3650 4579 vobis,
3670 4516 3764 4586 qui
3794 4532 3893 4570 cre-

672 4606 951 4661 Fiduciam
1005 4604 1286 4661 habuimus
1328 4606 1383 4659 in
1423 4604 1533 4660 Deo
1561 4614 1757 4662 nostro.
1790 4606 1893 4676 Qui
1927 4621 2027 4662 nos
2057 4606 2189 4663 libe.
2221 4592 2275 4654 Ῐ)
2301 4599 2524 4668 didislis,
2557 4598 2825 4668 aII-nimus.
2871 4601 2951 4659 Ne
2983 4602 3140 4659 vobis
3168 4603 3333 4659 ullam
3365 4603 3737 4662 offensionem
3769 4606 3892 4663 dare

599 4714 725 4755 rare
770 4698 825 4753 in
857 4698 1136 4767 praesenti,
1170 4698 1256 4783 vel
1308 4698 1361 4752 in
1411 4696 1592 4753 futuro
1625 4700 1834 4769 potest“,
1882 4708 1939 4754 et
1990 4699 2191 4757 laboris

596 4795 771 4851 nostri
799 4795 1106 4850 mercedem
1138 4794 1391 4849 omnibus
1419 4809 1863 4864 rccompcnsare.

670 4887 838 4959 Loqui
862 4887 933 4939 ad
954 4902 1039 4939 vos
1066 4885 1409 4956 Evangelinm
1430 4884 1529 4941 Dei
1548 4887 1602 4941 in
1622 4885 1789 4939 multa
1810 4886 2187 4941 sollicitudine.

601 4980 716 5036 Non
751 4979 1109 5049 negligenter,
1136 4994 1235 5034 nec
1254 4979 1587 5049 transitoric,
1614 4979 1710 5034 scd
1738 4980 1791 5035 in
1820 4979 2189 5035 sollicitudine

604 5087 713 5127 non
741 5086 934 5142 parva,
971 5072 1064 5127 sed
1100 5071 1288 5126 multa.

672 5165 985 5221 Exhortatio
1013 5168 1147 5222 enim
1194 5176 1375 5221 nostra
1414 5183 1515 5221 non
1561 5166 1625 5220 de
1659 5181 1853 5220 errore.
1910 5164 2036 5221 Ideo
2085 5179 2191 5219 non

606 5276 856 5317 erramus
888 5278 902 5315 :
935 5270 1082 5316 errat
1126 5261 1272 5316 enim
1322 5261 1652 5331 quicumque
1695 5269 1885 5330 putat,
1918 5261 2001 5314 vel
2034 5258 2196 5314 docet

602 5355 802 5409 multos
833 5368 993 5425 posse
1020 5368 1249 5424 regnare
1278 5367 1403 5408 cum
1431 5354 1669 5419 (lltristo,
1696 5353 1834 5408 sicut
1865 5352 1992 5407 alibi
2017 5351 2147 5408 dicit
2178 5369 2191 5406 :

600 5447 778 5504 NOIite
802 5463 987 5504 errare
1016 5464 1031 5502 :
1058 5447 1178 5517 quia
1217 5447 1362 5505 Deus
1390 5464 1498 5503 non
1526 5447 1804 5503 irridetur.

673 5541 854 5611 Neque
912 5540 976 5594 de
1019 5540 1372 5595 immunditia.
1423 5540 1574 5596 Sicut
1620 5540 1897 5598 Joviniani
1946 5540 2191 5598 doctrina

604 5632 721 5688 fuit.

678 5725 861 5795 Neque
886 5728 939 5781 in
965 5726 1105 5782 dolo.
1139 5726 1258 5782 Non
1302 5736 1494 5783 contra
1540 5730 1905 5787 constantiam
1941 5738 2191 5787 nostram

610 5812 884 5882 docentes,
914 5826 1077 5888 atque
1107 5818 1414 5875 suadentes.

2298 4691 2628 4747 videremur.

2372 4784 2522 4840 Sicut
2540 4786 2682 4839 scitis
2704 4784 2925 4856 qualiter
2947 4803 3357 4859 unumquemque
3368 4798 3613 4855 vestrum,
3635 4798 3894 4861 tamquam

2298 4887 2444 4950 pater
2474 4878 2612 4949 ﬁlios
2633 4896 2774 4946 suos,
2804 4880 3135 4950 deprecantes
3158 4880 3565 4937 vos.~Parvulos
3594 4885 3785 4939 nutrix
3824 4883 3898 4938 fo-

2299 4985 2425 5032 vet:
2456 4974 2804 5045 prolicientes
2854 4990 2986 5030 vero
3015 4975 3123 5043 jam
3156 4984 3309 5044 pater
3340 4974 3604 5031 instituit.

2373 5069 2440 5123 Et
2469 5068 2787 5123 consolantes
2816 5066 3075 5135 testiﬁcati
3096 5082 3296 5120 sumus.
3326 5065 3385 5121 ln
3420 5067 3891 5137 tribulationibus,

2301 5162 2757 5236 promissionibus
2785 5159 2985 5216 Christi
3014 5175 3109 5216 vos
3139 5174 3328 5215 sumus
3358 5163 3658 5217 consolati.

2377 5256 2445 5311 Ut
2475 5253 2807 5309 ambularetis
2839 5253 2995 5323 digne
3021 5253 3151 5307 Deo.
3181 5252 3350 5324 Digne
3378 5253 3493 5310 Deo
3514 5254 3790 5325 ambulat,
3819 5256 3902 5327 qui

2304 5350 2435 5406 nihil
2464 5350 2578 5406 Deo
2603 5348 2714 5420 agit
2739 5347 3043 5419 indignum.

2378 5442 2480 5509 Qui
2511 5442 2703 5496 vocavit
2733 5457 2819 5495 vos
2855 5441 2909 5494 in
2930 5457 3081 5496 suum
3118 5458 3337 5516 regnum
3364 5452 3413 5498 et
3457 5442 3707 5515 gloriam.
3753 5443 3902 5512 Quod

2300 5551 2406 5590 non
2455 5532 2559 5587 nisi
2596 5533 2714 5603 ejus
2754 5532 2958 5589 similes
2990 5533 3381 5604 possidebunt,
3420 5534 3656 5606 jttstitizc
3693 5537 3904 5593 scilicet

2299 5638 2352 5684 ct
2380 5627 2680 5683 sanctitatis
2707 5627 2981 5699 exemplo.

2375 5718 2504 5773 Ideo
2531 5728 2577 5773 et
2608 5735 2698 5775 nos
2732 5721 2927 5797 gratias
2953 5720 3154 5795 agimus
3183 5717 3293 5773 Deo
3320 5719 3431 5774 sine
3465 5723 3864 5779 intermissione
3888 5738 3903 5773 :

2305 5812 2547 5883 quoniam
2576 5828 2691 5868 cum
2717 5813 3038 5884 at‘cepissetis
3074 5830 3103 5867 a
3136 5813 3276 5867 nobis
3308 5813 3516 5867 verbum
3546 5817 3769 5873 auditus
3793 5815 3905 5870 Dei.
