4008 6188
170 238 275 301 865

913 239 1461 302 COMMENTARIUS
1499 243 1567 301 1N
1608 240 1823 299 EPIST.
1865 239 1886 298 Ι
1927 240 2019 299 AD
2056 239 2397 300 THESSAL.
2438 238 2592 299 CAP.
2632 240 2723 300 IV.

3367 245 3471 305 866

171 358 325 427 Quod
354 358 587 431 primum
617 360 685 418 de
713 359 826 417 Deo
849 359 1105 429 audistis,
1147 361 1263 418 sive
1297 360 1457 433 quasi
1486 358 1772 417 audieritis
1800 360 1853 421 Α
1879 358 1931 413 in
1959 359 2141 414 medio
2171 359 2441 430 luporum.
2472 361 2539 416 Et
2568 361 2764 417 iterum
2797 378 2810 414 :
2844 358 2986 417 Ecce
3012 359 3125 417 dixi
3152 360 3310 419 vobis
3338 363 3475 420 utin

173 450 368 508 Deum.

241 545 525 616 Accepistis
549 545 685 601 illud
714 563 818 601 non
856 558 909 602 ut
950 547 1157 602 verbum
1192 547 1493 615 hominum,
1519 548 1610 602 sed
1638 548 1771 603 sicut

170 646 248 691 est
277 654 390 693 vere
430 639 641 693 verbum
680 638 800 694 Dei.
846 638 916 695 Ut
948 640 1176 695 verbum
1222 640 1504 695 hominum
1542 640 1767 711 accipit,

172 731 262 801 qui
294 732 592 787 contemnit
621 749 634 787 :
666 748 763 787 vos
789 743 970 789 autem
994 732 1070 789 ita
1096 732 1427 802 credidistis,
1470 742 1530 788 ut
1554 732 1622 788 ab
1654 734 1772 805 ipso

76 867 78 871 ,
172 821 287 878 Deo
313 823 501 878 audire
522 826 815 893 putaretis.

248 916 353 983 Qui
379 925 625 986 Operatur
662 917 717 971 in
744 916 925 986 vobis,
959 918 1047 990 qui
1085 919 1399 975 credidistis.
1446 918 1653 985 Verbo,
1687 917 1770 974 vel

173 1009 386 1079 signis:
427 1009 545 1065 sive
584 1010 815 1067 virtutes
854 1022 1095 1070 exercet.
1140 1009 1441 1070 Credentes
1473 1013 1651 1082 enim,
1697 1011 1773 1068 ait

174 1102 413 1170 Marcus,
442 1103 558 1159 haec
588 1104 744 1175 signa
769 1115 1088 1176 sequentur.

255 1195 362 1251 Vos
391 1198 525 1251 enim
550 1199 831 1254 imitatores
848 1200 975 1268 facti
996 1200 1140 1265 estis,
1169 1201 1380 1270 fratres,
1412 1195 1771 1251 Ecclesiarum

172 1285 296 1355 Dei,
329 1305 443 1358 qua:
468 1299 590 1343 sunt
624 1291 678 1343 in
704 1288 891 1345 Judtea
920 1292 973 1344 in
998 1289 1203 1345 Christo
1229 1291 1379 1345 Jesu.
1409 1288 1615 1356 Quibus
1635 1287 1773 1343 dici-

173 1390 301 1436 tur:
335 1381 469 1437 Nam
497 1392 552 1439 et
582 1382 778 1439 vinctis
807 1384 1078 1455 compassi
1110 1385 1264 1450 estis,
1295 1394 1352 1439 et
1387 1382 1637 1453 rapinam
1670 1382 1769 1437 bo-

174 1490 371 1531 norum
401 1486 707 1533 vestrorum
733 1492 855 1533 cum
882 1477 1079 1547 gaudio
1101 1478 1443 1547 suscepistis.

256 1567 392 1634 Quia
416 1567 595 1623 eadem
617 1570 759 1641 passi
781 1572 906 1624 estis
937 1580 982 1624 et
1009 1586 1093 1624 vos
1118 1587 1150 1623 a
1172 1567 1545 1624 contribulibus
1570 1570 1768 1636 vestris,

176 1664 311 1716 sicut
338 1671 384 1715 et
414 1662 515 1734 ipsi
543 1679 576 1715 a
604 1660 827 1718 Judteis.
873 1664 949 1718 De
980 1663 1135 1718 vobis
1168 1664 1285 1733 plus
1318 1662 1511 1731 miror,
1552 1664 1642 1732 qui
1671 1678 1771 1718 nec

176 1754 362 1826 Legis,
387 1770 489 1811 nec
519 1756 916 1826 Pr0pbetarum
940 1755 1211 1812 habuistis
1236 1756 1505 1825 exempla.

252 1848 355 1913 Qui
392 1857 439 1901 et
470 1846 752 1902 Dominum
793 1848 1091 1902 occiderunt
1116 1846 1333 1914 Iesum,
1372 1858 1421 1903 et
1453 1848 1772 1920 prophetas:

174 1949 223 1995 et
247 1955 339 1993 nos
378 1942 633 2012 persecuti
654 1950 798 2008 sunt,
817 1949 865 1995 et
888 1941 993 1994 Deo
1015 1957 1118 1995 non
1140 1941 1345 2012 placent
1375 1940 1548 2007 :Quid
1577 1942 1773 1995 mirum

176 2032 223 2084 si
257 2044 357 2085 nos
389 2031 517 2085 mali
560 2043 985 2103 persequuntur,
1015 2033 1106 2101 qui
1148 2048 1248 2088 nec
1290 2033 1391 2102 ipsi
1425 2033 1653 2089 Domino
1684 2047 1778 2104 pe-

181 2131 497 2191 percerunt.

249 2211 319 2268 Et
360 2212 598 2267 omnibus
642 2212 937 2270 hominibus
986 2216 1333 2271 adversantur
1384 2232 1403 2272 :
1449 2217 1778 2289 prohibentes

179 2322 274 2360 nos
296 2306 527 2378 gentibus
559 2306 725 2377 loqui,
755 2317 811 2362 ut
841 2307 971 2362 salvi
998 2311 1128 2378 fiant
1158 2326 1174 2364 :
1209 2320 1261 2362 ut
1291 2310 1540 2380 impleant
1572 2321 1778 2381 peccata

180 2417 276 2454 sua
300 2416 518 2471 semper.
542 2400 661 2455 Non
685 2402 861 2457 solum
886 2401 1109 2459 Judteos
1141 2404 1466 2474 impediunt,
1494 2405 1589 2460 sed
1614 2406 1776 2459 etiam

180 2493 430 2564 gentibus
463 2492 734 2560 invident,
768 2495 833 2549 ad
861 2510 1081 2551 suorum
1110 2495 1385 2553 cumulum
1410 2504 1774 2565 peccatorum.

256 2585 495 2642 Pervenit
518 2589 653 2642 enim
676 2589 755 2642 ira
774 2586 875 2643 Dei
901 2607 1053 2662 super
1076 2591 1195 2645 illos
1228 2607 1386 2662 usque
1406 2592 1458 2645 in
1483 2592 1658 2659 ﬁnem.
1689 2591 1779 2645 Si-

178 2696 248 2736 ve
277 2683 407 2750 quia
435 2681 673 2750 praedico
706 2697 809 2752 qua
844 2698 1003 2752 frena
1032 2684 1233 2755 captivi
1276 2693 1403 2739 sunt
1455 2700 1472 2743 :
1511 2683 1627 2741 sive
1656 2688 1778 2755 quia

179 2772 400 2828 ablatus
438 2783 520 2828 est
543 2789 648 2828 non
678 2773 1028 2830 credentibus
1057 2774 1391 2832 intellectus.

259 2864 374 2919 Nos
403 2874 575 2920 autem
596 2908 610 2933 ,
640 2871 851 2938 fratres,
887 2868 1106 2923 desolati
1128 2887 1158 2924 a
1189 2871 1328 2924 vobis
1355 2870 1425 2923 ad
1462 2879 1663 2939 tempus
1684 2867 1782 2923 Ito-

183 2975 279 3025 τω,
308 2969 541 3030 aspectu,
564 2978 668 3016 non
692 2963 869 3017 conte.
891 2962 1042 3019 Sicut
1069 2964 1198 3019 alibi
1230 2965 1305 3020 ait
1332 2983 1343 3019 :
1374 2966 1439 3020 Et
1465 2978 1666 3035 corpus
1687 2964 1782 3018 ab-

187 3069 337 3120 sens,
369 3055 466 3110 sed
502 3055 693 3122 spiritu
724 3072 984 3127 praesens.

1876 466 1963 507 me
1984 467 2172 522 pacem
2205 452 2483 508 habeatis:
2511 453 2565 509 in
2590 454 2692 511 hoc
2717 462 2896 511 autem
2921 455 3122 511 saeculo
3140 471 3475 526 pressuram.

1946 543 2088 599 Nam
2116 556 2166 601 et
2196 563 2313 600 cum
2334 550 2480 617 apud
2509 565 2594 604 vos
2624 566 2875 616 essemus,
2904 550 3305 618 prwdicebamus
3332 553 3473 608 vobis

1873 656 2114 711 passuros
2139 657 2232 695 nos
2259 641 2618 699 tribulationes
2647 659 2667 699 .'
2694 644 2832 698 sicut
2860 653 2907 698 et
2936 644 3131 715 factum
3152 654 3259 710 est,
3297 657 3345 700 et
3375 648 3477 701 sci-

1875 732 1963 787 tis.
2009 732 2086 788 Ne
2115 748 2213 788 vos
2242 732 2359 804 ipsa
2390 736 2605 791 novitas
2635 734 2974 803 deterreret,
3016 735 3110 791 sed
3142 735 3316 805 magis
3346 751 3475 806 pro-

1876 824 2054 895 phetia
2088 835 2276 882 nostra
2302 827 2650 884 conﬁrmaret
2684 846 2698 883 :
2739 829 2883 885 sicut
2908 837 2963 885 et
2995 826 3257 885 Dominus
3285 842 3474 899 passu-

1874 931 1992 971 rum
2023 931 2083 972 se
2111 926 2239 973 ante
2270 919 2577 988 praedixit..

1946 1007 2230 1081 Pr0pterea
2259 1020 2308 1064 et
2337 1028 2431 1082 ego
2460 1010 2686 1084 amplius
2705 1028 2810 1068 non
2835 1012 3118 1084 sustinens,
3145 1015 3262 1069 misi
3289 1017 3358 1070 ad
3384 1033 3474 1073 co-

1873 1103 2224 1173 gnoscendum
2253 1102 2411 1172 ﬁdem
2440 1114 2679 1172 vestram,
2710 1121 2774 1159 ne
2797 1105 2932 1175 forte
2956 1108 3226 1161 tentarerit
3248 1124 3357 1164 vos.
3388 1108 3478 1167 Di-

1874 1206 2004 1249 cens
2041 1210 2054 1247 :
2090 1194 2231 1249 Ecce
2257 1195 2311 1249 in
2339 1196 2533 1265 quibus
2559 1200 2762 1267 putatis
2788 1198 2961 1254 Deum
2994 1214 3148 1267 esse,
3178 1200 3355 1270 qualia
3382 1216 3477 1273 pa-

1875 1284 2097 1351 tiantur,
2130 1295 2183 1341 et
2216 1286 2374 1341 ﬁdem
2404 1299 2642 1344 vestram
2672 1290 2892 1346 forsitan
2922 1303 3316 1351 commoveret.

1947 1376 2004 1431 Is
2034 1379 2123 1449 qui
2145 1387 2326 1434 tentat.
2357 1381 2511 1437 Sicut
2538 1382 2641 1438 Job
2669 1400 2700 1438 a
2732 1384 2962 1441 Domino
2989 1388 3272 1457 probatur.

1946 1469 2102 1524 Nunc
2154 1482 2325 1526 autem
2370 1475 2601 1529 veniente
2639 1474 2914 1531 Timotheo
2952 1480 3020 1531 ad
3052 1496 3145 1533 nos
3170 1496 3200 1532 a
3231 1482 3403 1548 vobis,
3431 1492 3479 1537 ct

1874 1565 2217 1619 annuntianle
2244 1566 2390 1641 nobis
2418 1568 2575 1637 ﬁdem
2602 1579 2648 1622 et
2676 1567 2979 1624 charitatem
3007 1580 3230 1626 vestram
3253 1586 3331 1628 :et
3357 1577 3480 1644 quia

1874 1658 2180 1711 memoriam
2208 1661 2376 1714 nostri
2406 1660 2604 1717 habetis
2636 1663 2852 1729 bonam,
2894 1680 3095 1737 semper
3130 1666 3480 1723 desiderantes

1808 1760 1851 1819 Β
1884 1765 1979 1803 nos
2008 1750 2209 1817 videre,
2254 1752 2384 1807 sicut
2416 1763 2462 1808 et
2502 1771 2593 1809 nos
2620 1772 2823 1827 quoque
2853 1764 2900 1810 et
2929 1773 3038 1812 vos.
3070 1757 3209 1826 Quia
3251 1758 3480 1817 ﬁrmiter

1874 1840 2093 1897 Christo
2130 1842 2453 1912 credentes,
2493 1848 2695 1903 tenetis
2728 1849 2887 1904 tidem
2922 1868 2934 1903 :
2965 1858 3026 1904 et
3064 1865 3165 1906 nos
3191 1852 3351 1908 solita
3396 1852 3481 1909 di-

1878 1933 2109 1989 lectione
2136 1934 2382 2005 diligitis.

1953 2024 2076 2081 lde’o
2106 2026 2360 2082 consolati
2391 2045 2593 2095 sumus,
2623 2032 2814 2101 fratres
2835 2071 2849 2097 ,
2882 2032 2935 2087 in
2966 2034 3105 2087 vobis
3136 2034 3189 2088 in
3215 2036 3356 2089 omni
3381 2054 3475 2091 ne-

1877 2120 2107 2174 cessitate
2118 2128 2165 2174 et
2188 2119 2514 2176 tribulatione
2531 2131 2707 2177 nostra
2725 2140 2815 2192 per
2826 2124 2977 2194 fidem
2992 2134 3231 2181 vestram.
3248 2127 3475 2183 Omnem

1880 2216 2262 2270 necessitatem
2308 2225 2363 2271 et
2408 2215 2814 2273 tribulationem
2864 2234 2973 2274 non
3021 2220 3326 2290 sentimus,
3368 2236 3480 2292 prae

1881 2306 2438 2379 magnitudinegaudii
2470 2319 2640 2365 status
2672 2313 2863 2369 vestri.
2992 2376 3001 2385 ρ

1955 2402 2213 2466 Quoniam
2258 2419 2393 2457 nunc
2426 2404 2675 2470 vivimus,
2723 2406 2769 2459 si
2812 2422 2898 2459 vos
2935 2407 3083 2461 statis
3127 2408 3181 2460 in
3230 2406 3511 2465 Domino-

1883 2491 2054 2546 Etiam
2089 2493 2132 2547 si
2179 2494 2524 2561 occiduntur,
2569 2496 2839 2551 vivimus:
2873 2499 3000 2568 quia
3046 2498 3153 2553 vita
3203 2509 3387 2555 nostra
3427 2502 3480 2557 in

1881 2595 2063 2640 vestra
2090 2584 2351 2639 ﬁrmitate
2382 2587 2653 2642 consistit.

1957 2677 2126 2742 Quam
2162 2678 2299 2733 enim
2328 2679 2619 2751 gratiarum
2656 2680 2911 2735 actionem
2943 2697 3221 2753 possumus
3250 2684 3361 2739 Deo
3400 2702 3484 2741 re-

1884 2769 2107 2824 tribuere
2144 2788 2239 2842 pro
2284 2771 2445 2840 vobis,
2503 2773 2558 2826 in
2604 2774 2745 2827 omni
2782 2774 3005 2844 gaudio,
3053 2793 3154 2844 quo
3200 2778 3486 2849 gaudemus

1885 2870 2093 2933 propter
2124 2878 2212 2916 vos
2240 2872 2359 2917 ante
2389 2864 2676 2918 Dominum
2695 2864 2862 2919 Deum
2901 2876 3155 2921 nostrum.
3190 2869 3484 2939 Triplicem

1886 2952 2090 3008 ltetitize
2141 2967 2360 3009 causam
2401 2942 2558 3011 nobis
2610 2966 2791 3012 vestra
2831 2961 3175 3015 conversatio
3226 2971 3484 3031 pracsmt:

1887 3044 2010 3114 quia
2032 3032 2095 3099 ἐι
2122 3060 2219 3099 vos
2251 3046 2514 3116 proﬁcitis
2538 3090 2551 3112 ,
2584 3058 2639 3103 et
2684 3048 2947 3105 Dominus
2984 3067 3082 3121 per
3127 3067 3225 3108 vos
3266 3052 3492 3109 benedi-

264 3149 628 3203 Abundantius
649 3150 1007 3221 festinabimus
1032 3153 1219 3221 facient
1246 3164 1465 3209 vestram
1480 3156 1652 3210 videre
1674 3170 1789 3209 cum

1919 3136 2054 3205 itur,
2082 3147 2136 3192 et
2159 3138 2282 3193 aliis
2308 3141 2563 3210 pra-betis
2596 3143 2929 3213 exemplum.

190 3241 354 3295 multo
381 3242 655 3299 desiderio.
685 3242 941 3310 Quoniam
966 3244 1223 3302 voluimus
1252 3250 1423 3301 venire
1448 3248 1516 3301 ad
1542 3262 1627 3301 vos
1652 3265 1671 3302 :
1696 3263 1788 3317 ego

189 3334 399 3407 quidem
433 3334 632 3390 Paulus
669 3347 716 3391 et
752 3337 909 3392 semel
941 3348 987 3393 et
1022 3340 1238 3405 iterum,
1278 3342 1370 3396 sed
1400 3343 1663 3413 impedivit
1699 3360 1791 3399 nos

194 3428 446 3483 Satanas.
472 3429 938 3486 Tribulationibus
970 3435 1433 3503 persequentium.

273 3520 405 3587 Quae
428 3531 499 3576 est
524 3524 659 3577 enim
688 3534 864 3577 nostra
894 3542 1030 3597 spes,
1061 3535 1152 3579 aut
1179 3528 1450 3599 gaudium,
1476 3541 1567 3585 aut
1598 3546 1793 3585 corona

197 3612 425 3684 gloriae?
472 3614 662 3670 Nonne
694 3634 814 3682 vos,
860 3628 976 3673 ante
1021 3617 1301 3675 Dominum
1340 3634 1573 3678 nostrunt
1616 3623 1795 3679 Jesum

1969 3229 2138 3285 Nocte
2165 3248 2227 3285 ac
2257 3233 2341 3289 die
2373 3234 2726 3293 abundantius
2760 3249 2989 3307 orantes,
3022 3249 3079 3294 ut
3119 3239 3382 3295 rideamus
3411 3241 3495 3311 fa-

1895 3323 2024 3377 ciem
2076 3334 2319 3379 restram.
2365 3329 2618 3384 Ostendit
2664 3340 2925 3401 quantum
2980 3333 3102 3386 aliis
3147 3332 3496 3389 desiderandi

1895 3418 2003 3472 sint
2026 3417 2304 3487 fratribus,
2336 3436 2470 3490 quos
2504 3432 2709 3477 tantum
2734 3423 2850 3492 ipse
2877 3422 3170 3478 desiderat.
3193 3423 3326 3491 Quis
3347 3427 3492 3482 enim

1896 3524 2020 3565 cum
2050 3510 2249 3566 laruam
2275 3514 2504 3582 peperit,
2540 3514 2725 3568 videre
2753 3529 2861 3569 non
2891 3515 3114 3584 Ctlplal?

1974 3605 2040 3659 Et
2073 3608 2424 3677 compleamus
2450 3624 2509 3662 ea
2546 3624 2663 3677 quia
2697 3609 2881 3663 desunt
2912 3610 3034 3678 fidei
3061 3620 3258 3669 vestrm.
3286 3613 3340 3670 Si
3369 3613 3499 3686 quid

1903 3698 2044 3754 ﬁdes
2073 3707 2252 3754 vestra
2286 3701 2464 3755 minus
2492 3701 2655 3771 habet
2684 3702 2966 3763 doctrinm.

1977 3791 2101 3863 Ipse
2130 3803 2301 3847 autem
2329 3790 2472 3847 Deus
2504 3803 2551 3846 et
2584 3793 2742 3849 Pater
2764 3805 2960 3863 noster,
2990 3804 3036 3851 et
3068 3796 3324 3854 Dominus
3348 3798 3505 3856 Jesus

1908 3883 2146 3939 Christus
2167 3884 2359 3955 dirigat
2388 3885 2522 3939 viam
2548 3896 2778 3941 nostram
2807 3888 2877 3941 ad
2902 3904 3011 3943 vos.
3037 3889 3283 3947 Remotis
3304 3892 3508 3948 diaboli

1906 3977 2201 4043 scandatis,
2233 3979 2428 4048 quibus
2457 3990 2647 4036 noster
2674 3981 2968 4052 impeditur
2993 3982 3059 4038 ad
3086 3999 3187 4039 vos
3216 3984 3501 4041 adventus.

1988 4070 2095 4126 Vos
2127 4082 2299 4126 autem
2330 4071 2587 4128 Dominus
2614 4076 2944 4148 multiplicet,
2979 4086 3025 4131 et
3054 4077 3318 4132 abundare
3348 4079 3509 4150 faciat

199 3702 461 3759 Christum
488 3706 544 3761 in
571 3708 793 3763 adventu
824 3712 937 3781 ejus
964 3712 987 3765 ?
1015 3712 1134 3766 Non
1163 3714 1436 3769 immerito
1458 3732 1554 3769 vos
1583 3714 1799 3772 deside-

200 3813 407 3867 ramus,
439 3814 536 3869 per
556 3816 692 3873 quos
720 3803 925 3860 laetitiae
949 3805 1206 3876 gaudium
1230 3822 1544 3879 speramus,
1586 3820 1638 3865 et
1676 3810 1796 3880 glo-

200 3890 302 3945 rise
332 3905 611 3947 coronam.

288 3983 389 4041 Vos
418 3987 555 4040 enim
579 3987 697 4042 estis
726 3987 898 4057 gloria
928 3999 1102 4044 nostra
1131 4001 1180 4045 et
1209 3992 1480 4062 gaudium.
1517 3993 1648 4048 Boni
1683 4009 1799 4049 ma-

203 4077 383 4147 gistri,
415 4094 634 4135 omnem
663 4096 838 4148 spem,
884 4090 940 4137 ct
972 4083 1254 4152 gaudium,
1289 4092 1343 4140 et
1368 4085 1595 4156 gloriam
1626 4086 1802 4143 solent

205 4171 479 4225 collocare
504 4171 558 4226 in
588 4171 838 4241 profectu
864 4174 1277 4245 discipulorum,

819 4265 1049 4324 CAPUT
1094 4267 1184 4325 Ill.

286 4357 511 4431 Propter
536 4358 677 4429 quod
712 4375 816 4413 non
846 4362 1155 4416 sustinentes
1181 4362 1432 4436 amplius.
1464 4364 1543 4420 Ad
1582 4380 1678 4421 vos
1706 4379 1804 4421 ne-

212 4452 416 4506 minem
444 4459 696 4506 nostrum
727 4453 937 4508 venire.

1912 4163 2215 4219 charitatem
2260 4175 2503 4220 vestram.
2549 4165 2685 4236 Quia
2714 4166 2825 4239 jam
2869 4168 3029 4239 plena
3060 4178 3116 4225 et
3151 4184 3320 4241 opere
3359 4185 3513 4226 com-

1913 4256 2143 4327 probata
2173 4268 2281 4315 est.

1984 4348 2049 4404 In
2099 4352 2315 4405 invicem
2360 4353 2494 4407 etin
2548 4369 2745 4410 omnes.
2788 4354 2860 4411 Ut
2902 4370 3008 4411 non
3041 4355 3217 4410 solum
3257 4354 3517 4411 Christia-

1914 4460 2033 4510 nos,
2064 4444 2161 4500 sed
2193 4444 2357 4499 etiam
2386 4446 2567 4502 omnis
2599 4456 2764 4502 seetse
2811 4447 3061 4503 homines
3085 4488 3101 4513 ,
3137 4460 3243 4502 non
3274 4447 3477 4503 erroris
3498 4494 3513 4519 ,

289 4542 500 4597 Placuit
530 4542 673 4597 nobis
699 4559 962 4599 remanere
996 4545 1211 4602 Athenis
1247 4548 1365 4603 soli.
1404 4548 1686 4605 Maluimus
1713 4548 1816 4605 soli
1842 4538 1891 4599 D
1919 4538 2015 4593 Sed
2049 4549 2255 4593 "illum!
2279 4539 2447 4609 {tralia
2477 4540 2715 4611 diligatis
2742 4560 2753 4595 ε
2779 4549 2835 4596 ει
2857 4541 2935 4596 eis
2958 4541 3011 4595 ίη
3035 4555 3144 4607 (illo
3165 4539 3516 4610 ῑηάίειιετῖηι.

216 4650 522 4699 remanere,
554 4651 717 4706 quam
752 4636 965 4693 nescire
989 4639 1116 4709 quid
1144 4643 1399 4710 ageretis.

291 4724 361 4779 Et
395 4726 625 4781 misimus
650 4726 978 4782 Timotheum
1014 4730 1230 4801 fratrem
1264 4744 1519 4790 nostrum.
1545 4736 1817 4803 Qumritur

220 4819 495 4890 quomodo
536 4821 855 4877 Timotheus
905 4821 1103 4878 missus
1132 4832 1214 4879 est
1247 4844 1260 4879 :
1309 4827 1401 4881 scd
1438 4829 1587 4897 prius
1628 4829 1681 4883 id
1737 4829 1819 4885 di-

218 4926 366 4968 etum
389 4920 490 4968 εει.

297 5004 365 5057 Et
404 5005 698 5059 ministrum
736 5003 837 5060 Dei
864 5008 919 5061 in
950 5003 1237 5078 Evangelia
1279 5007 1489 5065 Christi.
1524 5011 1817 5082 Adjntores

226 5113 324 5168 pro
352 5096 634 5168 discipulis
662 5099 824 5154 etiam
851 5100 1010 5171 vulgo
1041 5100 1315 5157 dicuntur.

299 5192 382 5243 Ad
406 5190 789 5259 confirmandos
819 5208 907 5246 vos
937 5200 984 5247 et
1013 5193 1357 5248 exhortandos
1384 5211 1476 5265 pro
1499 5196 1601 5265 ﬁde
1631 5207 1816 5251 vestra.

226 5282 334 5339 Pro
365 5282 467 5337 hac
494 5298 662 5338 causa
685 5284 967 5339 dumtaxat
1000 5304 1013 5338 :
1046 5286 1170 5355 quia
1215 5286 1449 5356 perfecte
1488 5288 1815 5344 credidistis.

305 5373 374 5431 Ut
396 5391 544 5429 nemo
568 5385 827 5430 moveatur
848 5378 901 5431 in
919 5377 1336 5433 tribulationibus
1360 5380 1493 5435 istis.
1513 5378 1633 5436 Non
1660 5380 1783 5437 dico
1803 5422 1819 5448 ,

230 5484 301 5525 ne
331 5482 545 5532 omnes,
576 5468 668 5522 Sed
702 5483 769 5524 ne
798 5468 881 5523 vel
913 5468 1111 5539 aliquis
1132 5480 1444 5528 moveatur.

304 5561 420 5634 Ipsi
446 5562 584 5616 enim
613 5562 772 5627 scitis,
799 5563 937 5632 quod
958 5564 1012 5616 in
1041 5562 1137 5616 hoc
1162 5565 1314 5633 positi
1336 5582 1535 5621 sumus.
1566 5565 1682 5623 Non
1698 5582 1828 5639 ergo

233 5653 426 5711 mirari
456 5654 688 5721 debetis,
716 5656 954 5711 scientes
983 5671 1081 5711 nos
1105 5657 1264 5714 aliter
1292 5662 1525 5716 transire
1559 5676 1665 5716 non
1699 5676 1828 5732 pos-

233 5762 317 5818 se,
348 5747 567 5805 dicente
598 5745 827 5806 Domino
861 5763 875 5803 :
908 5746 1051 5805 Ecce
1084 5763 1186 5822 ego
1222 5751 1379 5808 mitto
1407 5767 1503 5809 vos
1533 5754 1673 5811 sicut
1704 5769 1832 5814 oves

1926 4632 2356 4689 misericordiam
2382 4649 2544 4705 quam
2579 4634 2686 4690 illis
2722 4633 2775 4689 in
2811 4635 3065 4705 praesenti
3100 4634 3240 4691 Deus
3265 4633 3519 4703 exhibet,

1925 4743 2031 4783 non
2057 4727 2286 4798 negetis.

1999 4820 2446 4886 Quemadmodum
2473 4826 2520 4872 et
2549 4834 2643 4872 nos
2673 4818 2727 4872 in
2756 4818 2899 4873 vobis
2930 4818 3001 4872 ad
3021 4816 3376 4888 conﬁrmanda
3406 4832 3522 4873 cor-

1928 4913 1998 4967 da
2019 4923 2204 4986 vestra.
2240 4911 2391 4967 Fecit
2426 4910 2738 4980 abundare,
2775 4920 2832 4967 ut
2867 4920 2923 4968 et
2961 4925 3058 4967 vos
3083 4911 3316 4968 aliorum
3357 4911 3525 4971 corda

1929 5004 2181 5060 ﬁrmetis.

1998 5097 2127 5152 Sine
2173 5094 2384 5166 querela
2420 5095 2475 5148 in
2519 5096 2794 5150 sanctitate
2842 5104 2965 5151 ante
3010 5096 3177 5152 Deum
3221 5107 3268 5153 et
3310 5093 3523 5153 Patrem

1926 5199 2163 5245 nostrum
2193 5190 2247 5243 in
2286 5188 2511 5241 adventu
2557 5186 2768 5242 Domini
2800 5190 2965 5243 nostri
3001 5187 3130 5244 Jesu
3170 5186 3365 5245 Christi
3404 5207 3523 5245 cum

1927 5284 2162 5345 omnibus
2188 5281 2379 5337 sanctis
2405 5283 2541 5352 ejus.
2574 5281 2757 5336 Amen.
2788 5281 2905 5337 Non
2934 5293 3061 5339 ante
3088 5283 3356 5349 homines,
3386 5286 3530 5340 sicut

1928 5376 1998 5432 de
2039 5375 2328 5439 Zacharia,
2365 5385 2420 5428 et
2466 5373 2769 5430 Elizabeth.
2815 5376 2883 5432 Et
2918 5391 3014 5447 per
3051 5376 3242 5432 Isaiam
3279 5395 3293 5434 :
3332 5378 3398 5433 Et
3428 5392 3524 5436 vos

1931 5472 2085 5527 eritis
2114 5471 2246 5526 mihi
2276 5469 2426 5540 justi,
2452 5468 2580 5525 dicit
2616 5472 2895 5528 Dominus.

2546 5563 2779 5621 CAPUT
2818 5567 2907 5623 Ν.

2008 5657 2084 5713 De
2110 5667 2292 5714 cratera
2311 5672 2456 5728 ergo,
2477 5656 2687 5726 fratres.
2712 5658 2840 5717 Post
2872 5658 3087 5722 laudem
3116 5672 3171 5723 et
3200 5662 3532 5725 consolatio-

1935 5734 2082 5821 nem,
2121 5749 2309 5824 incipit
2342 5747 2671 5809 exhortatio.
