4008 6188
542 235 648 290 8117

1594 223 1653 278 S.
1696 219 2068 276 lllERUXYSll
2108 217 2387 275 OPEltUll
2430 216 2787 273 )lAXTlSSA.

3744 216 3848 274 868

621 349 885 419 Itugamns
919 360 1033 409 vos,
1079 351 1129 395 et
1162 341 1487 393 cbsecramus
1518 338 1571 389 in
1620 336 1844 388 Domino
1874 333 2003 388 Iesu
2036 350 2054 387 :
2087 344 2140 387 ut
2168 339 2221 396 Α
2246 336 2425 403 aliqua
2455 333 2617 387 etiam
2663 333 2729 388 ad
2777 332 3057 402 religionis
3103 332 3455 403 opprobrium
3505 334 3851 403 postulantes

547 440 979 512 quemadmodum
1010 434 1281 498 accepistis
1310 449 1342 485 a
1389 432 1567 491 nobis,
1615 429 1877 499 quomodo
1910 437 2144 497 oporteat

549 550 637 588 vos
685 533 949 587 ambulare
990 538 1039 581 et
1082 528 1281 595 placere
1326 524 1433 579 Deo
1478 526 1597 578 :sic
1644 533 1692 577 et
1738 520 2048 584 atubuletis,
2092 528 2147 571 ut

550 626 822 679 abundett’s
856 623 1044 690 magis.
1076 620 1285 686 Quibus
1312 619 1394 673 via
1431 616 1681 671 Christus
1712 623 1822 677 est,
1869 612 2046 681 dignis
2082 626 2150 666 eo

548 716 829 785 gressibus
856 712 1132 767 ambulate
1160 730 1172 764 :
1203 711 1326 781 quia
1356 726 1477 764 cum
1510 718 1667 763 :rlate
1689 708 1822 760 tidi-s
1844 708 2025 775 augeri
2056 704 2151 757 de-

548 809 639 863 bet
658 816 713 864 et
735 822 915 863 mores
949 824 965 861 :
996 807 1275 859 sicutcmn
1310 813 1467 857 :etate
1493 802 1697 866 carnis,
1730 811 1783 854 et
1812 800 1968 853 cibus
2020 812 2149 852 cre-

550 904 649 956 scit
680 910 735 954 et
767 900 1027 955 Slttditttll.

627 992 792 1048 Scitis
824 993 960 1046 enim
991 1006 1107 1059 qua
1139 997 1397 1059 prwcepta
1422 988 1653 1043 dederim
1686 985 1827 1041 vobis
1857 1001 1947 1057 per
1970 982 2151 1041 Domi-

554 1103 675 1139 ttum
700 1083 897 1139 Iesum.
939 1082 1067 1138 Haec
1101 1092 1177 1137 est
1211 1083 1347 1137 enim
1369 1082 1608 1136 voluntas
1645 1081 1767 1146 ltei,
1802 1076 2152 1144 sanctiﬁcatio

552 1192 741 1240 vcs'ru,
784 1187 837 1231 ut
867 1176 1171 1231 abstineatis
1199 1191 1287 1229 vos
1325 1193 1355 1227 a
1388 1174 1750 1243 fornicatione.
1783 1170 2154 1225 Sanctilicatio

554 1278 622 1329 ab
653 1274 797 1328 omni
831 1271 1219 1327 incontinentia
1259 1279 1477 1324 revocat
1506 1266 1873 1322 Christianum
1895 1306 1908 1327 ,
1950 1265 2036 1317 cui
2071 1264 2154 1317 in-

555 1365 855 1420 euntinenti
885 1381 990 1419 non
1021 1362 1239 1432 expedit
1262 1370 1510 1415 sanctum
1537 1358 1734 1413 Christi
1760 1371 1960 1423 corpus
1992 1354 2157 1407 attin-

554 1474 685 1525 gere
714 1476 724 1508 :
756 1460 995 1513 rnaxime
1024 1472 1146 1511 cum
1180 1454 1393 1524 Moyses
1433 1454 1651 1507 Judtcos
1683 1448 2025 1504 sanctiﬁcare
2061 1463 2155 1499 vo-

552 1553 689 1617 lens,
726 1552 981 1619 populum
1010 1560 1180 1603 totum
1213 1550 1279 1603 ab
1310 1547 1508 1601 femina
1542 1561 1600 1599 se
1627 1544 1914 1599 continuere
1948 1555 2155 1612 prazce-

559 1643 654 1712 pit.
683 1654 740 1696 ut
767 1642 862 1696 Dei
889 1642 1051 1711 petiri
1079 1642 1368 1711 prmsentia
1402 1645 1764 1694 mererentur.

2252 427 2321 481 ab
2351 426 2493 479 inﬁdi
2518 428 2699 480 libus:
2731 441 3057 494 quamquam
3085 424 3152 479 ad
3180 442 3274 478 cos
3294 426 3345 479 in
3370 427 3608 479 secunda
3640 427 3851 496 plenius

2251 528 2585 593 exsequitur.
2620 524 2773 580 Unde
2800 525 2974 594 magis
3002 525 3119 579 vult
3146 538 3263 587 eos,
3296 523 3378 576 vel
3408 521 3617 591 proprii
3649 522 3846 590 negotii

2252 637 2402 685 cura,
2431 622 2511 675 vel
2545 621 2732 675 labore
2761 636 3016 673 manuum
3051 619 3329 685 occupari,
3362 631 3522 683 quam
3556 614 3849 669 otiositatis

2253 716 2658 783 detrimentum,
2686 723 2740 768 et
2766 713 3153 783 inquietudinis
3175 712 3383 766 habere
3414 719 3724 778 peccatum.

2330 806 2396 863 Ut
2418 819 2465 862 et
2490 809 2693 859 honrste
2724 808 2994 860 ambuletis
3016 806 3084 858 ad
3110 822 3216 871 cos,
3239 805 3326 871 qui
3350 804 3479 874 foris
3500 810 3644 864 sunt,
3669 810 3716 855 et
3739 801 3854 853 nul-

2255 902 2355 956 lius
2398 900 2599 970 aliquid
2640 899 2959 954 desideratis.
3012 898 3090 954 Ne
3136 914 3229 951 vos
3273 896 3377 967 ipsi
3415 898 3712 962 deuntem,
3760 894 3852 964 qui

2256 1004 2519 1063 pra'stare
2548 992 2824 1047 videntur.

2331 1083 2595 1138 Nolumus
2650 1097 2821 1138 autem
2876 1102 2963 1138 vos
3004 1085 3282 1157 ignorare,
3329 1084 3559 1152 fratres,
3612 1081 3681 1135 de
3734 1082 3856 1135 dor-

2256 1180 2551 1233 mientibus.
2586 1179 2792 1232 Dormit
2817 1179 2959 1233 enim
2980 1220 2993 1242 ,
3019 1194 3179 1246 quem
3214 1186 3424 1232 eertum
3458 1185 3543 1231 est
3572 1184 3852 1229 surrectu-

2257 1287 2401 1337 rum,
2438 1271 2575 1324 sient
2606 1270 2808 1323 dictum
2839 1278 2923 1323 est
2956 1270 3006 1322 in
3045 1270 3334 1337 Evangelia
3360 1268 3427 1321 de
3458 1268 3686 1321 Lazaro.

2333 1363 2399 1417 Ut
2430 1380 2530 1417 non
2561 1363 2964 1429 rontristemini,
2997 1366 3130 1416 sicut
3161 1375 3208 1415 et
3240 1363 3430 1422 (reteri,
3460 1364 3548 1431 qui
3578 1378 3723 1428 spem
3753 1379 3853 1414 no.1

2258 1456 2467 1509 habent.
2504 1458 2676 1510 Aliter
2710 1454 2874 1510 debet
2917 1454 3033 1510 ﬁeri
3072 1459 3161 1525 qui
3201 1468 3431 1525 peregre
3456 1453 3665 1525 pergit,
3699 1453 3859 1507 aliter

2260 1548 2349 1603 illc
2379 1548 2470 1618 qui
2498 1549 2746 1602 moritur.

2335 1642 2396 1696 Si
2425 1644 2559 1695 enim
2588 1642 2865 1702 credimus,
2895 1644 3035 1711 quod
3058 1639 3217 1694 Iesus
3241 1648 3469 1693 mortuus
3491 1647 3590 1703 est,
3614 1645 3660 1691 et
3686 1654 3859 1692 resur-

633 1732 700 1788 Ut
732 1734 860 1787 sciat
894 1733 1246 1802 unusquisque
1276 1742 1497 1785 astrum
1522 1746 1608 1782 ras
1634 1745 1783 1782 suum
1811 1726 2075 1795 possidere
2101 1725 2153 1778 in
2188 1732 2230 1791 Β
2260 1735 2411 1787 rexit,
2474 1735 2529 1788 Si
2578 1748 2641 1788 ea
2682 1734 2977 1796 credimus,
3019 1748 3140 1801 (μω
3185 1748 3293 1785 non
3335 1730 3585 1785 videmus
3620 1747 3634 1782 ε
3667 1740 3725 1783 ei
3765 1745 3858 1796 per

555 1828 963 1896 sanctiﬁcatione
992 1837 1036 1879 et
1082 1826 1296 1879 honore.
1332 1824 1501 1879 Suum
1544 1837 1743 1890 corpus
1784 1820 2155 1889 unusquisque

556 1931 766 1977 castum
798 1921 1065 1973 servando
1105 1918 1408 1971 satlclilicct
1435 1925 1490 1969 et
1525 1914 1773 1969 honoret.
1816 1914 1985 1969 Simul
2020 1927 2155 1966 coo-

556 2011 927 2079 sitlerandum,
962 2011 1085 2079 quia
1122 2009 1201 2064 eis
1245 2019 1517 2079 tamquam
1553 2006 1837 2078 perfectis,
1875 2005 2156 2059 noo'sicut

554 2104 853 2159 Corinthiis
877 2104 1069 2158 scribit
1099 2100 1349 2156 inﬁrmis.

632 2197 753 2250 Non
782 2198 834 2251 in
867 2197 1103 2265 passione
1127 2195 1395 2259 desiderii,
1424 2194 1555 2248 sicut
1586 2204 1634 2247 et
1656 2202 1850 2263 gentes,
1882 2208 1996 2261 qua:
2017 2192 2157 2259 igno-

554 2299 672 2343 rant
715 2288 900 2342 Deum.
942 2288 1018 2342 Nc
1058 2288 1235 2341 nimia:
1281 2296 1336 2341 et
1378 2286 1749 2340 immoderata:
1798 2283 2010 2337 libidini
2040 2298 2158 2337 ser-

555 2384 784 2447 vientes,
831 2380 1039 2434 similes
1077 2378 1332 2448 gentibus
1371 2377 1553 2431 liatis:
1593 2392 1711 2446 qua:
1750 2375 1920 2431 Deum
1949 2383 2156 2427 amato-

556 2489 672 2530 rem
705 2472 973 2529 castitatis
1005 2472 1275 2541 ignorant.

627 2568 694 2621 Et
738 2584 802 2622 ne
828 2567 940 2634 quis
979 2564 1435 2637 supqrgrcdiatur,
1482 2580 1641 2634 neque
1689 2563 2056 2616 circumveniat
2101 2562 2155 2615 in

558 2663 759 2732 negotio
792 2666 1007 2731 fratrem
1049 2675 1223 2713 suum.
1266 2658 1342 2713 Ne
1382 2660 1505 2727 quis
1534 2668 1656 2729 post
1706 2657 1952 2711 devotam
1980 2655 2156 2710 conti-

558 2754 795 2809 nentiam
815 2764 867 2806 et
889 2766 1242 2819 consensum,
1270 2750 1428 2805 lratri
1446 2750 1794 2819 suoaliquam
1819 2751 1919 2801 cir(
1934 2763 2161 2802 umven-

561 2848 760 2900 tionem
791 2846 839 2899 vi
864 2842 1217 2899 circumferre
1255 2843 1458 2897 nitatur
1487 2859 1500 2895 :
1540 2844 1659 2897 sive
1706 2844 1756 2896 in
1788 2841 2034 2911 quolibet
2065 2856 2157 2895 nc-

558 2938 726 3007 gotio,
754 2950 819 2989 ne
846 2934 968 3004 quis
993 2938 1226 2989 alterum
1256 2923 1511 2989 frautletf

636 3027 896 3095 Quoniam
926 3026 1113 3081 vindex
1144 3037 1218 3081 est
1247 3024 1500 3080 Dominus
1530 3024 1593 3078 de
1616 3024 1696 3080 his
1717 3025 1954 3079 omnibus
1984 3041 2001 3078 :
2028 3025 2157 3079 sicut

2262 1831 2380 1896 eius
2402 1828 2860 1882 resurrectionem
2886 1827 3019 1879 certi
3042 1839 3230 1879 sumus
3273 1838 3378 1877 non
3413 1824 3627 1877 veniam
3668 1836 3856 1877 conse-

2262 1936 2419 1975 cutos
2455 1938 2466 1973 :
2501 1936 2598 1974 cur
2626 1919 2754 1973 illud
2784 1918 3035 1973 similiter
3066 1933 3173 1973 non
3204 1916 3518 1980 credamus,
3552 1915 3701 1985 quod
3733 1930 3859 1985 gett-

2265 2022 2343 2067 tes
2375 2013 2463 2082 qui
2499 2012 2698 2066 videnti
2726 2011 2838 2065 Deo
2866 1998 2971 2065 non
2998 2010 3227 2064 credunt
3253 2009 3277 2062 τ

2338 2104 2421 2157 Ita
2449 2118 2493 2157 et
2526 2104 2666 2157 Deus
2698 2121 2779 2157 eos
2804 2104 2893 2173 qui
2924 2104 3267 2167 dormierunt,
3304 2118 3394 2171 per
3422 2098 3609 2153 Iesum
3638 2098 3860 2152 adducet

2263 2216 2378 2253 cum
2414 2215 2492 2252 eo.
2519 2198 2619 2264 Qui
2653 2207 2819 2266 caput
2844 2197 3150 2261 suscitavit,
3185 2195 3348 2248 etiam
3372 2204 3574 2247 castora
3614 2193 3857 2246 metnbra

2262 2295 2650 2349 Sllst'ilﬂllll‘llln
2683 2306 2743 2345 se
2777 2291 3068 2361 promitit.

2340 2386 2451 2441 Hoc
2473 2389 2608 2440 enim
2633 2386 2773 2440 vobis
2798 2384 3016 2439 dicimus
3044 2384 3096 2436 in
3124 2382 3278 2436 verbo
3311 2380 3546 2436 Domini.
3576 2382 3657 2435 Ex
3690 2381 3860 2435 Evan-

2262 2481 2386 2550 gelii
2421 2478 2713 2533 sententia.

2338 2552 2472 2616 Quia
2500 2567 2614 2613 nos,
2643 2549 2728 2618 qui
2758 2548 2993 2614 vivimus,
3023 2547 3109 2617 qui
3128 2546 3325 2598 residui
3352 2560 3533 2598 sumus
3563 2544 3618 2597 in
3639 2542 3857 2596 adsientu

2264 2642 2495 2698 Domini.
2540 2644 2768 2711 Semper
2805 2640 3100 2705 Aposmlus
3140 2638 3287 2693 diem
3336 2637 3545 2693 Domini
3595 2638 3725 2693 fecit
3763 2634 3857 2690 ba-

2262 2738 2395 2791 bere
2427 2747 2763 2805 suspectum,
2794 2735 2945 2805 quasi
2980 2748 3076 2787 eos
3107 2733 3159 2786 in
3190 2746 3421 2801 Corpore
3454 2730 3751 2785 inveniret.

2336 2828 2458 2881 Non
2497 2828 2861 2897 prwvettiemus
2892 2842 2999 2890 eos,
3030 2827 3115 2890 qui
3146 2824 3487 2878 dormierunt.
3520 2823 3654 2877 'l'am
3697 2821 3851 2876 velox

2263 2921 2367 2978 erit
2393 2936 2582 2975 eorum
2612 2919 2963 2985 resurrectio,
2994 2931 3153 2986 quam
3184 2924 3367 2969 nostra
3395 2914 3722 2981 assumptio.

2338 3012 2593 3078 Quoniam
2626 3013 2729 3081 ipse
2764 3008 3017 3061 Dominus
3049 3008 3298 3079 injussu,
3330 3015 3377 3059 et
3404 3007 3456 3059 in
3488 3022 3609 3060 voce
3636 3004 3857 3057 archan-

556 3123 887 3193 pra'diximus
914 3122 1051 3175 vobis
1071 3167 1083 3191 ,
1136 3134 1182 3176 et
1220 3122 1478 3191 testificati
1512 3138 1711 3174 sumus.
1744 3124 1859 3175 Non
1890 3121 2065 3176 solum
2094 3120 2152 3175 de

2291 3106 2386 3158 veli.
2444 3104 2737 3159 Terrorem
2773 3101 2914 3155 illius
2947 3098 3056 3153 diri
3087 3108 3373 3163 monstrat,
3398 3113 3505 3167 quo
3546 3098 3728 3150 omnis
3766 3112 3858 3165 po-

552 3217 908 3273 luruicatioue
948 3228 1002 3272 et
1048 3217 1263 3287 publica
1306 3216 1680 3284 turpitudine,
1729 3216 1824 3269 sed
1868 3217 2029 3269 etiam
2094 3216 2161 3269 de

554 3312 986 3379 transgressione
1014 3310 1298 3378 propositi.
1336 3308 1589 3378 Quisquis
1606 3307 1749 3360 enim
1771 3307 2158 3362 continentiam

556 3403 666 3459 Deo
696 3402 923 3469 voverit,
955 3402 1077 3459 fecit
1106 3403 1206 3455 sibi
1232 3402 1505 3463 illicitum,
1538 3400 1678 3467 quod
1708 3398 1922 3453 licebat.

632 3496 752 3549 Non
795 3496 932 3549 enim
980 3495 1176 3548 vocavit
1225 3510 1319 3548 nos
1363 3491 1502 3546 Deus
1548 3494 1601 3547 in
1637 3492 1986 3546 immunditia.
2030 3492 2161 3559 Quae

563 3600 761 3654 COrptts
792 3586 992 3640 Christi
1024 3588 1292 3643 audenter
1324 3601 1430 3641 non
1465 3584 1725 3655 permittit
1755 3585 1950 3654 accipi.

631 3677 738 3731 Sed
770 3679 821 3729 in
848 3679 1334 3746 sancti/irationem.
1381 3676 1445 3733 Ut
1487 3678 1739 3746 exctttplo
1768 3676 1969 3731 Christi
2012 3676 2159 3731 viva-

559 3770 645 3824 tis.
678 3766 778 3834 Qui
810 3784 952 3822 emtn
997 3770 1153 3823 habet
1187 3786 1337 3838 spem
1373 3770 1510 3824 hanc
1557 3771 1607 3825 in
1656 3786 1812 3838 eum,
1855 3770 2157 3825 sanctificat

558 3878 639 3929 se,
678 3862 819 3917 sicut
852 3863 940 3917 ille
974 3876 1196 3918 sanctus
1226 3874 1329 3918 est.

630 3954 815 4025 Itaque
851 3956 939 4022 qui
966 3955 1078 4011 haec
1108 3957 1326 4028 spernit,
1362 3973 1465 4012 non
1507 3957 1768 4012 hominem
1797 3959 2027 4028 spernit,
2066 3959 2158 4012 sed

556 4048 720 4107 Deum
752 4065 768 4103 :
799 4050 888 4119 qui
918 4050 1070 4104 etiam
1102 4051 1243 4104 dedit
1269 4049 1527 4119 Spiritum
1546 4068 1697 4106 suum
1723 4061 1959 4105 sanctum
1983 4052 2036 4104 in
2064 4068 2155 4104 no-

553 4146 649 4201 bis.
684 4144 795 4201 Non
830 4160 945 4211 me,
981 4142 1075 4199 sed
1106 4128 1229 4198 eum
1264 4144 1355 4214 qui
1393 4146 1444 4199 in
1483 4162 1568 4200 me
1603 4147 1843 4216 loquitur
1872 4146 2153 4200 Christus:

550 4240 707 4309 cujus
753 4236 968 4308 spiritui
1000 4236 1253 4307 injuriam
1304 4236 1435 4291 iacit
1477 4237 1657 4291 omnis
1697 4240 1785 4307 qui
1830 4253 1936 4292 non
1970 4249 2156 4293 sancte

554 4341 821 4386 versatur.

626 4421 702 4476 De
751 4421 1002 4477 charitate
1048 4430 1224 4477 autem
1278 4420 1621 4491 fraternitatis
1679 4438 1782 4475 tton
1815 4437 2019 4477 necesse
2063 4422 2155 4477 Ita-

2270 3206 2437 3252 lestas
2465 3195 2613 3262 caeli,
2647 3204 2698 3249 et
2728 3195 2999 3248 elementa
3026 3189 3295 3245 movenda
3328 3198 3451 3244 sunt
3478 3208 3491 3243 :
3518 3200 3575 3243 ut
3601 3204 3701 3241 nos
3721 3189 3857 3241 scia-

2266 3307 2410 3353 mus.
2437 3290 2579 3361 quali
2608 3288 2940 3343 conscientia
2973 3286 3115 3339 diem
3149 3284 3360 3339 Domini
3390 3292 3795 3353 exspectemus.

2339 3382 2405 3436 Et
2436 3384 2487 3436 in
2517 3382 2640 3434 tuba
2685 3378 2781 3433 Dei
2823 3379 3097 3432 descendet
3136 3377 3200 3431 de
3230 3376 3375 3432 (telo.
3409 3376 3467 3431 Si
3511 3375 3581 3430 ad
3618 3374 3857 3430 hominis

2266 3479 2445 3534 tubam
2494 3488 2639 3531 terra
2684 3474 2897 3529 videtur
2940 3472 3269 3543 permoveri,
3316 3480 3519 3541 quanto
3576 3471 3749 3540 magis
3790 3470 3855 3523 ad

2266 3567 2388 3625 Dei!
2450 3568 2591 3621 sicut
2637 3566 2781 3621 Elias
2831 3580 3051 3637 quoque
3099 3563 3396 3620 terribilem
3427 3564 3482 3617 in
3527 3573 3715 3618 monte
3745 3560 3853 3618 Do-

2264 3664 2397 3719 mini
2430 3660 2562 3716 vidit
2584 3661 2897 3716 adventum.

2334 3756 2400 3811 Et
2439 3757 2630 3811 mortui
2674 3757 2763 3828 qui
2816 3756 2868 3809 in
2910 3753 3115 3810 Christo
3168 3764 3312 3819 sunt,
3358 3763 3626 3824 resurgant
3681 3752 3854 3823 primi.

2262 3850 2459 3903 Deinde
2506 3866 2597 3903 nos
2640 3850 2727 3919 qui
2755 3848 2992 3913 vivimus,
3024 3849 3114 3918 qui
3144 3847 3508 3916 relinquimur,
3564 3845 3723 3901 simul
3763 3860 3852 3895 ra-

2261 3944 2459 4013 pientur
2488 3958 2601 3995 cum
2632 3939 2737 3995 illis
2766 3942 2817 3995 in
2849 3940 3072 3993 nubibus
3098 3940 3297 3992 obviam
3342 3936 3551 3991 Christo
3606 3940 3659 3990 in
3710 3952 3851 3990 aera.

2261 4035 2363 4102 Qui
2392 4037 2445 4090 in
2480 4034 2699 4091 Christo
2739 4034 2937 4090 morttti
2970 4032 3191 4099 fuerint,
3226 4040 3513 4102 resurgeut
3542 4032 3717 4100 primo
3755 4048 3768 4084 :
3802 4038 3856 4084 et

2260 4131 2350 4200 qui
2381 4129 2491 4183 vivi
2520 4130 2730 4184 inventi
2770 4128 2969 4185 fuerint
2994 4127 3189 4191 sancti,
3213 4142 3336 4181 cum
3368 4126 3500 4195 ipsis
3533 4126 3735 4195 pariter
3769 4137 3857 4177 ra-

2262 4225 2481 4293 pientur
2523 4240 2536 4276 :
2571 4222 2662 4293 qui
2703 4238 2810 4276 non
2843 4222 3249 4291 iudicabuntur,
3296 4219 3388 4275 sed
3438 4219 3612 4290 potius
3640 4217 3858 4287 judica-

2262 4320 2417 4376 bunt,

2342 4408 2411 4462 Et
2440 4411 2513 4463 sic
2561 4424 2765 4479 semper
2792 4424 2909 4461 cum
2938 4406 3162 4461 Domino
3194 4407 3401 4460 erimus.
3436 4404 3489 4461 In
3518 4404 3712 4458 eadem
3737 4402 3859 4473 glo-

551 4516 753 4572 buimus
791 4518 1009 4573 scribere
1056 4516 1220 4571 vobis.
1265 4515 1456 4571 Videte
1506 4529 1665 4585 quam
1710 4515 1932 4585 perfecti
1962 4525 2146 4581 erant,

2293 4504 2341 4559 ia
2368 4502 2709 4558 aeternitatis.

553 4610 619 4664 de
661 4618 810 4665 tanto
832 4619 887 4665 et
916 4618 1024 4665 tam
1051 4607 1362 4665 necessario
1392 4620 1664 4679 praecepto
1698 4624 1803 4662 non
1838 4606 2148 4677 indigebant

552 4701 853 4757 admoneri.

624 4794 735 4869 Ipsi
762 4796 897 4853 enim
924 4811 1032 4860 vos,
1054 4812 1087 4851 a
1116 4792 1225 4849 Deo
1256 4794 1537 4861 didicistis,
1572 4803 1627 4849 ut
1651 4792 1882 4864 diligatis
1909 4794 2145 4848 invicem.

553 4889 760 4953 Etenim
792 4890 927 4947 illud
956 4890 1126 4961 facitis
1156 4890 1206 4945 in
1238 4906 1413 4947 attines
1445 4890 1629 4958 fratres
1666 4889 1719 4942 in
1750 4889 1987 4942 unirersa
2024 4886 2146 4941 Μα-

550 4986 789 5041 cedonia.
824 4988 869 5041 A
898 4984 1148 5047 Christo,
1182 4986 1271 5055 qui
1305 4985 1476 5039 dixit:
1510 4984 1819 5039 Mandatum
1846 5000 2043 5039 novum
2076 4983 2146 5038 do

549 5078 720 5135 vobis.
756 5077 868 5131 Iloc
895 5076 1090 5134 novuin
1123 5086 1229 5143 cst,
1266 5088 1322 5132 ut
1357 5092 1455 5147 pro
1501 5077 1770 5131 alterutro
1799 5077 2100 5132 moriamur
2131 5091 2143 5129 :

548 5172 672 5243 quia
704 5170 807 5226 hoc
834 5179 1007 5232 vetus.
1039 5187 1143 5226 non
1168 5186 1323 5225 suum
1349 5181 1467 5226 erat
1496 5169 1929 5225 Testamentum.

626 5266 888 5335 liquatus
920 5274 1092 5319 autem
1129 5280 1237 5329 vos,
1274 5267 1483 5334 fratres,
1520 5271 1571 5315 ut
1605 5262 1872 5316 abundetis
1907 5262 2069 5330 magis
2100 5270 2148 5316 et

552 5375 757 5429 operam
786 5357 937 5413 (etis.
967 5358 1079 5413 lloc
1108 5366 1212 5424 cst,
1245 5366 1299 5411 ut
1342 5356 1456 5427 jam
1499 5357 1711 5427 ignotos
1737 5370 1984 5425 quosque
2026 5354 2146 5409 dili-

552 5452 711 5520 uatis.

628 5545 695 5599 Ut
720 5544 876 5615 quieti
897 5547 1030 5611 sitis,
1056 5554 1100 5598 et
1129 5554 1183 5598 ut
1214 5553 1431 5598 vestrum
1456 5544 1716 5617 negotium
1744 5546 1931 5615 agatis,
1958 5555 2006 5599 et
2028 5563 2146 5617 ape-

552 5637 734 5689 rrmini
776 5636 1009 5689 manibus
1035 5636 1211 5689 vestris
1248 5650 1263 5686 :
1292 5636 1421 5690 sicut
1459 5639 1796 5707 prwcepimus
1822 5637 1981 5692 vobis.
2016 5638 2146 5704 Qui-

555 5721 678 5777 dam
720 5725 959 5793 inquieto
1000 5742 1094 5794 per
1125 5727 1461 5783 diversorum
1489 5729 1871 5785 discurrebant
1910 5729 2104 5787 domus
2132 5746 2146 5784 :

2338 4593 2525 4665 Itaque
2549 4593 2893 4649 consolantitti
2921 4594 3136 4649 invicem
3175 4593 3230 4647 iu
3279 4592 3444 4648 verbis
3472 4592 3605 4648 istis.
3646 4590 3855 4646 Notan-

2258 4690 2386 4746 dum
2412 4689 2552 4759 quod
2577 4689 2715 4744 lictis
2738 4688 2841 4743 hoc
2865 4704 2958 4758 pra
2978 4688 3129 4759 cipit,
3153 4695 3210 4743 ut
3228 4688 3546 4744 alterutrum
3565 4700 3629 4743 se
3656 4686 3854 4741 doctri-

2258 4781 2342 4837 nis
2365 4782 2655 4835 instruant.

2810 4938 2813 4941 λ
2878 4916 3107 4971 CAPUT
3148 4916 3215 4971 Υ.

2324 5074 2402 5129 De
2432 5074 2743 5140 temporibus
2766 5084 2939 5129 autem
2966 5085 3013 5129 et
3052 5074 3344 5140 momentis,
3378 5075 3586 5141 fratres,
3622 5088 3732 5125 non
3770 5074 3856 5127 in-

2253 5170 2455 5241 digctis,
2489 5179 2542 5224 ut
2566 5170 2849 5225 scribamus
2877 5169 3039 5223 vobis.
3071 5167 3184 5240 Ipsi
3214 5170 3350 5223 enim
3377 5167 3660 5237 diligenter
3689 5167 3854 5221 scitis.

2256 5264 2661 5321 Evitlentissima
2697 5264 2975 5334 Evangelii
3017 5265 3251 5319 lectione
3280 5264 3479 5319 edocti.

2329 5358 2464 5424 Quia
2509 5359 2618 5411 dies
2664 5358 2870 5411 Domini
2916 5358 3044 5411 sicut
3090 5358 3175 5428 fur
3214 5358 3268 5410 in
3324 5367 3497 5426 nocte,
3547 5357 3625 5413 ita
3668 5358 3851 5413 veniet.

2255 5451 2485 5520 Quando
2515 5465 2705 5505 omnes
2735 5453 2871 5505 sciet
2899 5450 3139 5505 dormire
3169 5464 3412 5505 securos.

2325 5545 2451 5601 Cant
2481 5548 2617 5599 enim
2644 5546 2889 5615 dixerint,
2937 5562 3041 5618 pax
3082 5556 3128 5601 et
3158 5547 3416 5601 securitas
3453 5561 3472 5600 :
3520 5556 3646 5601 tunc
3673 5563 3857 5620 repen-

2254 5639 2390 5692 tinus
2415 5638 2489 5691 eis
2512 5640 2829 5708 superveniet
2861 5638 3115 5693 interitus.
3150 5638 3301 5693 Tunc
3343 5639 3583 5695 maxime
3612 5639 3852 5696 timenda

2253 5737 2338 5787 est
2366 5745 2545 5801 lamna,
2580 5744 2740 5800 quam
2776 5746 2918 5787 nunc
2958 5747 3063 5785 non
3093 5738 3433 5801 exspectant.
