  <div class='ocr_page' id='page_1' title='image "/cluster/home/n/w/nwhite01/storage/ocr_20150623/30/uva.x000826572/442.png"; bbox 0 0 4008 6188; ppageno 0'>
   <div class='ocr_carea' id='block_1_1' title="bbox 171 238 271 294">
    <p class='ocr_par' dir='ltr' id='par_1_1' title="bbox 171 238 271 294">
     <span class='ocr_line' id='line_1_1' title="bbox 171 238 271 294; baseline 0 0"><span class='ocrx_word' id='word_1_1' title='bbox 171 238 271 294; x_wconf 75' lang='grc' dir='ltr'><strong>8ίῖ9</strong></span> 
     </span>
    </p>
   </div>
   <div class='ocr_carea' id='block_1_2' title="bbox 905 230 2690 297">
    <p class='ocr_par' dir='ltr' id='par_1_2' title="bbox 905 230 2690 297">
     <span class='ocr_line' id='line_1_2' title="bbox 905 230 2690 297; baseline -0.002 -5"><span class='ocrx_word' id='word_1_2' title='bbox 905 232 1443 293; x_wconf 72' lang='lat' dir='ltr'><strong>COMMENTARIUS</strong></span> <span class='ocrx_word' id='word_1_3' title='bbox 1486 233 1549 291; x_wconf 82' lang='lat' dir='ltr'><strong>lN</strong></span> <span class='ocrx_word' id='word_1_4' title='bbox 1594 231 1816 297; x_wconf 83' lang='lat' dir='ltr'><strong>EPIST.</strong></span> <span class='ocrx_word' id='word_1_5' title='bbox 1854 230 1898 290; x_wconf 83' lang='lat' dir='ltr'><strong>Il</strong></span> <span class='ocrx_word' id='word_1_6' title='bbox 1940 233 2032 290; x_wconf 76' lang='lat' dir='ltr'><strong>AD</strong></span> <span class='ocrx_word' id='word_1_7' title='bbox 2070 230 2408 292; x_wconf 72' lang='lat' dir='ltr'><strong>TllliSSAL.</strong></span> <span class='ocrx_word' id='word_1_8' title='bbox 2449 235 2604 291; x_wconf 60' lang='lat' dir='ltr'><strong>CAP.</strong></span> <span class='ocrx_word' id='word_1_9' title='bbox 2648 234 2690 290; x_wconf 85' lang='grc'><strong>1.</strong></span> 
     </span>
    </p>
   </div>
   <div class='ocr_carea' id='block_1_3' title="bbox 3351 237 3456 294">
    <p class='ocr_par' dir='ltr' id='par_1_3' title="bbox 3351 237 3456 294">
     <span class='ocr_line' id='line_1_3' title="bbox 3351 237 3456 294; baseline 0.019 -2"><span class='ocrx_word' id='word_1_10' title='bbox 3351 237 3456 294; x_wconf 81' lang='grc' dir='ltr'><strong>8Ὶο</strong></span> 
     </span>
    </p>
   </div>
   <div class='ocr_carea' id='block_1_4' title="bbox 237 351 3457 428">
    <p class='ocr_par' dir='ltr' id='par_1_4' title="bbox 237 351 3457 428">
     <span class='ocr_line' id='line_1_4' title="bbox 237 351 3457 428; baseline -0.003 -14"><span class='ocrx_word' id='word_1_11' title='bbox 237 360 383 415; x_wconf 88' lang='lat' dir='ltr'><strong>Sicut</strong></span> <span class='ocrx_word' id='word_1_12' title='bbox 411 360 561 415; x_wconf 81' lang='lat' dir='ltr'><strong>dolor</strong></span> <span class='ocrx_word' id='word_1_13' title='bbox 586 358 639 415; x_wconf 88' lang='lat' dir='ltr'><strong>in</strong></span> <span class='ocrx_word' id='word_1_14' title='bbox 670 368 815 414; x_wconf 73' lang='lat' dir='ltr'><strong>utero</strong></span> <span class='ocrx_word' id='word_1_15' title='bbox 844 359 1104 425; x_wconf 71' lang='lat' dir='ltr'><strong>habentis,</strong></span> <span class='ocrx_word' id='word_1_16' title='bbox 1137 369 1181 412; x_wconf 92' lang='lat' dir='ltr'><strong>et</strong></span> <span class='ocrx_word' id='word_1_17' title='bbox 1214 375 1314 412; x_wconf 85' lang='lat' dir='ltr'><strong>non</strong></span> <span class='ocrx_word' id='word_1_18' title='bbox 1348 358 1617 428; x_wconf 50' lang='lat' dir='ltr'><strong>effugient.</strong></span> <span class='ocrx_word' id='word_1_19' title='bbox 1648 357 1686 412; x_wconf 88' lang='lat' dir='ltr'><strong>S</strong></span> <span class='ocrx_word' id='word_1_20' title='bbox 1710 372 1765 410; x_wconf 83' lang='lat' dir='ltr'><strong>c-</strong></span> <span class='ocrx_word' id='word_1_21' title='bbox 1794 362 1841 415; x_wconf 80' lang='grc' dir='ltr'><strong>Α</strong></span> <span class='ocrx_word' id='word_1_22' title='bbox 1872 353 2147 423; x_wconf 75' lang='lat' dir='ltr'><strong>diligentia</strong></span> <span class='ocrx_word' id='word_1_23' title='bbox 2179 370 2329 420; x_wconf 75' lang='lat' dir='ltr'><strong>care,</strong></span> <span class='ocrx_word' id='word_1_24' title='bbox 2357 371 2421 408; x_wconf 88' lang='lat' dir='ltr'><strong>ne</strong></span> <span class='ocrx_word' id='word_1_25' title='bbox 2453 356 2536 408; x_wconf 77' lang='lat' dir='ltr'><strong>cui</strong></span> <span class='ocrx_word' id='word_1_26' title='bbox 2572 351 2857 407; x_wconf 78' lang='lat' dir='ltr'><strong>inﬁrmiori</strong></span> <span class='ocrx_word' id='word_1_27' title='bbox 2884 354 2966 423; x_wconf 92' lang='lat' dir='ltr'><strong>(ut</strong></span> <span class='ocrx_word' id='word_1_28' title='bbox 2989 354 3227 425; x_wconf 80' lang='lat' dir='ltr'><strong>ignarus)</strong></span> <span class='ocrx_word' id='word_1_29' title='bbox 3258 354 3340 410; x_wconf 76' lang='lat' dir='ltr'><strong>vel</strong></span> <span class='ocrx_word' id='word_1_30' title='bbox 3374 354 3457 409; x_wconf 74' lang='lat' dir='ltr'><strong>vi.</strong></span> 
     </span>
    </p>
   </div>
   <div class='ocr_carea' id='block_1_5' title="bbox 168 450 1576 524">
    <p class='ocr_par' dir='ltr' id='par_1_5' title="bbox 168 450 1576 524">
     <span class='ocr_line' id='line_1_5' title="bbox 168 450 1576 524; baseline -0.003 -16"><span class='ocrx_word' id='word_1_31' title='bbox 168 461 225 509; x_wconf 89' lang='lat' dir='ltr'><strong>ut</strong></span> <span class='ocrx_word' id='word_1_32' title='bbox 254 455 474 520; x_wconf 82' lang='lat' dir='ltr'><strong>mulier,</strong></span> <span class='ocrx_word' id='word_1_33' title='bbox 508 454 762 509; x_wconf 85' lang='lat' dir='ltr'><strong>veniente</strong></span> <span class='ocrx_word' id='word_1_34' title='bbox 786 464 965 524; x_wconf 82' lang='lat' dir='ltr'><strong>partu,</strong></span> <span class='ocrx_word' id='word_1_35' title='bbox 993 452 1210 506; x_wconf 81' lang='lat' dir='ltr'><strong>dolores</strong></span> <span class='ocrx_word' id='word_1_36' title='bbox 1238 466 1343 507; x_wconf 88' lang='lat' dir='ltr'><strong>non</strong></span> <span class='ocrx_word' id='word_1_37' title='bbox 1368 450 1576 521; x_wconf 74' lang='lat' dir='ltr'><strong>effugit.</strong></span> 
     </span>
    </p>
   </div>
   <div class='ocr_carea' id='block_1_6' title="bbox 246 544 1762 617">
    <p class='ocr_par' dir='ltr' id='par_1_6' title="bbox 246 544 1762 617">
     <span class='ocr_line' id='line_1_6' title="bbox 246 544 1762 617; baseline -0.002 -16"><span class='ocrx_word' id='word_1_38' title='bbox 246 546 350 602; x_wconf 83' lang='lat' dir='ltr'><strong>Vos</strong></span> <span class='ocrx_word' id='word_1_39' title='bbox 376 559 571 614; x_wconf 80' lang='lat' dir='ltr'><strong>autem,</strong></span> <span class='ocrx_word' id='word_1_40' title='bbox 612 548 820 617; x_wconf 85' lang='lat' dir='ltr'><strong>fratres,</strong></span> <span class='ocrx_word' id='word_1_41' title='bbox 853 562 956 601; x_wconf 88' lang='lat' dir='ltr'><strong>non</strong></span> <span class='ocrx_word' id='word_1_42' title='bbox 980 546 1101 600; x_wconf 78' lang='lat' dir='ltr'><strong>estis</strong></span> <span class='ocrx_word' id='word_1_43' title='bbox 1142 546 1195 599; x_wconf 90' lang='lat' dir='ltr'><strong>in</strong></span> <span class='ocrx_word' id='word_1_44' title='bbox 1250 544 1475 599; x_wconf 73' lang='lat' dir='ltr'><strong>tenebris</strong></span> <span class='ocrx_word' id='word_1_45' title='bbox 1520 559 1538 597; x_wconf 87' lang='lat'><strong><em>:</em></strong></span> <span class='ocrx_word' id='word_1_46' title='bbox 1581 553 1637 598; x_wconf 87' lang='lat' dir='ltr'><strong>ut</strong></span> <span class='ocrx_word' id='word_1_47' title='bbox 1678 559 1762 598; x_wconf 81' lang='lat' dir='ltr'><strong>ras</strong></span> 
     </span>
    </p>
   </div>
   <div class='ocr_carea' id='block_1_7' title="bbox 169 635 1758 709">
    <p class='ocr_par' dir='ltr' id='par_1_7' title="bbox 169 635 1758 709">
     <span class='ocr_line' id='line_1_7' title="bbox 169 635 1758 709; baseline -0.002 -17"><span class='ocrx_word' id='word_1_48' title='bbox 169 639 275 692; x_wconf 89' lang='lat' dir='ltr'><strong>dies</strong></span> <span class='ocrx_word' id='word_1_49' title='bbox 306 640 395 693; x_wconf 89' lang='lat' dir='ltr'><strong>ille</strong></span> <span class='ocrx_word' id='word_1_50' title='bbox 424 647 692 709; x_wconf 84' lang='lat' dir='ltr'><strong>tamquam</strong></span> <span class='ocrx_word' id='word_1_51' title='bbox 722 640 808 709; x_wconf 89' lang='lat' dir='ltr'><strong>fur</strong></span> <span class='ocrx_word' id='word_1_52' title='bbox 835 637 1258 706; x_wconf 75' lang='lat' dir='ltr'><strong>comprehendat.</strong></span> <span class='ocrx_word' id='word_1_53' title='bbox 1305 636 1421 691; x_wconf 88' lang='lat' dir='ltr'><strong>Non</strong></span> <span class='ocrx_word' id='word_1_54' title='bbox 1459 638 1590 691; x_wconf 87' lang='lat' dir='ltr'><strong>estis</strong></span> <span class='ocrx_word' id='word_1_55' title='bbox 1624 635 1758 691; x_wconf 87' lang='lat' dir='ltr'><strong>adeo</strong></span> 
     </span>
    </p>
   </div>
   <div class='ocr_carea' id='block_1_8' title="bbox 170 734 1764 805">
    <p class='ocr_par' dir='ltr' id='par_1_8' title="bbox 170 734 1764 805">
     <span class='ocr_line' id='line_1_8' title="bbox 170 734 1764 805; baseline -0.003 -16"><span class='ocrx_word' id='word_1_56' title='bbox 170 736 503 805; x_wconf 72' lang='lat' dir='ltr'><strong>ignorantes,</strong></span> <span class='ocrx_word' id='word_1_57' title='bbox 545 744 604 789; x_wconf 91' lang='lat' dir='ltr'><strong>ut</strong></span> <span class='ocrx_word' id='word_1_58' title='bbox 658 734 919 790; x_wconf 78' lang='lat' dir='ltr'><strong>nesciatis</strong></span> <span class='ocrx_word' id='word_1_59' title='bbox 966 749 1061 787; x_wconf 88' lang='lat' dir='ltr'><strong>vos</strong></span> <span class='ocrx_word' id='word_1_60' title='bbox 1112 748 1332 802; x_wconf 88' lang='lat' dir='ltr'><strong>semper</strong></span> <span class='ocrx_word' id='word_1_61' title='bbox 1373 744 1590 803; x_wconf 79' lang='lat' dir='ltr'><strong>paratos</strong></span> <span class='ocrx_word' id='word_1_62' title='bbox 1640 747 1764 787; x_wconf 89' lang='lat' dir='ltr'><strong>esse</strong></span> 
     </span>
    </p>
   </div>
   <div class='ocr_carea' id='block_1_9' title="bbox 169 828 387 882">
    <p class='ocr_par' dir='ltr' id='par_1_9' title="bbox 169 828 387 882">
     <span class='ocr_line' id='line_1_9' title="bbox 169 828 387 882; baseline 0 -1"><span class='ocrx_word' id='word_1_63' title='bbox 169 828 387 882; x_wconf 84' lang='lat' dir='ltr'><strong>debere.</strong></span> 
     </span>
    </p>
   </div>
   <div class='ocr_carea' id='block_1_10' title="bbox 238 920 1762 994">
    <p class='ocr_par' dir='ltr' id='par_1_10' title="bbox 238 920 1762 994">
     <span class='ocr_line' id='line_1_10' title="bbox 238 920 1762 994; baseline -0.002 -17"><span class='ocrx_word' id='word_1_64' title='bbox 238 921 428 977; x_wconf 85' lang='lat' dir='ltr'><strong>Omnes</strong></span> <span class='ocrx_word' id='word_1_65' title='bbox 457 923 595 977; x_wconf 75' lang='lat' dir='ltr'><strong>enim</strong></span> <span class='ocrx_word' id='word_1_66' title='bbox 623 938 713 977; x_wconf 76' lang='lat' dir='ltr'><strong>vos</strong></span> <span class='ocrx_word' id='word_1_67' title='bbox 738 922 837 994; x_wconf 81' lang='lat' dir='ltr'><strong>filii</strong></span> <span class='ocrx_word' id='word_1_68' title='bbox 864 921 999 977; x_wconf 85' lang='lat' dir='ltr'><strong>lucis</strong></span> <span class='ocrx_word' id='word_1_69' title='bbox 1024 922 1171 989; x_wconf 90' lang='lat' dir='ltr'><strong>estis,</strong></span> <span class='ocrx_word' id='word_1_70' title='bbox 1197 929 1247 975; x_wconf 90' lang='lat' dir='ltr'><strong>et</strong></span> <span class='ocrx_word' id='word_1_71' title='bbox 1275 921 1377 991; x_wconf 81' lang='lat' dir='ltr'><strong>ﬁlii</strong></span> <span class='ocrx_word' id='word_1_72' title='bbox 1405 921 1525 975; x_wconf 89' lang='lat' dir='ltr'><strong>diei.</strong></span> <span class='ocrx_word' id='word_1_73' title='bbox 1573 920 1762 976; x_wconf 81' lang='lat' dir='ltr'><strong>Selen-</strong></span> 
     </span>
    </p>
   </div>
   <div class='ocr_carea' id='block_1_11' title="bbox 170 1013 555 1069">
    <p class='ocr_par' dir='ltr' id='par_1_11' title="bbox 170 1013 555 1069">
     <span class='ocr_line' id='line_1_11' title="bbox 170 1013 555 1069; baseline 0.005 -2"><span class='ocrx_word' id='word_1_74' title='bbox 170 1013 256 1068; x_wconf 78' lang='lat' dir='ltr'><strong>ti;e</strong></span> <span class='ocrx_word' id='word_1_75' title='bbox 284 1015 555 1069; x_wconf 81' lang='lat' dir='ltr'><strong>veritatis.</strong></span> 
     </span>
    </p>
   </div>
   <div class='ocr_carea' id='block_1_12' title="bbox 242 1104 1762 1178">
    <p class='ocr_par' dir='ltr' id='par_1_12' title="bbox 242 1104 1762 1178">
     <span class='ocr_line' id='line_1_12' title="bbox 242 1104 1762 1178; baseline -0.002 -17"><span class='ocrx_word' id='word_1_76' title='bbox 242 1106 365 1162; x_wconf 84' lang='lat' dir='ltr'><strong>Non</strong></span> <span class='ocrx_word' id='word_1_77' title='bbox 409 1122 591 1162; x_wconf 82' lang='lat' dir='ltr'><strong>sumus</strong></span> <span class='ocrx_word' id='word_1_78' title='bbox 629 1108 814 1175; x_wconf 87' lang='lat' dir='ltr'><strong>noctis,</strong></span> <span class='ocrx_word' id='word_1_79' title='bbox 862 1124 1025 1178; x_wconf 88' lang='lat' dir='ltr'><strong>neque</strong></span> <span class='ocrx_word' id='word_1_80' title='bbox 1050 1107 1394 1162; x_wconf 87' lang='lat' dir='ltr'><strong>tenebrarum.</strong></span> <span class='ocrx_word' id='word_1_81' title='bbox 1445 1105 1577 1173; x_wconf 88' lang='lat' dir='ltr'><strong>Quia</strong></span> <span class='ocrx_word' id='word_1_82' title='bbox 1621 1104 1762 1158; x_wconf 84' lang='lat' dir='ltr'><strong>sicut</strong></span> 
     </span>
    </p>
   </div>
   <div class='ocr_carea' id='block_1_13' title="bbox 168 1198 1756 1271">
    <p class='ocr_par' dir='ltr' id='par_1_13' title="bbox 168 1198 1756 1271">
     <span class='ocr_line' id='line_1_13' title="bbox 168 1198 1756 1271; baseline -0.003 -17"><span class='ocrx_word' id='word_1_83' title='bbox 168 1199 429 1265; x_wconf 78' lang='lat' dir='ltr'><strong>tenebrae,</strong></span> <span class='ocrx_word' id='word_1_84' title='bbox 465 1202 533 1254; x_wconf 90' lang='lat' dir='ltr'><strong>ita</strong></span> <span class='ocrx_word' id='word_1_85' title='bbox 568 1208 623 1254; x_wconf 88' lang='lat' dir='ltr'><strong>et</strong></span> <span class='ocrx_word' id='word_1_86' title='bbox 652 1201 956 1271; x_wconf 79' lang='lat' dir='ltr'><strong>ignorantia</strong></span> <span class='ocrx_word' id='word_1_87' title='bbox 982 1200 1073 1253; x_wconf 90' lang='lat' dir='ltr'><strong>dat</strong></span> <span class='ocrx_word' id='word_1_88' title='bbox 1109 1200 1359 1253; x_wconf 89' lang='lat' dir='ltr'><strong>liduciam</strong></span> <span class='ocrx_word' id='word_1_89' title='bbox 1386 1198 1756 1264; x_wconf 63' lang='lat' dir='ltr'><strong>delinquendi.</strong></span> 
     </span>
    </p>
   </div>
   <div class='ocr_carea' id='block_1_14' title="bbox 242 1290 1763 1360">
    <p class='ocr_par' dir='ltr' id='par_1_14' title="bbox 242 1290 1763 1360">
     <span class='ocr_line' id='line_1_14' title="bbox 242 1290 1763 1360; baseline 0.001 -16"><span class='ocrx_word' id='word_1_90' title='bbox 242 1291 418 1360; x_wconf 82' lang='lat' dir='ltr'><strong>Igitur</strong></span> <span class='ocrx_word' id='word_1_91' title='bbox 468 1310 571 1347; x_wconf 87' lang='lat' dir='ltr'><strong>non</strong></span> <span class='ocrx_word' id='word_1_92' title='bbox 621 1293 970 1356; x_wconf 81' lang='lat' dir='ltr'><strong>dormiamus,</strong></span> <span class='ocrx_word' id='word_1_93' title='bbox 1017 1293 1153 1346; x_wconf 82' lang='lat' dir='ltr'><strong>sicut</strong></span> <span class='ocrx_word' id='word_1_94' title='bbox 1192 1302 1238 1345; x_wconf 89' lang='lat' dir='ltr'><strong>et</strong></span> <span class='ocrx_word' id='word_1_95' title='bbox 1288 1292 1482 1346; x_wconf 73' lang='lat' dir='ltr'><strong>catteri.</strong></span> <span class='ocrx_word' id='word_1_96' title='bbox 1531 1290 1633 1358; x_wconf 93' lang='lat' dir='ltr'><strong>Qui</strong></span> <span class='ocrx_word' id='word_1_97' title='bbox 1681 1291 1763 1345; x_wconf 88' lang='lat' dir='ltr'><strong>sic</strong></span> 
     </span>
    </p>
   </div>
   <div class='ocr_carea' id='block_1_15' title="bbox 169 1381 1191 1444">
    <p class='ocr_par' dir='ltr' id='par_1_15' title="bbox 169 1381 1191 1444">
     <span class='ocr_line' id='line_1_15' title="bbox 169 1381 1191 1444; baseline -0.002 -7"><span class='ocrx_word' id='word_1_98' title='bbox 169 1381 532 1444; x_wconf 85' lang='lat' dir='ltr'><strong>dormierunt,</strong></span> <span class='ocrx_word' id='word_1_99' title='bbox 558 1383 717 1438; x_wconf 84' lang='lat' dir='ltr'><strong>etiam</strong></span> <span class='ocrx_word' id='word_1_100' title='bbox 750 1383 907 1435; x_wconf 76' lang='lat' dir='ltr'><strong>obliti</strong></span> <span class='ocrx_word' id='word_1_101' title='bbox 931 1391 1057 1437; x_wconf 81' lang='lat' dir='ltr'><strong>suat</strong></span> <span class='ocrx_word' id='word_1_102' title='bbox 1088 1382 1191 1435; x_wconf 83' lang='lat' dir='ltr'><strong>sui.</strong></span> 
     </span>
    </p>
   </div>
   <div class='ocr_carea' id='block_1_16' title="bbox 239 1472 1748 1545">
    <p class='ocr_par' dir='ltr' id='par_1_16' title="bbox 239 1472 1748 1545">
     <span class='ocr_line' id='line_1_16' title="bbox 239 1472 1748 1545; baseline -0.003 -14"><span class='ocrx_word' id='word_1_103' title='bbox 239 1474 347 1531; x_wconf 86' lang='lat' dir='ltr'><strong>Sed</strong></span> <span class='ocrx_word' id='word_1_104' title='bbox 394 1475 700 1545; x_wconf 70' lang='lat' dir='ltr'><strong>vigilemus,</strong></span> <span class='ocrx_word' id='word_1_105' title='bbox 766 1484 814 1528; x_wconf 86' lang='lat' dir='ltr'><strong>et</strong></span> <span class='ocrx_word' id='word_1_106' title='bbox 854 1475 1014 1529; x_wconf 83' lang='lat' dir='ltr'><strong>sobrii</strong></span> <span class='ocrx_word' id='word_1_107' title='bbox 1056 1474 1238 1527; x_wconf 86' lang='lat' dir='ltr'><strong>simus.</strong></span> <span class='ocrx_word' id='word_1_108' title='bbox 1284 1472 1561 1528; x_wconf 83' lang='lat' dir='ltr'><strong>Attendite</strong></span> <span class='ocrx_word' id='word_1_109' title='bbox 1592 1472 1748 1527; x_wconf 80' lang='lat' dir='ltr'><strong>vobis</strong></span> 
     </span>
    </p>
   </div>
   <div class='ocr_carea' id='block_1_17' title="bbox 171 1564 1759 1638">
    <p class='ocr_par' dir='ltr' id='par_1_17' title="bbox 171 1564 1759 1638">
     <span class='ocr_line' id='line_1_17' title="bbox 171 1564 1759 1638; baseline -0.003 -15"><span class='ocrx_word' id='word_1_110' title='bbox 171 1584 238 1623; x_wconf 90' lang='lat' dir='ltr'><strong>ne</strong></span> <span class='ocrx_word' id='word_1_111' title='bbox 255 1578 546 1638; x_wconf 81' lang='lat' dir='ltr'><strong>graventur</strong></span> <span class='ocrx_word' id='word_1_112' title='bbox 564 1566 723 1621; x_wconf 73' lang='lat' dir='ltr'><strong>cordi</strong></span> <span class='ocrx_word' id='word_1_113' title='bbox 748 1574 925 1620; x_wconf 80' lang='lat' dir='ltr'><strong>vestra</strong></span> <span class='ocrx_word' id='word_1_114' title='bbox 959 1566 1008 1620; x_wconf 89' lang='lat' dir='ltr'><strong>in</strong></span> <span class='ocrx_word' id='word_1_115' title='bbox 1030 1566 1265 1634; x_wconf 83' lang='lat' dir='ltr'><strong>crapula,</strong></span> <span class='ocrx_word' id='word_1_116' title='bbox 1302 1574 1357 1619; x_wconf 91' lang='lat' dir='ltr'><strong>et</strong></span> <span class='ocrx_word' id='word_1_117' title='bbox 1386 1565 1439 1619; x_wconf 89' lang='lat' dir='ltr'><strong>iu</strong></span> <span class='ocrx_word' id='word_1_118' title='bbox 1467 1564 1759 1630; x_wconf 86' lang='lat' dir='ltr'><strong>ebrietate,</strong></span> 
     </span>
    </p>
   </div>
   <div class='ocr_carea' id='block_1_18' title="bbox 165 1657 1751 1727">
    <p class='ocr_par' dir='ltr' id='par_1_18' title="bbox 165 1657 1751 1727">
     <span class='ocr_line' id='line_1_18' title="bbox 165 1657 1751 1727; baseline -0.002 -14"><span class='ocrx_word' id='word_1_119' title='bbox 165 1668 218 1713; x_wconf 90' lang='lat' dir='ltr'><strong>et</strong></span> <span class='ocrx_word' id='word_1_120' title='bbox 242 1658 391 1713; x_wconf 90' lang='lat' dir='ltr'><strong>curis</strong></span> <span class='ocrx_word' id='word_1_121' title='bbox 414 1658 573 1727; x_wconf 83' lang='lat' dir='ltr'><strong>hujus</strong></span> <span class='ocrx_word' id='word_1_122' title='bbox 596 1657 725 1714; x_wconf 66' lang='lat' dir='ltr'><strong>vita:</strong></span> <span class='ocrx_word' id='word_1_123' title='bbox 750 1675 763 1711; x_wconf 92' lang='lat'><strong>:</strong></span> <span class='ocrx_word' id='word_1_124' title='bbox 788 1671 917 1727; x_wconf 80' lang='lat' dir='ltr'><strong>ergo</strong></span> <span class='ocrx_word' id='word_1_125' title='bbox 943 1666 1001 1712; x_wconf 87' lang='lat' dir='ltr'><strong>et</strong></span> <span class='ocrx_word' id='word_1_126' title='bbox 1020 1671 1163 1711; x_wconf 82' lang='lat' dir='ltr'><strong>curae</strong></span> <span class='ocrx_word' id='word_1_127' title='bbox 1194 1657 1466 1712; x_wconf 88' lang='lat' dir='ltr'><strong>inebriant</strong></span> <span class='ocrx_word' id='word_1_128' title='bbox 1488 1666 1751 1711; x_wconf 88' lang='lat' dir='ltr'><strong>mentem.</strong></span> 
     </span>
    </p>
   </div>
   <div class='ocr_carea' id='block_1_19' title="bbox 1866 444 3453 516">
    <p class='ocr_par' dir='ltr' id='par_1_19' title="bbox 1866 444 3453 516">
     <span class='ocr_line' id='line_1_19' title="bbox 1866 444 3453 516; baseline 0.001 -17"><span class='ocrx_word' id='word_1_129' title='bbox 1866 460 1983 499; x_wconf 91' lang='lat' dir='ltr'><strong>cem</strong></span> <span class='ocrx_word' id='word_1_130' title='bbox 2017 444 2143 499; x_wconf 89' lang='lat' dir='ltr'><strong>mali</strong></span> <span class='ocrx_word' id='word_1_131' title='bbox 2177 447 2410 500; x_wconf 83' lang='lat' dir='ltr'><strong>reddas:</strong></span> <span class='ocrx_word' id='word_1_132' title='bbox 2438 447 2559 516; x_wconf 86' lang='lat' dir='ltr'><strong>quia</strong></span> <span class='ocrx_word' id='word_1_133' title='bbox 2594 446 2739 499; x_wconf 89' lang='lat' dir='ltr'><strong>ultro</strong></span> <span class='ocrx_word' id='word_1_134' title='bbox 2768 446 3002 515; x_wconf 86' lang='lat' dir='ltr'><strong>aliquem</strong></span> <span class='ocrx_word' id='word_1_135' title='bbox 3027 447 3079 501; x_wconf 91' lang='lat' dir='ltr'><strong>id</strong></span> <span class='ocrx_word' id='word_1_136' title='bbox 3112 447 3313 511; x_wconf 86' lang='lat' dir='ltr'><strong>lacere,</strong></span> <span class='ocrx_word' id='word_1_137' title='bbox 3347 463 3453 501; x_wconf 89' lang='lat' dir='ltr'><strong>non</strong></span> 
     </span>
    </p>
   </div>
   <div class='ocr_carea' id='block_1_20' title="bbox 1868 536 3452 608">
    <p class='ocr_par' dir='ltr' id='par_1_20' title="bbox 1868 536 3452 608">
     <span class='ocr_line' id='line_1_20' title="bbox 1868 536 3452 608; baseline 0.001 -17"><span class='ocrx_word' id='word_1_138' title='bbox 1868 536 2049 591; x_wconf 84' lang='lat' dir='ltr'><strong>credo.</strong></span> <span class='ocrx_word' id='word_1_139' title='bbox 2095 537 2281 592; x_wconf 86' lang='lat' dir='ltr'><strong>Omnis</strong></span> <span class='ocrx_word' id='word_1_140' title='bbox 2311 539 2453 592; x_wconf 87' lang='lat' dir='ltr'><strong>enim</strong></span> <span class='ocrx_word' id='word_1_141' title='bbox 2487 537 2574 608; x_wconf 87' lang='lat' dir='ltr'><strong>qui</strong></span> <span class='ocrx_word' id='word_1_142' title='bbox 2622 536 2874 606; x_wconf 86' lang='lat' dir='ltr'><strong>injuriam</strong></span> <span class='ocrx_word' id='word_1_143' title='bbox 2922 540 3070 603; x_wconf 85' lang='lat' dir='ltr'><strong>iacit,</strong></span> <span class='ocrx_word' id='word_1_144' title='bbox 3112 539 3251 593; x_wconf 88' lang='lat' dir='ltr'><strong>male</strong></span> <span class='ocrx_word' id='word_1_145' title='bbox 3282 539 3452 594; x_wconf 80' lang='lat' dir='ltr'><strong>facit:</strong></span> 
     </span>
    </p>
   </div>
   <div class='ocr_carea' id='block_1_21' title="bbox 1868 628 3455 699">
    <p class='ocr_par' dir='ltr' id='par_1_21' title="bbox 1868 628 3455 699">
     <span class='ocr_line' id='line_1_21' title="bbox 1868 628 3455 699; baseline 0.003 -16"><span class='ocrx_word' id='word_1_146' title='bbox 1868 636 1925 683; x_wconf 87' lang='lat' dir='ltr'><strong>et</strong></span> <span class='ocrx_word' id='word_1_147' title='bbox 1952 629 2042 697; x_wconf 89' lang='lat' dir='ltr'><strong>qui</strong></span> <span class='ocrx_word' id='word_1_148' title='bbox 2073 628 2243 683; x_wconf 82' lang='lat' dir='ltr'><strong>vicem</strong></span> <span class='ocrx_word' id='word_1_149' title='bbox 2284 630 2494 699; x_wconf 65' lang='lat' dir='ltr'><strong>injuriae</strong></span> <span class='ocrx_word' id='word_1_150' title='bbox 2519 628 2717 697; x_wconf 82' lang='lat' dir='ltr'><strong>reddit,</strong></span> <span class='ocrx_word' id='word_1_151' title='bbox 2752 630 3003 698; x_wconf 88' lang='lat' dir='ltr'><strong>injuriam</strong></span> <span class='ocrx_word' id='word_1_152' title='bbox 3036 628 3183 695; x_wconf 78' lang='lat' dir='ltr'><strong>facit,</strong></span> <span class='ocrx_word' id='word_1_153' title='bbox 3227 640 3282 685; x_wconf 91' lang='lat' dir='ltr'><strong>et</strong></span> <span class='ocrx_word' id='word_1_154' title='bbox 3318 632 3455 687; x_wconf 86' lang='lat' dir='ltr'><strong>male</strong></span> 
     </span>
    </p>
   </div>
   <div class='ocr_carea' id='block_1_22' title="bbox 1867 720 3460 795">
    <p class='ocr_par' dir='ltr' id='par_1_22' title="bbox 1867 720 3460 795">
     <span class='ocr_line' id='line_1_22' title="bbox 1867 720 3460 795; baseline 0.004 -21"><span class='ocrx_word' id='word_1_155' title='bbox 1867 720 1994 775; x_wconf 66' lang='lat' dir='ltr'><strong>facit</strong></span> <span class='ocrx_word' id='word_1_156' title='bbox 2026 740 2037 774; x_wconf 91' lang='lat'>:</span> <span class='ocrx_word' id='word_1_157' title='bbox 2070 720 2232 792; x_wconf 87' lang='lat' dir='ltr'><strong>quia,</strong></span> <span class='ocrx_word' id='word_1_158' title='bbox 2266 730 2324 777; x_wconf 90' lang='lat' dir='ltr'><strong>ut</strong></span> <span class='ocrx_word' id='word_1_159' title='bbox 2347 723 2595 793; x_wconf 78' lang='lat' dir='ltr'><strong>superius</strong></span> <span class='ocrx_word' id='word_1_160' title='bbox 2626 723 2831 779; x_wconf 90' lang='lat' dir='ltr'><strong>dictum</strong></span> <span class='ocrx_word' id='word_1_161' title='bbox 2862 736 2967 791; x_wconf 88' lang='lat' dir='ltr'><strong>est,</strong></span> <span class='ocrx_word' id='word_1_162' title='bbox 3000 724 3179 779; x_wconf 90' lang='lat' dir='ltr'><strong>omnis</strong></span> <span class='ocrx_word' id='word_1_163' title='bbox 3211 725 3302 795; x_wconf 89' lang='lat' dir='ltr'><strong>qui</strong></span> <span class='ocrx_word' id='word_1_164' title='bbox 3328 724 3460 781; x_wconf 71' lang='lat' dir='ltr'><strong>facit</strong></span> 
     </span>
    </p>
   </div>
   <div class='ocr_carea' id='block_1_23' title="bbox 1870 815 2487 884">
    <p class='ocr_par' dir='ltr' id='par_1_23' title="bbox 1870 815 2487 884">
     <span class='ocr_line' id='line_1_23' title="bbox 1870 815 2487 884; baseline 0.006 -15"><span class='ocrx_word' id='word_1_165' title='bbox 1870 815 2146 884; x_wconf 89' lang='lat' dir='ltr'><strong>injuriam,</strong></span> <span class='ocrx_word' id='word_1_166' title='bbox 2175 817 2315 871; x_wconf 84' lang='lat' dir='ltr'><strong>male</strong></span> <span class='ocrx_word' id='word_1_167' title='bbox 2341 818 2487 873; x_wconf 79' lang='lat' dir='ltr'><strong>facit.</strong></span> 
     </span>
    </p>
   </div>
   <div class='ocr_carea' id='block_1_24' title="bbox 1940 908 3465 982">
    <p class='ocr_par' dir='ltr' id='par_1_24' title="bbox 1940 908 3465 982">
     <span class='ocr_line' id='line_1_24' title="bbox 1940 908 3465 982; baseline 0.003 -20"><span class='ocrx_word' id='word_1_168' title='bbox 1940 908 2047 963; x_wconf 87' lang='lat' dir='ltr'><strong>Sed</strong></span> <span class='ocrx_word' id='word_1_169' title='bbox 2071 926 2266 981; x_wconf 80' lang='lat' dir='ltr'><strong>semper</strong></span> <span class='ocrx_word' id='word_1_170' title='bbox 2300 912 2439 982; x_wconf 87' lang='lat' dir='ltr'><strong>quod</strong></span> <span class='ocrx_word' id='word_1_171' title='bbox 2469 912 2660 966; x_wconf 86' lang='lat' dir='ltr'><strong>bonum</strong></span> <span class='ocrx_word' id='word_1_172' title='bbox 2687 923 2761 967; x_wconf 86' lang='lat' dir='ltr'><strong>est</strong></span> <span class='ocrx_word' id='word_1_173' title='bbox 2784 913 3048 975; x_wconf 82' lang='lat' dir='ltr'><strong>sectamini</strong></span> <span class='ocrx_word' id='word_1_174' title='bbox 3068 913 3122 967; x_wconf 83' lang='lat' dir='ltr'><strong>in</strong></span> <span class='ocrx_word' id='word_1_175' title='bbox 3146 914 3382 982; x_wconf 81' lang='lat' dir='ltr'><strong>invicem,</strong></span> <span class='ocrx_word' id='word_1_176' title='bbox 3413 922 3465 967; x_wconf 81' lang='lat' dir='ltr'><strong>et</strong></span> 
     </span>
    </p>
   </div>
   <div class='ocr_carea' id='block_1_25' title="bbox 1864 996 3462 1071">
    <p class='ocr_par' dir='ltr' id='par_1_25' title="bbox 1864 996 3462 1071">
     <span class='ocr_line' id='line_1_25' title="bbox 1864 996 3462 1071; baseline 0.006 -22"><span class='ocrx_word' id='word_1_177' title='bbox 1864 996 1920 1050; x_wconf 88' lang='lat' dir='ltr'><strong>in</strong></span> <span class='ocrx_word' id='word_1_178' title='bbox 1951 1013 2146 1054; x_wconf 85' lang='lat' dir='ltr'><strong>omnes.</strong></span> <span class='ocrx_word' id='word_1_179' title='bbox 2182 1001 2295 1055; x_wconf 79' lang='lat' dir='ltr'><strong>Non</strong></span> <span class='ocrx_word' id='word_1_180' title='bbox 2319 1002 2502 1057; x_wconf 86' lang='lat' dir='ltr'><strong>solum</strong></span> <span class='ocrx_word' id='word_1_181' title='bbox 2532 1003 2585 1057; x_wconf 91' lang='lat' dir='ltr'><strong>in</strong></span> <span class='ocrx_word' id='word_1_182' title='bbox 2620 1018 2715 1059; x_wconf 80' lang='lat' dir='ltr'><strong>vos</strong></span> <span class='ocrx_word' id='word_1_183' title='bbox 2768 1004 3129 1071; x_wconf 78' lang='lat' dir='ltr'><strong>Christianos,</strong></span> <span class='ocrx_word' id='word_1_184' title='bbox 3174 1004 3267 1061; x_wconf 83' lang='lat' dir='ltr'><strong>sed</strong></span> <span class='ocrx_word' id='word_1_185' title='bbox 3300 1006 3462 1061; x_wconf 87' lang='lat' dir='ltr'><strong>etiam</strong></span> 
     </span>
    </p>
   </div>
   <div class='ocr_carea' id='block_1_26' title="bbox 1865 1086 2221 1147">
    <p class='ocr_par' dir='ltr' id='par_1_26' title="bbox 1865 1086 2221 1147">
     <span class='ocr_line' id='line_1_26' title="bbox 1865 1086 2221 1147; baseline 0.008 -5"><span class='ocrx_word' id='word_1_186' title='bbox 1865 1086 1918 1143; x_wconf 89' lang='lat' dir='ltr'><strong>in</strong></span> <span class='ocrx_word' id='word_1_187' title='bbox 1952 1088 2221 1147; x_wconf 78' lang='lat' dir='ltr'><strong>homines.</strong></span> 
     </span>
    </p>
   </div>
   <div class='ocr_carea' id='block_1_27' title="bbox 1940 1182 3180 1261">
    <p class='ocr_par' dir='ltr' id='par_1_27' title="bbox 1940 1182 3180 1261">
     <span class='ocr_line' id='line_1_27' title="bbox 1940 1182 3180 1261; baseline 0.005 -22"><span class='ocrx_word' id='word_1_188' title='bbox 1940 1182 2157 1251; x_wconf 81' lang='lat' dir='ltr'><strong>Semper</strong></span> <span class='ocrx_word' id='word_1_189' title='bbox 2181 1186 2420 1255; x_wconf 89' lang='lat' dir='ltr'><strong>gaudete.</strong></span> <span class='ocrx_word' id='word_1_190' title='bbox 2451 1187 2507 1242; x_wconf 93' lang='lat' dir='ltr'><strong>ln</strong></span> <span class='ocrx_word' id='word_1_191' title='bbox 2540 1189 2893 1245; x_wconf 71' lang='lat' dir='ltr'><strong>conscientia:</strong></span> <span class='ocrx_word' id='word_1_192' title='bbox 2925 1190 3180 1261; x_wconf 82' lang='lat' dir='ltr'><strong>puritate.</strong></span> 
     </span>
    </p>
   </div>
   <div class='ocr_carea' id='block_1_28' title="bbox 1938 1275 3463 1355">
    <p class='ocr_par' dir='ltr' id='par_1_28' title="bbox 1938 1275 3463 1355">
     <span class='ocr_line' id='line_1_28' title="bbox 1938 1275 3463 1355; baseline 0.005 -24"><span class='ocrx_word' id='word_1_193' title='bbox 1938 1275 2063 1331; x_wconf 85' lang='lat' dir='ltr'><strong>Sine</strong></span> <span class='ocrx_word' id='word_1_194' title='bbox 2095 1279 2477 1333; x_wconf 81' lang='lat' dir='ltr'><strong>intermissione</strong></span> <span class='ocrx_word' id='word_1_195' title='bbox 2507 1291 2672 1337; x_wconf 76' lang='lat' dir='ltr'><strong>orate.</strong></span> <span class='ocrx_word' id='word_1_196' title='bbox 2716 1283 2769 1337; x_wconf 85' lang='lat' dir='ltr'><strong>Si</strong></span> <span class='ocrx_word' id='word_1_197' title='bbox 2799 1284 3000 1354; x_wconf 78' lang='lat' dir='ltr'><strong>jugiter</strong></span> <span class='ocrx_word' id='word_1_198' title='bbox 3035 1299 3139 1339; x_wconf 89' lang='lat' dir='ltr'><strong>non</strong></span> <span class='ocrx_word' id='word_1_199' title='bbox 3162 1292 3319 1355; x_wconf 84' lang='lat' dir='ltr'><strong>potes</strong></span> <span class='ocrx_word' id='word_1_200' title='bbox 3358 1284 3463 1339; x_wconf 90' lang='lat' dir='ltr'><strong>lin-</strong></span> 
     </span>
    </p>
   </div>
   <div class='ocr_carea' id='block_1_29' title="bbox 1862 1374 3463 1447">
    <p class='ocr_par' dir='ltr' id='par_1_29' title="bbox 1862 1374 3463 1447">
     <span class='ocr_line' id='line_1_29' title="bbox 1862 1374 3463 1447; baseline 0.005 -23"><span class='ocrx_word' id='word_1_201' title='bbox 1862 1385 1985 1441; x_wconf 77' lang='lat' dir='ltr'><strong>gua,</strong></span> <span class='ocrx_word' id='word_1_202' title='bbox 2022 1374 2216 1428; x_wconf 85' lang='lat' dir='ltr'><strong>saltem</strong></span> <span class='ocrx_word' id='word_1_203' title='bbox 2244 1374 2432 1440; x_wconf 90' lang='lat' dir='ltr'><strong>corde,</strong></span> <span class='ocrx_word' id='word_1_204' title='bbox 2458 1376 2599 1430; x_wconf 80' lang='lat' dir='ltr'><strong>sicut</strong></span> <span class='ocrx_word' id='word_1_205' title='bbox 2628 1375 2799 1447; x_wconf 79' lang='lat' dir='ltr'><strong>Moysi</strong></span> <span class='ocrx_word' id='word_1_206' title='bbox 2829 1379 3024 1433; x_wconf 84' lang='lat' dir='ltr'><strong>tacenti</strong></span> <span class='ocrx_word' id='word_1_207' title='bbox 3054 1378 3254 1434; x_wconf 87' lang='lat' dir='ltr'><strong>dicitur</strong></span> <span class='ocrx_word' id='word_1_208' title='bbox 3280 1397 3293 1434; x_wconf 90' lang='lat'><strong>:</strong></span> <span class='ocrx_word' id='word_1_209' title='bbox 3322 1378 3463 1447; x_wconf 89' lang='lat' dir='ltr'><strong>Quid</strong></span> 
     </span>
    </p>
   </div>
   <div class='ocr_carea' id='block_1_30' title="bbox 1864 1463 3454 1540">
    <p class='ocr_par' dir='ltr' id='par_1_30' title="bbox 1864 1463 3454 1540">
     <span class='ocr_line' id='line_1_30' title="bbox 1864 1463 3454 1540; baseline 0.006 -23"><span class='ocrx_word' id='word_1_210' title='bbox 1864 1463 2066 1520; x_wconf 86' lang='lat' dir='ltr'><strong>clamas</strong></span> <span class='ocrx_word' id='word_1_211' title='bbox 2096 1465 2163 1520; x_wconf 89' lang='lat' dir='ltr'><strong>ad</strong></span> <span class='ocrx_word' id='word_1_212' title='bbox 2192 1467 2318 1522; x_wconf 86' lang='lat' dir='ltr'><strong>me?</strong></span> <span class='ocrx_word' id='word_1_213' title='bbox 2348 1468 2477 1523; x_wconf 85' lang='lat' dir='ltr'><strong>Sive</strong></span> <span class='ocrx_word' id='word_1_214' title='bbox 2516 1471 2696 1523; x_wconf 89' lang='lat' dir='ltr'><strong>omnis</strong></span> <span class='ocrx_word' id='word_1_215' title='bbox 2727 1481 2879 1524; x_wconf 86' lang='lat' dir='ltr'><strong>actus</strong></span> <span class='ocrx_word' id='word_1_216' title='bbox 2906 1478 3090 1526; x_wconf 76' lang='lat' dir='ltr'><strong>vester</strong></span> <span class='ocrx_word' id='word_1_217' title='bbox 3119 1470 3244 1526; x_wconf 86' lang='lat' dir='ltr'><strong>talis</strong></span> <span class='ocrx_word' id='word_1_218' title='bbox 3271 1472 3362 1540; x_wconf 89' lang='lat' dir='ltr'><strong>sit,</strong></span> <span class='ocrx_word' id='word_1_219' title='bbox 3395 1478 3454 1526; x_wconf 87' lang='lat' dir='ltr'><strong>ut</strong></span> 
     </span>
    </p>
   </div>
   <div class='ocr_carea' id='block_1_31' title="bbox 1865 1559 2755 1628">
    <p class='ocr_par' dir='ltr' id='par_1_31' title="bbox 1865 1559 2755 1628">
     <span class='ocr_line' id='line_1_31' title="bbox 1865 1559 2755 1628; baseline 0.003 -17"><span class='ocrx_word' id='word_1_220' title='bbox 1865 1574 1963 1627; x_wconf 89' lang='lat' dir='ltr'><strong>pro</strong></span> <span class='ocrx_word' id='word_1_221' title='bbox 1998 1559 2149 1612; x_wconf 77' lang='lat' dir='ltr'><strong>vobis</strong></span> <span class='ocrx_word' id='word_1_222' title='bbox 2174 1575 2390 1628; x_wconf 85' lang='lat' dir='ltr'><strong>semper</strong></span> <span class='ocrx_word' id='word_1_223' title='bbox 2420 1561 2586 1616; x_wconf 84' lang='lat' dir='ltr'><strong>Deum</strong></span> <span class='ocrx_word' id='word_1_224' title='bbox 2614 1569 2755 1616; x_wconf 88' lang='lat' dir='ltr'><strong>oret.</strong></span> 
     </span>
    </p>
   </div>
   <div class='ocr_carea' id='block_1_32' title="bbox 1939 1648 3463 1727">
    <p class='ocr_par' dir='ltr' id='par_1_32' title="bbox 1939 1648 3463 1727">
     <span class='ocr_line' id='line_1_32' title="bbox 1939 1648 3463 1727; baseline 0.006 -25"><span class='ocrx_word' id='word_1_225' title='bbox 1939 1648 2003 1703; x_wconf 88' lang='lat' dir='ltr'><strong>lu</strong></span> <span class='ocrx_word' id='word_1_226' title='bbox 2029 1652 2268 1707; x_wconf 87' lang='lat' dir='ltr'><strong>omnibus</strong></span> <span class='ocrx_word' id='word_1_227' title='bbox 2301 1655 2501 1725; x_wconf 87' lang='lat' dir='ltr'><strong>gratias</strong></span> <span class='ocrx_word' id='word_1_228' title='bbox 2546 1656 2701 1727; x_wconf 88' lang='lat' dir='ltr'><strong>agite.</strong></span> <span class='ocrx_word' id='word_1_229' title='bbox 2745 1655 2801 1711; x_wconf 92' lang='lat' dir='ltr'><strong>In</strong></span> <span class='ocrx_word' id='word_1_230' title='bbox 2827 1657 3103 1722; x_wconf 89' lang='lat' dir='ltr'><strong>omnibus,</strong></span> <span class='ocrx_word' id='word_1_231' title='bbox 3149 1672 3269 1727; x_wconf 66' lang='lat' dir='ltr'><strong>quae</strong></span> <span class='ocrx_word' id='word_1_232' title='bbox 3319 1656 3463 1711; x_wconf 85' lang='lat' dir='ltr'><strong>acci-</strong></span> 
     </span>
    </p>
   </div>
   <div class='ocr_carea' id='block_1_33' title="bbox 243 1740 3460 1822">
    <p class='ocr_par' dir='ltr' id='par_1_33' title="bbox 243 1740 3460 1822">
     <span class='ocr_line' id='line_1_33' title="bbox 243 1740 3460 1822; baseline -0 -19"><span class='ocrx_word' id='word_1_233' title='bbox 243 1750 345 1816; x_wconf 83' lang='lat' dir='ltr'><strong>Qui</strong></span> <span class='ocrx_word' id='word_1_234' title='bbox 386 1752 519 1804; x_wconf 82' lang='lat' dir='ltr'><strong>enim</strong></span> <span class='ocrx_word' id='word_1_235' title='bbox 557 1750 847 1812; x_wconf 84' lang='lat' dir='ltr'><strong>dormiunt,</strong></span> <span class='ocrx_word' id='word_1_236' title='bbox 896 1758 1042 1803; x_wconf 86' lang='lat' dir='ltr'><strong>nocte</strong></span> <span class='ocrx_word' id='word_1_237' title='bbox 1091 1749 1386 1807; x_wconf 86' lang='lat' dir='ltr'><strong>dormiunt:</strong></span> <span class='ocrx_word' id='word_1_238' title='bbox 1417 1758 1461 1803; x_wconf 89' lang='lat' dir='ltr'><strong>et</strong></span> <span class='ocrx_word' id='word_1_239' title='bbox 1502 1750 1598 1822; x_wconf 64' lang='grc' dir='ltr'><strong>θρίξ</strong></span> <span class='ocrx_word' id='word_1_240' title='bbox 1637 1748 1762 1803; x_wconf 74' lang='lat' dir='ltr'><strong>ebrii</strong></span> <span class='ocrx_word' id='word_1_241' title='bbox 1797 1740 1842 1800; x_wconf 81' lang='grc' dir='ltr'>Β</span> <span class='ocrx_word' id='word_1_242' title='bbox 1869 1741 2069 1808; x_wconf 72' lang='lat' dir='ltr'><strong>derint,</strong></span> <span class='ocrx_word' id='word_1_243' title='bbox 2099 1745 2362 1800; x_wconf 86' lang='lat' dir='ltr'><strong>sicutJob</strong></span> <span class='ocrx_word' id='word_1_244' title='bbox 2388 1761 2402 1799; x_wconf 88' lang='lat'><strong>:</strong></span> <span class='ocrx_word' id='word_1_245' title='bbox 2427 1747 2569 1811; x_wconf 82' lang='lat' dir='ltr'><strong>sive,</strong></span> <span class='ocrx_word' id='word_1_246' title='bbox 2596 1748 2648 1801; x_wconf 86' lang='lat' dir='ltr'><strong>in</strong></span> <span class='ocrx_word' id='word_1_247' title='bbox 2673 1749 2820 1803; x_wconf 92' lang='lat' dir='ltr'><strong>omni</strong></span> <span class='ocrx_word' id='word_1_248' title='bbox 2843 1750 3257 1805; x_wconf 80' lang='lat' dir='ltr'><strong>converSatione</strong></span> <span class='ocrx_word' id='word_1_249' title='bbox 3282 1758 3460 1804; x_wconf 88' lang='lat' dir='ltr'><strong>vestra</strong></span> 
     </span>
    </p>
   </div>
   <div class='ocr_carea' id='block_1_34' title="bbox 163 1841 1760 1911">
    <p class='ocr_par' dir='ltr' id='par_1_34' title="bbox 163 1841 1760 1911">
     <span class='ocr_line' id='line_1_34' title="bbox 163 1841 1760 1911; baseline -0.003 -13"><span class='ocrx_word' id='word_1_250' title='bbox 163 1852 304 1909; x_wconf 87' lang='lat' dir='ltr'><strong>sunt,</strong></span> <span class='ocrx_word' id='word_1_251' title='bbox 337 1854 486 1897; x_wconf 90' lang='lat' dir='ltr'><strong>nocte</strong></span> <span class='ocrx_word' id='word_1_252' title='bbox 508 1843 634 1898; x_wconf 86' lang='lat' dir='ltr'><strong>ebrii</strong></span> <span class='ocrx_word' id='word_1_253' title='bbox 662 1852 805 1897; x_wconf 83' lang='lat' dir='ltr'><strong>sunt.</strong></span> <span class='ocrx_word' id='word_1_254' title='bbox 836 1841 962 1896; x_wconf 85' lang='lat' dir='ltr'><strong>[deo</strong></span> <span class='ocrx_word' id='word_1_255' title='bbox 989 1842 1150 1896; x_wconf 73' lang='lat' dir='ltr'><strong>otiosi</strong></span> <span class='ocrx_word' id='word_1_256' title='bbox 1191 1853 1244 1896; x_wconf 87' lang='lat' dir='ltr'><strong>et</strong></span> <span class='ocrx_word' id='word_1_257' title='bbox 1274 1841 1410 1897; x_wconf 88' lang='lat' dir='ltr'><strong>ebrii</strong></span> <span class='ocrx_word' id='word_1_258' title='bbox 1441 1850 1587 1909; x_wconf 89' lang='lat' dir='ltr'><strong>sunt,</strong></span> <span class='ocrx_word' id='word_1_259' title='bbox 1637 1841 1760 1911; x_wconf 89' lang='lat' dir='ltr'><strong>quia</strong></span> 
     </span>
    </p>
   </div>
   <div class='ocr_carea' id='block_1_35' title="bbox 164 1936 674 1991">
    <p class='ocr_par' dir='ltr' id='par_1_35' title="bbox 164 1936 674 1991">
     <span class='ocr_line' id='line_1_35' title="bbox 164 1936 674 1991; baseline -0.004 0"><span class='ocrx_word' id='word_1_260' title='bbox 164 1937 216 1991; x_wconf 87' lang='lat' dir='ltr'><strong>in</strong></span> <span class='ocrx_word' id='word_1_261' title='bbox 252 1936 500 1990; x_wconf 85' lang='lat' dir='ltr'><strong>tenebris</strong></span> <span class='ocrx_word' id='word_1_262' title='bbox 528 1944 674 1991; x_wconf 83' lang='lat' dir='ltr'><strong>sunt.</strong></span> 
     </span>
    </p>
   </div>
   <div class='ocr_carea' id='block_1_36' title="bbox 236 2023 1759 2096">
    <p class='ocr_par' dir='ltr' id='par_1_36' title="bbox 236 2023 1759 2096">
     <span class='ocr_line' id='line_1_36' title="bbox 236 2023 1759 2096; baseline -0.003 -15"><span class='ocrx_word' id='word_1_263' title='bbox 236 2028 358 2081; x_wconf 84' lang='lat' dir='ltr'><strong>Nos</strong></span> <span class='ocrx_word' id='word_1_264' title='bbox 388 2036 563 2081; x_wconf 87' lang='lat' dir='ltr'><strong>autem</strong></span> <span class='ocrx_word' id='word_1_265' title='bbox 608 2027 697 2096; x_wconf 89' lang='lat' dir='ltr'><strong>qui</strong></span> <span class='ocrx_word' id='word_1_266' title='bbox 727 2026 829 2080; x_wconf 88' lang='lat' dir='ltr'><strong>diei</strong></span> <span class='ocrx_word' id='word_1_267' title='bbox 870 2042 1071 2094; x_wconf 88' lang='lat' dir='ltr'><strong>sumus,</strong></span> <span class='ocrx_word' id='word_1_268' title='bbox 1105 2025 1267 2081; x_wconf 85' lang='lat' dir='ltr'><strong>sobrii</strong></span> <span class='ocrx_word' id='word_1_269' title='bbox 1296 2026 1478 2080; x_wconf 87' lang='lat' dir='ltr'><strong>simus.</strong></span> <span class='ocrx_word' id='word_1_270' title='bbox 1524 2023 1632 2079; x_wconf 88' lang='lat' dir='ltr'><strong>Nos</strong></span> <span class='ocrx_word' id='word_1_271' title='bbox 1670 2025 1759 2094; x_wconf 87' lang='lat' dir='ltr'><strong>qni</strong></span> 
     </span>
    </p>
   </div>
   <div class='ocr_carea' id='block_1_37' title="bbox 163 2116 1761 2186">
    <p class='ocr_par' dir='ltr' id='par_1_37' title="bbox 163 2116 1761 2186">
     <span class='ocr_line' id='line_1_37' title="bbox 163 2116 1761 2186; baseline -0.002 -13"><span class='ocrx_word' id='word_1_272' title='bbox 163 2120 308 2175; x_wconf 89' lang='lat' dir='ltr'><strong>diem</strong></span> <span class='ocrx_word' id='word_1_273' title='bbox 342 2117 622 2174; x_wconf 80' lang='lat' dir='ltr'><strong>Christum</strong></span> <span class='ocrx_word' id='word_1_274' title='bbox 663 2119 945 2184; x_wconf 86' lang='lat' dir='ltr'><strong>habemus,</strong></span> <span class='ocrx_word' id='word_1_275' title='bbox 982 2134 1081 2174; x_wconf 92' lang='lat' dir='ltr'><strong>nec</strong></span> <span class='ocrx_word' id='word_1_276' title='bbox 1109 2119 1296 2186; x_wconf 82' lang='lat' dir='ltr'><strong>Otiosi,</strong></span> <span class='ocrx_word' id='word_1_277' title='bbox 1335 2134 1435 2173; x_wconf 85' lang='lat' dir='ltr'><strong>nec</strong></span> <span class='ocrx_word' id='word_1_278' title='bbox 1474 2116 1608 2173; x_wconf 89' lang='lat' dir='ltr'><strong>ebrii</strong></span> <span class='ocrx_word' id='word_1_279' title='bbox 1640 2132 1761 2171; x_wconf 88' lang='lat' dir='ltr'><strong>esse</strong></span> 
     </span>
    </p>
   </div>
   <div class='ocr_carea' id='block_1_38' title="bbox 162 2213 447 2268">
    <p class='ocr_par' dir='ltr' id='par_1_38' title="bbox 162 2213 447 2268">
     <span class='ocr_line' id='line_1_38' title="bbox 162 2213 447 2268; baseline -0.018 0"><span class='ocrx_word' id='word_1_280' title='bbox 162 2213 447 2268; x_wconf 83' lang='lat' dir='ltr'><strong>debemus.</strong></span> 
     </span>
    </p>
   </div>
   <div class='ocr_carea' id='block_1_39' title="bbox 236 2304 1762 2377">
    <p class='ocr_par' dir='ltr' id='par_1_39' title="bbox 236 2304 1762 2377">
     <span class='ocr_line' id='line_1_39' title="bbox 236 2304 1762 2377; baseline -0.002 -19"><span class='ocrx_word' id='word_1_281' title='bbox 236 2304 423 2360; x_wconf 83' lang='lat' dir='ltr'><strong>lnduti</strong></span> <span class='ocrx_word' id='word_1_282' title='bbox 455 2306 672 2359; x_wconf 86' lang='lat' dir='ltr'><strong>loricam</strong></span> <span class='ocrx_word' id='word_1_283' title='bbox 702 2305 846 2373; x_wconf 81' lang='lat' dir='ltr'><strong>ﬁdei,</strong></span> <span class='ocrx_word' id='word_1_284' title='bbox 887 2313 934 2357; x_wconf 90' lang='lat' dir='ltr'><strong>et</strong></span> <span class='ocrx_word' id='word_1_285' title='bbox 965 2304 1259 2371; x_wconf 88' lang='lat' dir='ltr'><strong>charitatis,</strong></span> <span class='ocrx_word' id='word_1_286' title='bbox 1294 2313 1339 2359; x_wconf 88' lang='lat' dir='ltr'><strong>et</strong></span> <span class='ocrx_word' id='word_1_287' title='bbox 1366 2305 1571 2377; x_wconf 81' lang='lat' dir='ltr'><strong>galeam</strong></span> <span class='ocrx_word' id='word_1_288' title='bbox 1621 2321 1762 2375; x_wconf 84' lang='lat' dir='ltr'><strong>spem</strong></span> 
     </span>
    </p>
   </div>
   <div class='ocr_carea' id='block_1_40' title="bbox 161 2396 1748 2465">
    <p class='ocr_par' dir='ltr' id='par_1_40' title="bbox 161 2396 1748 2465">
     <span class='ocr_line' id='line_1_40' title="bbox 161 2396 1748 2465; baseline -0.004 -13"><span class='ocrx_word' id='word_1_289' title='bbox 161 2399 367 2452; x_wconf 88' lang='lat' dir='ltr'><strong>salutis.</strong></span> <span class='ocrx_word' id='word_1_290' title='bbox 408 2396 540 2451; x_wconf 82' lang='lat' dir='ltr'><strong>Fide</strong></span> <span class='ocrx_word' id='word_1_291' title='bbox 561 2406 614 2451; x_wconf 88' lang='lat' dir='ltr'><strong>et</strong></span> <span class='ocrx_word' id='word_1_292' title='bbox 638 2397 923 2460; x_wconf 79' lang='lat' dir='ltr'><strong>charitate,</strong></span> <span class='ocrx_word' id='word_1_293' title='bbox 952 2405 1005 2450; x_wconf 92' lang='lat' dir='ltr'><strong>et</strong></span> <span class='ocrx_word' id='word_1_294' title='bbox 1027 2396 1235 2465; x_wconf 68' lang='lat' dir='ltr'><strong>justitia</strong></span> <span class='ocrx_word' id='word_1_295' title='bbox 1260 2400 1443 2451; x_wconf 87' lang='lat' dir='ltr'><strong>omnia</strong></span> <span class='ocrx_word' id='word_1_296' title='bbox 1473 2407 1748 2462; x_wconf 69' lang='lat' dir='ltr'><strong>constant,</strong></span> 
     </span>
    </p>
   </div>
   <div class='ocr_carea' id='block_1_41' title="bbox 162 2488 1143 2560">
    <p class='ocr_par' dir='ltr' id='par_1_41' title="bbox 162 2488 1143 2560">
     <span class='ocr_line' id='line_1_41' title="bbox 162 2488 1143 2560; baseline -0.001 -17"><span class='ocrx_word' id='word_1_297' title='bbox 162 2505 299 2560; x_wconf 90' lang='lat' dir='ltr'><strong>quas</strong></span> <span class='ocrx_word' id='word_1_298' title='bbox 329 2500 385 2545; x_wconf 88' lang='lat' dir='ltr'><strong>et</strong></span> <span class='ocrx_word' id='word_1_299' title='bbox 412 2490 592 2543; x_wconf 71' lang='lat' dir='ltr'><strong>lorica:</strong></span> <span class='ocrx_word' id='word_1_300' title='bbox 622 2488 751 2542; x_wconf 84' lang='lat' dir='ltr'><strong>alibi</strong></span> <span class='ocrx_word' id='word_1_301' title='bbox 782 2489 1143 2557; x_wconf 88' lang='lat' dir='ltr'><strong>comparavit.</strong></span> 
     </span>
    </p>
   </div>
   <div class='ocr_carea' id='block_1_42' title="bbox 235 2579 1763 2651">
    <p class='ocr_par' dir='ltr' id='par_1_42' title="bbox 235 2579 1763 2651">
     <span class='ocr_line' id='line_1_42' title="bbox 235 2579 1763 2651; baseline 0 -18"><span class='ocrx_word' id='word_1_302' title='bbox 235 2582 500 2646; x_wconf 83' lang='lat' dir='ltr'><strong>Quoniam</strong></span> <span class='ocrx_word' id='word_1_303' title='bbox 552 2598 654 2634; x_wconf 87' lang='lat' dir='ltr'><strong>non</strong></span> <span class='ocrx_word' id='word_1_304' title='bbox 686 2581 859 2651; x_wconf 81' lang='lat' dir='ltr'><strong>posuit</strong></span> <span class='ocrx_word' id='word_1_305' title='bbox 909 2596 1004 2634; x_wconf 85' lang='lat' dir='ltr'><strong>nos</strong></span> <span class='ocrx_word' id='word_1_306' title='bbox 1057 2579 1196 2634; x_wconf 86' lang='lat' dir='ltr'><strong>Deus</strong></span> <span class='ocrx_word' id='word_1_307' title='bbox 1240 2582 1295 2634; x_wconf 90' lang='lat' dir='ltr'><strong>in</strong></span> <span class='ocrx_word' id='word_1_308' title='bbox 1356 2583 1511 2649; x_wconf 90' lang='lat' dir='ltr'><strong>iram,</strong></span> <span class='ocrx_word' id='word_1_309' title='bbox 1567 2582 1658 2637; x_wconf 88' lang='lat' dir='ltr'><strong>sed</strong></span> <span class='ocrx_word' id='word_1_310' title='bbox 1709 2582 1763 2634; x_wconf 90' lang='lat' dir='ltr'><strong>in</strong></span> 
     </span>
    </p>
   </div>
   <div class='ocr_carea' id='block_1_43' title="bbox 159 2669 1763 2743">
    <p class='ocr_par' dir='ltr' id='par_1_43' title="bbox 159 2669 1763 2743">
     <span class='ocr_line' id='line_1_43' title="bbox 159 2669 1763 2743; baseline 0 -17"><span class='ocrx_word' id='word_1_311' title='bbox 159 2674 555 2741; x_wconf 81' lang='lat' dir='ltr'><strong>acquisitionem</strong></span> <span class='ocrx_word' id='word_1_312' title='bbox 586 2674 789 2742; x_wconf 87' lang='lat' dir='ltr'><strong>salutis,</strong></span> <span class='ocrx_word' id='word_1_313' title='bbox 841 2688 933 2743; x_wconf 90' lang='lat' dir='ltr'><strong>per</strong></span> <span class='ocrx_word' id='word_1_314' title='bbox 984 2669 1271 2726; x_wconf 86' lang='lat' dir='ltr'><strong>Dominum</strong></span> <span class='ocrx_word' id='word_1_315' title='bbox 1318 2683 1554 2727; x_wconf 87' lang='lat' dir='ltr'><strong>nostrum</strong></span> <span class='ocrx_word' id='word_1_316' title='bbox 1583 2672 1763 2727; x_wconf 74' lang='lat' dir='ltr'><strong>Jrsum</strong></span> 
     </span>
    </p>
   </div>
   <div class='ocr_carea' id='block_1_44' title="bbox 158 2764 1754 2835">
    <p class='ocr_par' dir='ltr' id='par_1_44' title="bbox 158 2764 1754 2835">
     <span class='ocr_line' id='line_1_44' title="bbox 158 2764 1754 2835; baseline -0.001 -15"><span class='ocrx_word' id='word_1_317' title='bbox 158 2765 450 2820; x_wconf 73' lang='lat' dir='ltr'><strong>Christum.</strong></span> <span class='ocrx_word' id='word_1_318' title='bbox 484 2764 539 2821; x_wconf 86' lang='lat' dir='ltr'><strong>In</strong></span> <span class='ocrx_word' id='word_1_319' title='bbox 568 2767 644 2823; x_wconf 81' lang='lat' dir='ltr'><strong>ira</strong></span> <span class='ocrx_word' id='word_1_320' title='bbox 664 2776 785 2820; x_wconf 87' lang='lat' dir='ltr'><strong>sunt</strong></span> <span class='ocrx_word' id='word_1_321' title='bbox 822 2766 1012 2835; x_wconf 84' lang='lat' dir='ltr'><strong>positi;</strong></span> <span class='ocrx_word' id='word_1_322' title='bbox 1045 2765 1169 2834; x_wconf 89' lang='lat' dir='ltr'><strong>quia</strong></span> <span class='ocrx_word' id='word_1_323' title='bbox 1214 2765 1324 2833; x_wconf 87' lang='lat' dir='ltr'><strong>jam</strong></span> <span class='ocrx_word' id='word_1_324' title='bbox 1350 2764 1577 2835; x_wconf 85' lang='lat' dir='ltr'><strong>judicati</strong></span> <span class='ocrx_word' id='word_1_325' title='bbox 1608 2773 1754 2820; x_wconf 79' lang='lat' dir='ltr'><strong>sunt.</strong></span> 
     </span>
    </p>
   </div>
   <div class='ocr_carea' id='block_1_45' title="bbox 237 2857 1760 2928">
    <p class='ocr_par' dir='ltr' id='par_1_45' title="bbox 237 2857 1760 2928">
     <span class='ocr_line' id='line_1_45' title="bbox 237 2857 1760 2928; baseline 0.001 -17"><span class='ocrx_word' id='word_1_326' title='bbox 237 2859 347 2927; x_wconf 87' lang='lat' dir='ltr'><strong>Qui</strong></span> <span class='ocrx_word' id='word_1_327' title='bbox 406 2870 636 2914; x_wconf 89' lang='lat' dir='ltr'><strong>mortuus</strong></span> <span class='ocrx_word' id='word_1_328' title='bbox 683 2867 758 2913; x_wconf 85' lang='lat' dir='ltr'><strong>est</strong></span> <span class='ocrx_word' id='word_1_329' title='bbox 808 2874 902 2928; x_wconf 85' lang='lat' dir='ltr'><strong>pro</strong></span> <span class='ocrx_word' id='word_1_330' title='bbox 954 2858 1123 2912; x_wconf 86' lang='lat' dir='ltr'><strong>nobis.</strong></span> <span class='ocrx_word' id='word_1_331' title='bbox 1158 2857 1227 2914; x_wconf 88' lang='lat' dir='ltr'><strong>Ut</strong></span> <span class='ocrx_word' id='word_1_332' title='bbox 1280 2874 1377 2913; x_wconf 90' lang='lat' dir='ltr'><strong>nos</strong></span> <span class='ocrx_word' id='word_1_333' title='bbox 1414 2876 1520 2913; x_wconf 86' lang='lat' dir='ltr'><strong>non</strong></span> <span class='ocrx_word' id='word_1_334' title='bbox 1580 2874 1760 2914; x_wconf 91' lang='lat' dir='ltr'><strong>more-</strong></span> 
     </span>
    </p>
   </div>
   <div class='ocr_carea' id='block_1_46' title="bbox 163 2965 374 3005">
    <p class='ocr_par' dir='ltr' id='par_1_46' title="bbox 163 2965 374 3005">
     <span class='ocr_line' id='line_1_46' title="bbox 163 2965 374 3005; baseline 0.009 -2"><span class='ocrx_word' id='word_1_335' title='bbox 163 2966 181 3003; x_wconf 73' lang='lat' dir='ltr'><strong>I‘</strong></span> <span class='ocrx_word' id='word_1_336' title='bbox 191 2965 374 3005; x_wconf 72' lang='lat' dir='ltr'><strong>exitur.</strong></span> 
     </span>
    </p>
   </div>
   <div class='ocr_carea' id='block_1_47' title="bbox 239 3039 1765 3110">
    <p class='ocr_par' dir='ltr' id='par_1_47' title="bbox 239 3039 1765 3110">
     <span class='ocr_line' id='line_1_47' title="bbox 239 3039 1765 3110; baseline 0 -16"><span class='ocrx_word' id='word_1_337' title='bbox 239 3039 309 3095; x_wconf 96' lang='lat' dir='ltr'><strong>Ut</strong></span> <span class='ocrx_word' id='word_1_338' title='bbox 339 3041 448 3094; x_wconf 86' lang='lat' dir='ltr'><strong>sive</strong></span> <span class='ocrx_word' id='word_1_339' title='bbox 477 3040 769 3110; x_wconf 71' lang='lat' dir='ltr'><strong>vigilemus,</strong></span> <span class='ocrx_word' id='word_1_340' title='bbox 812 3040 914 3095; x_wconf 84' lang='lat' dir='ltr'><strong>sive</strong></span> <span class='ocrx_word' id='word_1_341' title='bbox 971 3040 1312 3105; x_wconf 80' lang='lat' dir='ltr'><strong>dormiamus,</strong></span> <span class='ocrx_word' id='word_1_342' title='bbox 1336 3039 1489 3094; x_wconf 82' lang='lat' dir='ltr'><strong>simul</strong></span> <span class='ocrx_word' id='word_1_343' title='bbox 1510 3056 1626 3093; x_wconf 89' lang='lat' dir='ltr'><strong>cum</strong></span> <span class='ocrx_word' id='word_1_344' title='bbox 1670 3040 1765 3094; x_wconf 88' lang='lat' dir='ltr'><strong>illo</strong></span> 
     </span>
    </p>
   </div>
   <div class='ocr_carea' id='block_1_48' title="bbox 1873 1832 2683 1903">
    <p class='ocr_par' dir='ltr' id='par_1_48' title="bbox 1873 1832 2683 1903">
     <span class='ocr_line' id='line_1_48' title="bbox 1873 1832 2683 1903; baseline 0.005 -16"><span class='ocrx_word' id='word_1_345' title='bbox 1873 1832 2101 1887; x_wconf 87' lang='lat' dir='ltr'><strong>Domino</strong></span> <span class='ocrx_word' id='word_1_346' title='bbox 2140 1837 2330 1903; x_wconf 63' lang='lat' dir='ltr'><strong>gratia:</strong></span> <span class='ocrx_word' id='word_1_347' title='bbox 2355 1837 2683 1895; x_wconf 80' lang='lat' dir='ltr'><strong>referantur.</strong></span> 
     </span>
    </p>
   </div>
   <div class='ocr_carea' id='block_1_49' title="bbox 1944 1925 3460 2000">
    <p class='ocr_par' dir='ltr' id='par_1_49' title="bbox 1944 1925 3460 2000">
     <span class='ocr_line' id='line_1_49' title="bbox 1944 1925 3460 2000; baseline 0.005 -21"><span class='ocrx_word' id='word_1_348' title='bbox 1944 1925 2074 1980; x_wconf 72' lang='lat' dir='ltr'><strong>lltec</strong></span> <span class='ocrx_word' id='word_1_349' title='bbox 2128 1937 2200 1980; x_wconf 86' lang='lat' dir='ltr'><strong>est</strong></span> <span class='ocrx_word' id='word_1_350' title='bbox 2242 1930 2381 1983; x_wconf 87' lang='lat' dir='ltr'><strong>enim</strong></span> <span class='ocrx_word' id='word_1_351' title='bbox 2424 1930 2664 1985; x_wconf 80' lang='lat' dir='ltr'><strong>voluntas</strong></span> <span class='ocrx_word' id='word_1_352' title='bbox 2718 1931 2817 1987; x_wconf 88' lang='lat' dir='ltr'><strong>Dei</strong></span> <span class='ocrx_word' id='word_1_353' title='bbox 2860 1934 2914 1987; x_wconf 83' lang='lat' dir='ltr'><strong>in</strong></span> <span class='ocrx_word' id='word_1_354' title='bbox 2961 1934 3164 1988; x_wconf 80' lang='lat' dir='ltr'><strong>Christo</strong></span> <span class='ocrx_word' id='word_1_355' title='bbox 3210 1932 3359 2000; x_wconf 74' lang='lat' dir='ltr'><strong>Iesu,</strong></span> <span class='ocrx_word' id='word_1_356' title='bbox 3404 1934 3460 1987; x_wconf 87' lang='lat' dir='ltr'><strong>in</strong></span> 
     </span>
    </p>
   </div>
   <div class='ocr_carea' id='block_1_50' title="bbox 1869 2019 3457 2097">
    <p class='ocr_par' dir='ltr' id='par_1_50' title="bbox 1869 2019 3457 2097">
     <span class='ocr_line' id='line_1_50' title="bbox 1869 2019 3457 2097; baseline 0.006 -26"><span class='ocrx_word' id='word_1_357' title='bbox 1869 2019 2105 2073; x_wconf 85' lang='lat' dir='ltr'><strong>omnibus</strong></span> <span class='ocrx_word' id='word_1_358' title='bbox 2132 2021 2293 2075; x_wconf 84' lang='lat' dir='ltr'><strong>robis.</strong></span> <span class='ocrx_word' id='word_1_359' title='bbox 2345 2021 2497 2078; x_wconf 79' lang='lat' dir='ltr'><strong>Sicut</strong></span> <span class='ocrx_word' id='word_1_360' title='bbox 2543 2024 2595 2080; x_wconf 87' lang='lat' dir='ltr'><strong>in</strong></span> <span class='ocrx_word' id='word_1_361' title='bbox 2634 2022 2854 2080; x_wconf 57' lang='lat' dir='ltr'><strong>Christo</strong></span> <span class='ocrx_word' id='word_1_362' title='bbox 2882 2042 2974 2096; x_wconf 86' lang='lat' dir='ltr'><strong>per</strong></span> <span class='ocrx_word' id='word_1_363' title='bbox 3011 2028 3194 2081; x_wconf 89' lang='lat' dir='ltr'><strong>omnia</strong></span> <span class='ocrx_word' id='word_1_364' title='bbox 3240 2028 3457 2097; x_wconf 90' lang='lat' dir='ltr'><strong>impleta</strong></span> 
     </span>
    </p>
   </div>
   <div class='ocr_carea' id='block_1_51' title="bbox 1867 2114 3058 2188">
    <p class='ocr_par' dir='ltr' id='par_1_51' title="bbox 1867 2114 3058 2188">
     <span class='ocr_line' id='line_1_51' title="bbox 1867 2114 3058 2188; baseline 0.007 -21"><span class='ocrx_word' id='word_1_365' title='bbox 1867 2122 1970 2176; x_wconf 89' lang='lat' dir='ltr'><strong>est,</strong></span> <span class='ocrx_word' id='word_1_366' title='bbox 2004 2115 2072 2167; x_wconf 87' lang='lat' dir='ltr'><strong>ita</strong></span> <span class='ocrx_word' id='word_1_367' title='bbox 2103 2123 2155 2168; x_wconf 89' lang='lat' dir='ltr'><strong>et</strong></span> <span class='ocrx_word' id='word_1_368' title='bbox 2189 2114 2239 2168; x_wconf 90' lang='lat' dir='ltr'><strong>iu</strong></span> <span class='ocrx_word' id='word_1_369' title='bbox 2279 2116 2432 2171; x_wconf 85' lang='lat' dir='ltr'><strong>vobis</strong></span> <span class='ocrx_word' id='word_1_370' title='bbox 2461 2119 2711 2174; x_wconf 77' lang='lat' dir='ltr'><strong>omnibus</strong></span> <span class='ocrx_word' id='word_1_371' title='bbox 2752 2120 3058 2188; x_wconf 86' lang='lat' dir='ltr'><strong>impleatur.</strong></span> 
     </span>
    </p>
   </div>
   <div class='ocr_carea' id='block_1_52' title="bbox 1941 2203 3459 2281">
    <p class='ocr_par' dir='ltr' id='par_1_52' title="bbox 1941 2203 3459 2281">
     <span class='ocr_line' id='line_1_52' title="bbox 1941 2203 3459 2281; baseline 0.006 -22"><span class='ocrx_word' id='word_1_372' title='bbox 1941 2203 2199 2276; x_wconf 87' lang='lat' dir='ltr'><strong>Spiritum</strong></span> <span class='ocrx_word' id='word_1_373' title='bbox 2230 2207 2387 2262; x_wconf 83' lang='lat' dir='ltr'><strong>nolite</strong></span> <span class='ocrx_word' id='word_1_374' title='bbox 2416 2211 2761 2281; x_wconf 72' lang='lat' dir='ltr'><strong>exstinguere.</strong></span> <span class='ocrx_word' id='word_1_375' title='bbox 2814 2211 3073 2281; x_wconf 85' lang='lat' dir='ltr'><strong>Spiritum</strong></span> <span class='ocrx_word' id='word_1_376' title='bbox 3120 2212 3459 2269; x_wconf 74' lang='lat' dir='ltr'><strong>exhortatio-</strong></span> 
     </span>
    </p>
   </div>
   <div class='ocr_carea' id='block_1_53' title="bbox 1867 2300 3456 2377">
    <p class='ocr_par' dir='ltr' id='par_1_53' title="bbox 1867 2300 3456 2377">
     <span class='ocr_line' id='line_1_53' title="bbox 1867 2300 3456 2377; baseline 0.006 -25"><span class='ocrx_word' id='word_1_377' title='bbox 1867 2300 1973 2361; x_wconf 87' lang='lat' dir='ltr'><strong>nis,</strong></span> <span class='ocrx_word' id='word_1_378' title='bbox 2000 2301 2391 2369; x_wconf 66' lang='lat' dir='ltr'><strong>quaestionibus</strong></span> <span class='ocrx_word' id='word_1_379' title='bbox 2435 2304 2601 2359; x_wconf 89' lang='lat' dir='ltr'><strong>nolite</strong></span> <span class='ocrx_word' id='word_1_380' title='bbox 2641 2308 3009 2375; x_wconf 77' lang='lat' dir='ltr'><strong>exstinguere.</strong></span> <span class='ocrx_word' id='word_1_381' title='bbox 3041 2306 3168 2362; x_wconf 81' lang='lat' dir='ltr'><strong>Sive</strong></span> <span class='ocrx_word' id='word_1_382' title='bbox 3208 2308 3456 2377; x_wconf 83' lang='lat' dir='ltr'><strong>spiritum</strong></span> 
     </span>
    </p>
   </div>
   <div class='ocr_carea' id='block_1_54' title="bbox 1868 2394 3458 2466">
    <p class='ocr_par' dir='ltr' id='par_1_54' title="bbox 1868 2394 3458 2466">
     <span class='ocr_line' id='line_1_54' title="bbox 1868 2394 3458 2466; baseline 0.005 -21"><span class='ocrx_word' id='word_1_383' title='bbox 1868 2405 1969 2461; x_wconf 88' lang='lat' dir='ltr'><strong>pro</strong></span> <span class='ocrx_word' id='word_1_384' title='bbox 2014 2396 2186 2462; x_wconf 83' lang='lat' dir='ltr'><strong>gratia</strong></span> <span class='ocrx_word' id='word_1_385' title='bbox 2220 2394 2519 2465; x_wconf 82' lang='lat' dir='ltr'><strong>linguarum</strong></span> <span class='ocrx_word' id='word_1_386' title='bbox 2555 2398 2755 2466; x_wconf 85' lang='lat' dir='ltr'><strong>posuit,</strong></span> <span class='ocrx_word' id='word_1_387' title='bbox 2788 2400 2927 2453; x_wconf 89' lang='lat' dir='ltr'><strong>sicut</strong></span> <span class='ocrx_word' id='word_1_388' title='bbox 2962 2398 3039 2453; x_wconf 84' lang='lat' dir='ltr'><strong>ait</strong></span> <span class='ocrx_word' id='word_1_389' title='bbox 3068 2417 3083 2451; x_wconf 87' lang='lat'><strong>:</strong></span> <span class='ocrx_word' id='word_1_390' title='bbox 3130 2400 3184 2455; x_wconf 92' lang='lat' dir='ltr'><strong>Si</strong></span> <span class='ocrx_word' id='word_1_391' title='bbox 3228 2414 3458 2453; x_wconf 78' lang='lat' dir='ltr'><strong>oravero</strong></span> 
     </span>
    </p>
   </div>
   <div class='ocr_carea' id='block_1_55' title="bbox 1870 2482 3456 2556">
    <p class='ocr_par' dir='ltr' id='par_1_55' title="bbox 1870 2482 3456 2556">
     <span class='ocr_line' id='line_1_55' title="bbox 1870 2482 3456 2556; baseline 0.006 -20"><span class='ocrx_word' id='word_1_392' title='bbox 1870 2482 2071 2553; x_wconf 79' lang='lat' dir='ltr'><strong>lingua,</strong></span> <span class='ocrx_word' id='word_1_393' title='bbox 2104 2485 2327 2552; x_wconf 75' lang='lat' dir='ltr'><strong>Spiritus</strong></span> <span class='ocrx_word' id='word_1_394' title='bbox 2352 2504 2502 2543; x_wconf 87' lang='lat' dir='ltr'><strong>meus</strong></span> <span class='ocrx_word' id='word_1_395' title='bbox 2544 2500 2683 2544; x_wconf 83' lang='lat' dir='ltr'><strong>orat.</strong></span> <span class='ocrx_word' id='word_1_396' title='bbox 2714 2491 2997 2556; x_wconf 76' lang='lat' dir='ltr'><strong>Quomodo</strong></span> <span class='ocrx_word' id='word_1_397' title='bbox 3047 2493 3208 2546; x_wconf 82' lang='lat' dir='ltr'><strong>etiam</strong></span> <span class='ocrx_word' id='word_1_398' title='bbox 3239 2491 3303 2545; x_wconf 90' lang='lat' dir='ltr'><strong>ad</strong></span> <span class='ocrx_word' id='word_1_399' title='bbox 3349 2490 3456 2545; x_wconf 87' lang='lat' dir='ltr'><strong>Co-</strong></span> 
     </span>
    </p>
   </div>
   <div class='ocr_carea' id='block_1_56' title="bbox 1870 2575 3458 2652">
    <p class='ocr_par' dir='ltr' id='par_1_56' title="bbox 1870 2575 3458 2652">
     <span class='ocr_line' id='line_1_56' title="bbox 1870 2575 3458 2652; baseline 0.007 -25"><span class='ocrx_word' id='word_1_400' title='bbox 1870 2575 2101 2630; x_wconf 89' lang='lat' dir='ltr'><strong>rinthios</strong></span> <span class='ocrx_word' id='word_1_401' title='bbox 2139 2577 2275 2633; x_wconf 87' lang='lat' dir='ltr'><strong>dicit</strong></span> <span class='ocrx_word' id='word_1_402' title='bbox 2307 2600 2319 2635; x_wconf 89' lang='lat'><strong>:</strong></span> <span class='ocrx_word' id='word_1_403' title='bbox 2370 2581 2433 2635; x_wconf 83' lang='lat' dir='ltr'><strong>Et</strong></span> <span class='ocrx_word' id='word_1_404' title='bbox 2479 2581 2623 2651; x_wconf 87' lang='lat' dir='ltr'><strong>loqui</strong></span> <span class='ocrx_word' id='word_1_405' title='bbox 2657 2582 2857 2652; x_wconf 87' lang='lat' dir='ltr'><strong>linguis</strong></span> <span class='ocrx_word' id='word_1_406' title='bbox 2908 2583 3076 2637; x_wconf 82' lang='lat' dir='ltr'><strong>nolite</strong></span> <span class='ocrx_word' id='word_1_407' title='bbox 3115 2583 3405 2652; x_wconf 86' lang='lat' dir='ltr'><strong>prohibere</strong></span> <span class='ocrx_word' id='word_1_408' title='bbox 3444 2601 3458 2638; x_wconf 86' lang='lat'><strong>:</strong></span> 
     </span>
    </p>
   </div>
   <div class='ocr_carea' id='block_1_57' title="bbox 1870 2664 3452 2742">
    <p class='ocr_par' dir='ltr' id='par_1_57' title="bbox 1870 2664 3452 2742">
     <span class='ocr_line' id='line_1_57' title="bbox 1870 2664 3452 2742; baseline 0.006 -23"><span class='ocrx_word' id='word_1_409' title='bbox 1870 2664 1940 2719; x_wconf 82' lang='lat' dir='ltr'><strong>ita</strong></span> <span class='ocrx_word' id='word_1_410' title='bbox 1972 2676 2026 2720; x_wconf 86' lang='lat' dir='ltr'><strong>et</strong></span> <span class='ocrx_word' id='word_1_411' title='bbox 2051 2666 2137 2721; x_wconf 90' lang='lat' dir='ltr'><strong>hic</strong></span> <span class='ocrx_word' id='word_1_412' title='bbox 2158 2669 2405 2737; x_wconf 86' lang='lat' dir='ltr'><strong>spiritum</strong></span> <span class='ocrx_word' id='word_1_413' title='bbox 2432 2686 2541 2724; x_wconf 91' lang='lat' dir='ltr'><strong>non</strong></span> <span class='ocrx_word' id='word_1_414' title='bbox 2572 2672 3023 2742; x_wconf 78' lang='lat' dir='ltr'><strong>exstinguendum</strong></span> <span class='ocrx_word' id='word_1_415' title='bbox 3049 2688 3173 2727; x_wconf 86' lang='lat' dir='ltr'><strong>esse</strong></span> <span class='ocrx_word' id='word_1_416' title='bbox 3203 2683 3452 2729; x_wconf 87' lang='lat' dir='ltr'><strong>testatur.</strong></span> 
     </span>
    </p>
   </div>
   <div class='ocr_carea' id='block_1_58' title="bbox 1943 2757 3460 2836">
    <p class='ocr_par' dir='ltr' id='par_1_58' title="bbox 1943 2757 3460 2836">
     <span class='ocr_line' id='line_1_58' title="bbox 1943 2757 3460 2836; baseline 0.007 -26"><span class='ocrx_word' id='word_1_417' title='bbox 1943 2757 2253 2829; x_wconf 81' lang='lat' dir='ltr'><strong>Prop/tetias</strong></span> <span class='ocrx_word' id='word_1_418' title='bbox 2293 2762 2451 2815; x_wconf 84' lang='lat' dir='ltr'><strong>nolite</strong></span> <span class='ocrx_word' id='word_1_419' title='bbox 2476 2779 2740 2828; x_wconf 85' lang='lat' dir='ltr'><strong>spernere.</strong></span> <span class='ocrx_word' id='word_1_420' title='bbox 2774 2764 2962 2818; x_wconf 83' lang='lat' dir='ltr'><strong>Untnia</strong></span> <span class='ocrx_word' id='word_1_421' title='bbox 2989 2775 3162 2820; x_wconf 88' lang='lat' dir='ltr'><strong>autem</strong></span> <span class='ocrx_word' id='word_1_422' title='bbox 3188 2763 3399 2836; x_wconf 83' lang='lat' dir='ltr'><strong>probate</strong></span> <span class='ocrx_word' id='word_1_423' title='bbox 3440 2781 3460 2820; x_wconf 92' lang='lat'><strong><em>:</em></strong></span> 
     </span>
    </p>
   </div>
   <div class='ocr_carea' id='block_1_59' title="bbox 1868 2852 3464 2927">
    <p class='ocr_par' dir='ltr' id='par_1_59' title="bbox 1868 2852 3464 2927">
     <span class='ocr_line' id='line_1_59' title="bbox 1868 2852 3464 2927; baseline 0.004 -22"><span class='ocrx_word' id='word_1_424' title='bbox 1868 2852 2005 2919; x_wconf 85' lang='lat' dir='ltr'><strong>quod</strong></span> <span class='ocrx_word' id='word_1_425' title='bbox 2045 2853 2239 2907; x_wconf 79' lang='lat' dir='ltr'><strong>bonum</strong></span> <span class='ocrx_word' id='word_1_426' title='bbox 2286 2864 2383 2922; x_wconf 84' lang='lat' dir='ltr'><strong>est,</strong></span> <span class='ocrx_word' id='word_1_427' title='bbox 2426 2864 2594 2909; x_wconf 87' lang='lat' dir='ltr'><strong>tenete</strong></span> <span class='ocrx_word' id='word_1_428' title='bbox 2617 2872 2635 2909; x_wconf 92' lang='lat'><em>:</em></span> <span class='ocrx_word' id='word_1_429' title='bbox 2660 2856 2723 2910; x_wconf 87' lang='lat' dir='ltr'><strong>ab</strong></span> <span class='ocrx_word' id='word_1_430' title='bbox 2771 2857 2909 2910; x_wconf 87' lang='lat' dir='ltr'><strong>omni</strong></span> <span class='ocrx_word' id='word_1_431' title='bbox 2940 2858 3107 2927; x_wconf 86' lang='lat' dir='ltr'><strong>specie</strong></span> <span class='ocrx_word' id='word_1_432' title='bbox 3135 2860 3273 2910; x_wconf 90' lang='lat' dir='ltr'><strong>mala</strong></span> <span class='ocrx_word' id='word_1_433' title='bbox 3303 2857 3464 2911; x_wconf 83' lang='lat' dir='ltr'><strong>absti-</strong></span> 
     </span>
    </p>
   </div>
   <div class='ocr_carea' id='block_1_60' title="bbox 1870 2948 3464 3020">
    <p class='ocr_par' dir='ltr' id='par_1_60' title="bbox 1870 2948 3464 3020">
     <span class='ocr_line' id='line_1_60' title="bbox 1870 2948 3464 3020; baseline 0.004 -23"><span class='ocrx_word' id='word_1_434' title='bbox 1870 2955 1983 2998; x_wconf 84' lang='lat' dir='ltr'><strong>nete</strong></span> <span class='ocrx_word' id='word_1_435' title='bbox 2029 2961 2138 2999; x_wconf 83' lang='lat' dir='ltr'><strong>vos.</strong></span> <span class='ocrx_word' id='word_1_436' title='bbox 2188 2948 2313 3001; x_wconf 84' lang='lat' dir='ltr'><strong>Sive</strong></span> <span class='ocrx_word' id='word_1_437' title='bbox 2354 2950 2532 3003; x_wconf 80' lang='lat' dir='ltr'><strong>futura</strong></span> <span class='ocrx_word' id='word_1_438' title='bbox 2582 2949 2963 3018; x_wconf 67' lang='lat' dir='ltr'><strong>praedicantes,</strong></span> <span class='ocrx_word' id='word_1_439' title='bbox 3017 2952 3132 3005; x_wconf 65' lang='lat' dir='ltr'><strong>sive</strong></span> <span class='ocrx_word' id='word_1_440' title='bbox 3190 2951 3464 3020; x_wconf 72' lang='lat' dir='ltr'><strong>prmterita</strong></span> 
     </span>
    </p>
   </div>
   <div class='ocr_carea' id='block_1_61' title="bbox 1871 3037 3465 3114">
    <p class='ocr_par' dir='ltr' id='par_1_61' title="bbox 1871 3037 3465 3114">
     <span class='ocr_line' id='line_1_61' title="bbox 1871 3037 3465 3114; baseline 0.004 -21"><span class='ocrx_word' id='word_1_441' title='bbox 1871 3037 2201 3095; x_wconf 86' lang='lat' dir='ltr'><strong>disserentes</strong></span> <span class='ocrx_word' id='word_1_442' title='bbox 2234 3058 2245 3091; x_wconf 85' lang='lat'><strong>:</strong></span> <span class='ocrx_word' id='word_1_443' title='bbox 2280 3051 2506 3107; x_wconf 84' lang='lat' dir='ltr'><strong>tantum,</strong></span> <span class='ocrx_word' id='word_1_444' title='bbox 2551 3054 2604 3097; x_wconf 93' lang='lat' dir='ltr'><strong>ut</strong></span> <span class='ocrx_word' id='word_1_445' title='bbox 2647 3043 2918 3114; x_wconf 89' lang='lat' dir='ltr'><strong>probetis,</strong></span> <span class='ocrx_word' id='word_1_446' title='bbox 2951 3045 2996 3100; x_wconf 90' lang='lat' dir='ltr'><strong>si</strong></span> <span class='ocrx_word' id='word_1_447' title='bbox 3047 3043 3147 3114; x_wconf 79' lang='lat' dir='ltr'><strong>legi</strong></span> <span class='ocrx_word' id='word_1_448' title='bbox 3187 3060 3292 3098; x_wconf 90' lang='lat' dir='ltr'><strong>non</strong></span> <span class='ocrx_word' id='word_1_449' title='bbox 3337 3054 3465 3099; x_wconf 89' lang='lat' dir='ltr'><strong>sunt</strong></span> 
     </span>
    </p>
   </div>
   <div class='ocr_carea' id='block_1_62' title="bbox 160 3126 3464 3206">
    <p class='ocr_par' dir='ltr' id='par_1_62' title="bbox 160 3126 3464 3206">
     <span class='ocr_line' id='line_1_62' title="bbox 160 3126 3464 3206; baseline 0.003 -22"><span class='ocrx_word' id='word_1_450' title='bbox 160 3132 415 3186; x_wconf 70' lang='lat' dir='ltr'><strong>vivamus.</strong></span> <span class='ocrx_word' id='word_1_451' title='bbox 466 3130 534 3187; x_wconf 92' lang='lat' dir='ltr'><strong>Ut</strong></span> <span class='ocrx_word' id='word_1_452' title='bbox 565 3132 680 3186; x_wconf 76' lang='lat' dir='ltr'><strong>sive</strong></span> <span class='ocrx_word' id='word_1_453' title='bbox 723 3132 775 3195; x_wconf 85' lang='lat' dir='ltr'><strong>in</strong></span> <span class='ocrx_word' id='word_1_454' title='bbox 812 3145 1061 3200; x_wconf 84' lang='lat' dir='ltr'><strong>corpore,</strong></span> <span class='ocrx_word' id='word_1_455' title='bbox 1101 3131 1217 3185; x_wconf 84' lang='lat' dir='ltr'><strong>sive</strong></span> <span class='ocrx_word' id='word_1_456' title='bbox 1264 3138 1416 3185; x_wconf 80' lang='lat' dir='ltr'><strong>extra</strong></span> <span class='ocrx_word' id='word_1_457' title='bbox 1447 3145 1648 3201; x_wconf 89' lang='lat' dir='ltr'><strong>corpus</strong></span> <span class='ocrx_word' id='word_1_458' title='bbox 1687 3130 1767 3184; x_wconf 87' lang='lat' dir='ltr'><strong>in-</strong></span> <span class='ocrx_word' id='word_1_459' title='bbox 1794 3126 1836 3194; x_wconf 66' lang='grc' dir='ltr'><strong>(ζ</strong></span> <span class='ocrx_word' id='word_1_460' title='bbox 1871 3133 2168 3198; x_wconf 76' lang='lat' dir='ltr'><strong>Contraria,</strong></span> <span class='ocrx_word' id='word_1_461' title='bbox 2199 3148 2319 3203; x_wconf 67' lang='lat' dir='ltr'><strong>quae</strong></span> <span class='ocrx_word' id='word_1_462' title='bbox 2354 3134 2608 3190; x_wconf 88' lang='lat' dir='ltr'><strong>dicuntur</strong></span> <span class='ocrx_word' id='word_1_463' title='bbox 2640 3153 2653 3190; x_wconf 90' lang='lat'><strong>:</strong></span> <span class='ocrx_word' id='word_1_464' title='bbox 2682 3136 2728 3190; x_wconf 88' lang='lat' dir='ltr'><strong>si</strong></span> <span class='ocrx_word' id='word_1_465' title='bbox 2766 3135 2893 3206; x_wconf 89' lang='lat' dir='ltr'><strong>quid</strong></span> <span class='ocrx_word' id='word_1_466' title='bbox 2950 3137 3057 3191; x_wconf 87' lang='lat' dir='ltr'><strong>tale</strong></span> <span class='ocrx_word' id='word_1_467' title='bbox 3098 3135 3283 3205; x_wconf 85' lang='lat' dir='ltr'><strong>fuerit,</strong></span> <span class='ocrx_word' id='word_1_468' title='bbox 3313 3136 3464 3193; x_wconf 82' lang='lat' dir='ltr'><strong>refu-</strong></span> 
     </span>
    </p>
   </div>
   <div class='ocr_carea' id='block_1_63' title="bbox 158 3226 1339 3294">
    <p class='ocr_par' dir='ltr' id='par_1_63' title="bbox 158 3226 1339 3294">
     <span class='ocr_line' id='line_1_63' title="bbox 158 3226 1339 3294; baseline -0.002 -15"><span class='ocrx_word' id='word_1_469' title='bbox 158 3227 470 3291; x_wconf 77' lang='lat' dir='ltr'><strong>veniamur,</strong></span> <span class='ocrx_word' id='word_1_470' title='bbox 504 3240 725 3294; x_wconf 80' lang='lat' dir='ltr'><strong>semper</strong></span> <span class='ocrx_word' id='word_1_471' title='bbox 753 3239 875 3287; x_wconf 82' lang='lat' dir='ltr'><strong>cum</strong></span> <span class='ocrx_word' id='word_1_472' title='bbox 911 3226 1030 3293; x_wconf 88' lang='lat' dir='ltr'><strong>ipso</strong></span> <span class='ocrx_word' id='word_1_473' title='bbox 1064 3227 1339 3280; x_wconf 83' lang='lat' dir='ltr'><strong>vivamus.</strong></span> 
     </span>
    </p>
   </div>
   <div class='ocr_carea' id='block_1_64' title="bbox 232 3314 1767 3387">
    <p class='ocr_par' dir='ltr' id='par_1_64' title="bbox 232 3314 1767 3387">
     <span class='ocr_line' id='line_1_64' title="bbox 232 3314 1767 3387; baseline 0 -17"><span class='ocrx_word' id='word_1_474' title='bbox 232 3315 465 3387; x_wconf 84' lang='lat' dir='ltr'><strong>Propter</strong></span> <span class='ocrx_word' id='word_1_475' title='bbox 490 3316 628 3387; x_wconf 87' lang='lat' dir='ltr'><strong>quod</strong></span> <span class='ocrx_word' id='word_1_476' title='bbox 652 3316 998 3371; x_wconf 89' lang='lat' dir='ltr'><strong>consolamini</strong></span> <span class='ocrx_word' id='word_1_477' title='bbox 1021 3316 1258 3380; x_wconf 81' lang='lat' dir='ltr'><strong>invicem,</strong></span> <span class='ocrx_word' id='word_1_478' title='bbox 1276 3325 1320 3370; x_wconf 86' lang='lat' dir='ltr'><strong>et</strong></span> <span class='ocrx_word' id='word_1_479' title='bbox 1333 3315 1587 3384; x_wconf 65' lang='lat' dir='ltr'><strong>aediﬁcato</strong></span> <span class='ocrx_word' id='word_1_480' title='bbox 1614 3314 1767 3370; x_wconf 79' lang='lat' dir='ltr'><strong>alter-</strong></span> 
     </span>
    </p>
   </div>
   <div class='ocr_carea' id='block_1_65' title="bbox 156 3407 1767 3479">
    <p class='ocr_par' dir='ltr' id='par_1_65' title="bbox 156 3407 1767 3479">
     <span class='ocr_line' id='line_1_65' title="bbox 156 3407 1767 3479; baseline -0.001 -17"><span class='ocrx_word' id='word_1_481' title='bbox 156 3420 360 3477; x_wconf 86' lang='lat' dir='ltr'><strong>utrum,</strong></span> <span class='ocrx_word' id='word_1_482' title='bbox 417 3411 547 3463; x_wconf 79' lang='lat' dir='ltr'><strong>sicut</strong></span> <span class='ocrx_word' id='word_1_483' title='bbox 593 3419 641 3462; x_wconf 90' lang='lat' dir='ltr'><strong>et</strong></span> <span class='ocrx_word' id='word_1_484' title='bbox 679 3408 871 3479; x_wconf 86' lang='lat' dir='ltr'><strong>facitis.</strong></span> <span class='ocrx_word' id='word_1_485' title='bbox 912 3407 1243 3475; x_wconf 71' lang='lat' dir='ltr'><strong>Notandum,</strong></span> <span class='ocrx_word' id='word_1_486' title='bbox 1290 3407 1414 3478; x_wconf 88' lang='lat' dir='ltr'><strong>quia</strong></span> <span class='ocrx_word' id='word_1_487' title='bbox 1470 3407 1572 3462; x_wconf 89' lang='lat' dir='ltr'><strong>hoc</strong></span> <span class='ocrx_word' id='word_1_488' title='bbox 1614 3407 1767 3461; x_wconf 86' lang='lat' dir='ltr'><strong>laicis</strong></span> 
     </span>
    </p>
   </div>
   <div class='ocr_carea' id='block_1_66' title="bbox 158 3498 1767 3571">
    <p class='ocr_par' dir='ltr' id='par_1_66' title="bbox 158 3498 1767 3571">
     <span class='ocr_line' id='line_1_66' title="bbox 158 3498 1767 3571; baseline 0.002 -20"><span class='ocrx_word' id='word_1_489' title='bbox 158 3500 410 3570; x_wconf 65' lang='lat' dir='ltr'><strong>principii</strong></span> <span class='ocrx_word' id='word_1_490' title='bbox 447 3516 627 3571; x_wconf 88' lang='lat' dir='ltr'><strong>:quos</strong></span> <span class='ocrx_word' id='word_1_491' title='bbox 671 3500 831 3557; x_wconf 86' lang='lat' dir='ltr'><strong>etiam</strong></span> <span class='ocrx_word' id='word_1_492' title='bbox 865 3510 1069 3562; x_wconf 81' lang='lat' dir='ltr'><strong>inouet,</strong></span> <span class='ocrx_word' id='word_1_493' title='bbox 1119 3508 1175 3555; x_wconf 84' lang='lat' dir='ltr'><strong>ut</strong></span> <span class='ocrx_word' id='word_1_494' title='bbox 1206 3498 1460 3554; x_wconf 86' lang='lat' dir='ltr'><strong>smdeant</strong></span> <span class='ocrx_word' id='word_1_495' title='bbox 1507 3498 1767 3555; x_wconf 74' lang='lat' dir='ltr'><strong>exhibere</strong></span> 
     </span>
    </p>
   </div>
   <div class='ocr_carea' id='block_1_67' title="bbox 154 3591 681 3649">
    <p class='ocr_par' dir='ltr' id='par_1_67' title="bbox 154 3591 681 3649">
     <span class='ocr_line' id='line_1_67' title="bbox 154 3591 681 3649; baseline 0.002 -4"><span class='ocrx_word' id='word_1_496' title='bbox 154 3592 340 3647; x_wconf 80' lang='lat' dir='ltr'><strong>ollieia</strong></span> <span class='ocrx_word' id='word_1_497' title='bbox 372 3591 681 3649; x_wconf 84' lang='lat' dir='ltr'><strong>charitatis.</strong></span> 
     </span>
    </p>
   </div>
   <div class='ocr_carea' id='block_1_68' title="bbox 232 3682 1771 3757">
    <p class='ocr_par' dir='ltr' id='par_1_68' title="bbox 232 3682 1771 3757">
     <span class='ocr_line' id='line_1_68' title="bbox 232 3682 1771 3757; baseline -0.001 -19"><span class='ocrx_word' id='word_1_498' title='bbox 232 3685 508 3757; x_wconf 76' lang='lat' dir='ltr'><strong>Rogamus</strong></span> <span class='ocrx_word' id='word_1_499' title='bbox 537 3694 708 3739; x_wconf 84' lang='lat' dir='ltr'><strong>autem</strong></span> <span class='ocrx_word' id='word_1_500' title='bbox 750 3700 857 3750; x_wconf 85' lang='lat' dir='ltr'><strong>vos,</strong></span> <span class='ocrx_word' id='word_1_501' title='bbox 890 3682 1103 3754; x_wconf 81' lang='lat' dir='ltr'><strong>fratres,</strong></span> <span class='ocrx_word' id='word_1_502' title='bbox 1144 3692 1197 3737; x_wconf 88' lang='lat' dir='ltr'><strong>ut</strong></span> <span class='ocrx_word' id='word_1_503' title='bbox 1244 3684 1488 3739; x_wconf 83' lang='lat' dir='ltr'><strong>noveritis</strong></span> <span class='ocrx_word' id='word_1_504' title='bbox 1520 3700 1628 3750; x_wconf 89' lang='lat' dir='ltr'><strong>eos,</strong></span> <span class='ocrx_word' id='word_1_505' title='bbox 1681 3682 1771 3753; x_wconf 87' lang='lat' dir='ltr'><strong>qui</strong></span> 
     </span>
    </p>
   </div>
   <div class='ocr_carea' id='block_1_69' title="bbox 154 3774 1672 3845">
    <p class='ocr_par' dir='ltr' id='par_1_69' title="bbox 154 3774 1672 3845">
     <span class='ocr_line' id='line_1_69' title="bbox 154 3774 1672 3845; baseline -0.001 -15"><span class='ocrx_word' id='word_1_506' title='bbox 154 3777 405 3834; x_wconf 86' lang='lat' dir='ltr'><strong>laborant</strong></span> <span class='ocrx_word' id='word_1_507' title='bbox 439 3779 575 3832; x_wconf 90' lang='lat' dir='ltr'><strong>inter</strong></span> <span class='ocrx_word' id='word_1_508' title='bbox 600 3792 709 3831; x_wconf 82' lang='lat' dir='ltr'><strong>ros.</strong></span> <span class='ocrx_word' id='word_1_509' title='bbox 742 3774 810 3831; x_wconf 90' lang='lat' dir='ltr'><strong>Ut</strong></span> <span class='ocrx_word' id='word_1_510' title='bbox 834 3775 1152 3845; x_wconf 77' lang='lat' dir='ltr'><strong>ittlelligatis</strong></span> <span class='ocrx_word' id='word_1_511' title='bbox 1182 3775 1424 3831; x_wconf 87' lang='lat' dir='ltr'><strong>laborem</strong></span> <span class='ocrx_word' id='word_1_512' title='bbox 1459 3791 1672 3831; x_wconf 89' lang='lat' dir='ltr'><strong>eormn.</strong></span> 
     </span>
    </p>
   </div>
   <div class='ocr_carea' id='block_1_70' title="bbox 230 3868 1764 3942">
    <p class='ocr_par' dir='ltr' id='par_1_70' title="bbox 230 3868 1764 3942">
     <span class='ocr_line' id='line_1_70' title="bbox 230 3868 1764 3942; baseline 0.001 -18"><span class='ocrx_word' id='word_1_513' title='bbox 230 3870 299 3925; x_wconf 85' lang='lat' dir='ltr'><strong>Et</strong></span> <span class='ocrx_word' id='word_1_514' title='bbox 342 3878 585 3942; x_wconf 64' lang='lat' dir='ltr'><strong>praesunt</strong></span> <span class='ocrx_word' id='word_1_515' title='bbox 616 3869 755 3924; x_wconf 78' lang='lat' dir='ltr'><strong>vobis</strong></span> <span class='ocrx_word' id='word_1_516' title='bbox 781 3870 835 3923; x_wconf 88' lang='lat' dir='ltr'><strong>in</strong></span> <span class='ocrx_word' id='word_1_517' title='bbox 867 3868 1111 3933; x_wconf 88' lang='lat' dir='ltr'><strong>Domino,</strong></span> <span class='ocrx_word' id='word_1_518' title='bbox 1138 3877 1185 3922; x_wconf 84' lang='lat' dir='ltr'><strong>et</strong></span> <span class='ocrx_word' id='word_1_519' title='bbox 1208 3880 1412 3923; x_wconf 88' lang='lat' dir='ltr'><strong>monent</strong></span> <span class='ocrx_word' id='word_1_520' title='bbox 1440 3884 1547 3923; x_wconf 79' lang='lat' dir='ltr'><strong>vos.</strong></span> <span class='ocrx_word' id='word_1_521' title='bbox 1576 3870 1764 3925; x_wconf 76' lang='lat' dir='ltr'><strong>Exem-</strong></span> 
     </span>
    </p>
   </div>
   <div class='ocr_carea' id='block_1_71' title="bbox 153 3961 1765 4035">
    <p class='ocr_par' dir='ltr' id='par_1_71' title="bbox 153 3961 1765 4035">
     <span class='ocr_line' id='line_1_71' title="bbox 153 3961 1765 4035; baseline -0.002 -16"><span class='ocrx_word' id='word_1_522' title='bbox 153 3966 243 4035; x_wconf 92' lang='lat' dir='ltr'><strong>plo</strong></span> <span class='ocrx_word' id='word_1_523' title='bbox 271 3964 537 4033; x_wconf 66' lang='lat' dir='ltr'><strong>iustitia},</strong></span> <span class='ocrx_word' id='word_1_524' title='bbox 566 3978 674 4017; x_wconf 90' lang='lat' dir='ltr'><strong>non</strong></span> <span class='ocrx_word' id='word_1_525' title='bbox 708 3968 972 4031; x_wconf 82' lang='lat' dir='ltr'><strong>potestate</strong></span> <span class='ocrx_word' id='word_1_526' title='bbox 997 3970 1232 4024; x_wconf 87' lang='lat' dir='ltr'><strong>terrena,</strong></span> <span class='ocrx_word' id='word_1_527' title='bbox 1268 3961 1413 4015; x_wconf 76' lang='lat' dir='ltr'><strong>sit-ut</strong></span> <span class='ocrx_word' id='word_1_528' title='bbox 1442 3964 1519 4014; x_wconf 88' lang='lat' dir='ltr'><strong>ait</strong></span> <span class='ocrx_word' id='word_1_529' title='bbox 1549 3961 1765 4017; x_wconf 87' lang='lat' dir='ltr'><strong>Petrus.</strong></span> 
     </span>
    </p>
   </div>
   <div class='ocr_carea' id='block_1_72' title="bbox 228 4052 1771 4127">
    <p class='ocr_par' dir='ltr' id='par_1_72' title="bbox 228 4052 1771 4127">
     <span class='ocr_line' id='line_1_72' title="bbox 228 4052 1771 4127; baseline -0.003 -14"><span class='ocrx_word' id='word_1_530' title='bbox 228 4056 297 4113; x_wconf 89' lang='lat' dir='ltr'><strong>Ut</strong></span> <span class='ocrx_word' id='word_1_531' title='bbox 324 4057 570 4111; x_wconf 86' lang='lat' dir='ltr'><strong>habeatis</strong></span> <span class='ocrx_word' id='word_1_532' title='bbox 610 4055 730 4108; x_wconf 86' lang='lat' dir='ltr'><strong>illos</strong></span> <span class='ocrx_word' id='word_1_533' title='bbox 760 4052 1112 4107; x_wconf 79' lang='lat' dir='ltr'><strong>abundantius</strong></span> <span class='ocrx_word' id='word_1_534' title='bbox 1136 4054 1189 4105; x_wconf 91' lang='lat' dir='ltr'><strong>in</strong></span> <span class='ocrx_word' id='word_1_535' title='bbox 1235 4054 1513 4120; x_wconf 85' lang='lat' dir='ltr'><strong>charitate,</strong></span> <span class='ocrx_word' id='word_1_536' title='bbox 1551 4066 1771 4127; x_wconf 87' lang='lat' dir='ltr'><strong>propter</strong></span> 
     </span>
    </p>
   </div>
   <div class='ocr_carea' id='block_1_73' title="bbox 153 4144 1769 4222">
    <p class='ocr_par' dir='ltr' id='par_1_73' title="bbox 153 4144 1769 4222">
     <span class='ocr_line' id='line_1_73' title="bbox 153 4144 1769 4222; baseline -0.001 -18"><span class='ocrx_word' id='word_1_537' title='bbox 153 4167 282 4222; x_wconf 80' lang='lat' dir='ltr'><strong>Opas</strong></span> <span class='ocrx_word' id='word_1_538' title='bbox 331 4150 581 4209; x_wconf 88' lang='lat' dir='ltr'><strong>illorum,</strong></span> <span class='ocrx_word' id='word_1_539' title='bbox 622 4156 668 4200; x_wconf 87' lang='lat' dir='ltr'><strong>et</strong></span> <span class='ocrx_word' id='word_1_540' title='bbox 700 4161 877 4214; x_wconf 87' lang='lat' dir='ltr'><strong>pacem</strong></span> <span class='ocrx_word' id='word_1_541' title='bbox 919 4144 1104 4199; x_wconf 81' lang='lat' dir='ltr'><strong>habete</strong></span> <span class='ocrx_word' id='word_1_542' title='bbox 1147 4162 1264 4201; x_wconf 88' lang='lat' dir='ltr'><strong>cum</strong></span> <span class='ocrx_word' id='word_1_543' title='bbox 1308 4147 1402 4201; x_wconf 88' lang='lat' dir='ltr'><strong>eis.</strong></span> <span class='ocrx_word' id='word_1_544' title='bbox 1458 4146 1769 4217; x_wconf 78' lang='lat' dir='ltr'><strong>Presbyteri</strong></span> 
     </span>
    </p>
   </div>
   <div class='ocr_carea' id='block_1_74' title="bbox 152 4235 1769 4310">
    <p class='ocr_par' dir='ltr' id='par_1_74' title="bbox 152 4235 1769 4310">
     <span class='ocr_line' id='line_1_74' title="bbox 152 4235 1769 4310; baseline 0.002 -16"><span class='ocrx_word' id='word_1_545' title='bbox 152 4241 241 4310; x_wconf 87' lang='lat' dir='ltr'><strong>qui</strong></span> <span class='ocrx_word' id='word_1_546' title='bbox 274 4240 549 4297; x_wconf 82' lang='lat' dir='ltr'><strong>laborant</strong></span> <span class='ocrx_word' id='word_1_547' title='bbox 572 4236 625 4291; x_wconf 91' lang='lat' dir='ltr'><strong>in</strong></span> <span class='ocrx_word' id='word_1_548' title='bbox 648 4238 842 4301; x_wconf 88' lang='lat' dir='ltr'><strong>verbo,</strong></span> <span class='ocrx_word' id='word_1_549' title='bbox 874 4235 1170 4304; x_wconf 81' lang='lat' dir='ltr'><strong>dupliciter</strong></span> <span class='ocrx_word' id='word_1_550' title='bbox 1202 4236 1501 4293; x_wconf 86' lang='lat' dir='ltr'><strong>honorandi</strong></span> <span class='ocrx_word' id='word_1_551' title='bbox 1533 4252 1680 4305; x_wconf 91' lang='lat' dir='ltr'><strong>sunt,</strong></span> <span class='ocrx_word' id='word_1_552' title='bbox 1716 4240 1769 4297; x_wconf 89' lang='lat' dir='ltr'><strong>id</strong></span> 
     </span>
    </p>
   </div>
   <div class='ocr_carea' id='block_1_75' title="bbox 142 4308 1515 4400">
    <p class='ocr_par' dir='ltr' id='par_1_75' title="bbox 142 4308 1515 4400">
     <span class='ocr_line' id='line_1_75' title="bbox 142 4308 1515 4400; baseline -0.003 -13"><span class='ocrx_word' id='word_1_553' title='bbox 142 4308 187 4387; x_wconf 65' lang='lat' dir='ltr'><strong>&#39;é</strong></span> <span class='ocrx_word' id='word_1_554' title='bbox 223 4341 263 4400; x_wconf 87' lang='lat' dir='ltr'><strong>t,</strong></span> <span class='ocrx_word' id='word_1_555' title='bbox 299 4328 602 4388; x_wconf 76' lang='lat' dir='ltr'><strong>ebnritatis</strong></span> <span class='ocrx_word' id='word_1_556' title='bbox 631 4327 889 4400; x_wconf 91' lang='lat' dir='ltr'><strong>obsequio</strong></span> <span class='ocrx_word' id='word_1_557' title='bbox 915 4336 973 4382; x_wconf 90' lang='lat' dir='ltr'><strong>et</strong></span> <span class='ocrx_word' id='word_1_558' title='bbox 1001 4326 1207 4383; x_wconf 82' lang='lat' dir='ltr'><strong>ordinis</strong></span> <span class='ocrx_word' id='word_1_559' title='bbox 1234 4328 1515 4399; x_wconf 81' lang='lat' dir='ltr'><strong>dignitate.</strong></span> 
     </span>
    </p>
   </div>
   <div class='ocr_carea' id='block_1_76' title="bbox 224 4422 1769 4497">
    <p class='ocr_par' dir='ltr' id='par_1_76' title="bbox 224 4422 1769 4497">
     <span class='ocr_line' id='line_1_76' title="bbox 224 4422 1769 4497; baseline 0.001 -17"><span class='ocrx_word' id='word_1_560' title='bbox 224 4425 515 4497; x_wconf 81' lang='lat' dir='ltr'><strong>Rogamus</strong></span> <span class='ocrx_word' id='word_1_561' title='bbox 570 4429 744 4475; x_wconf 87' lang='lat' dir='ltr'><strong>autem</strong></span> <span class='ocrx_word' id='word_1_562' title='bbox 787 4436 893 4487; x_wconf 81' lang='lat' dir='ltr'><strong>vos,</strong></span> <span class='ocrx_word' id='word_1_563' title='bbox 949 4422 1161 4493; x_wconf 81' lang='lat' dir='ltr'><strong>fratres,</strong></span> <span class='ocrx_word' id='word_1_564' title='bbox 1204 4423 1447 4495; x_wconf 86' lang='lat' dir='ltr'><strong>corripite</strong></span> <span class='ocrx_word' id='word_1_565' title='bbox 1488 4424 1769 4493; x_wconf 87' lang='lat' dir='ltr'><strong>inquietos,</strong></span> 
     </span>
    </p>
   </div>
   <div class='ocr_carea' id='block_1_77' title="bbox 1873 3230 2006 3278">
    <p class='ocr_par' dir='ltr' id='par_1_77' title="bbox 1873 3230 2006 3278">
     <span class='ocr_line' id='line_1_77' title="bbox 1873 3230 2006 3278; baseline 0.015 -2"><span class='ocrx_word' id='word_1_566' title='bbox 1873 3230 2006 3278; x_wconf 86' lang='lat' dir='ltr'><strong>tate.</strong></span> 
     </span>
    </p>
   </div>
   <div class='ocr_carea' id='block_1_78' title="bbox 1944 3314 3461 3390">
    <p class='ocr_par' dir='ltr' id='par_1_78' title="bbox 1944 3314 3461 3390">
     <span class='ocr_line' id='line_1_78' title="bbox 1944 3314 3461 3390; baseline 0.007 -23"><span class='ocrx_word' id='word_1_567' title='bbox 1944 3314 2069 3385; x_wconf 82' lang='lat' dir='ltr'><strong>Ipse</strong></span> <span class='ocrx_word' id='word_1_568' title='bbox 2099 3326 2271 3373; x_wconf 80' lang='lat' dir='ltr'><strong>autem</strong></span> <span class='ocrx_word' id='word_1_569' title='bbox 2298 3314 2441 3373; x_wconf 89' lang='lat' dir='ltr'><strong>Deus</strong></span> <span class='ocrx_word' id='word_1_570' title='bbox 2470 3320 2635 3390; x_wconf 84' lang='lat' dir='ltr'><strong>pacis.</strong></span> <span class='ocrx_word' id='word_1_571' title='bbox 2679 3319 2780 3388; x_wconf 88' lang='lat' dir='ltr'><strong>Qui</strong></span> <span class='ocrx_word' id='word_1_572' title='bbox 2806 3320 2986 3375; x_wconf 89' lang='lat' dir='ltr'><strong>omnia</strong></span> <span class='ocrx_word' id='word_1_573' title='bbox 3022 3320 3273 3389; x_wconf 72' lang='lat' dir='ltr'><strong>sustinet,</strong></span> <span class='ocrx_word' id='word_1_574' title='bbox 3296 3322 3461 3377; x_wconf 87' lang='lat' dir='ltr'><strong>etiam</strong></span> 
     </span>
    </p>
   </div>
   <div class='ocr_carea' id='block_1_79' title="bbox 1872 3404 2333 3475">
    <p class='ocr_par' dir='ltr' id='par_1_79' title="bbox 1872 3404 2333 3475">
     <span class='ocr_line' id='line_1_79' title="bbox 1872 3404 2333 3475; baseline 0.009 -16"><span class='ocrx_word' id='word_1_575' title='bbox 1872 3404 2333 3475; x_wconf 84' lang='lat' dir='ltr'><strong>blasphemantes.</strong></span> 
     </span>
    </p>
   </div>
   <div class='ocr_carea' id='block_1_80' title="bbox 1946 3498 3460 3573">
    <p class='ocr_par' dir='ltr' id='par_1_80' title="bbox 1946 3498 3460 3573">
     <span class='ocr_line' id='line_1_80' title="bbox 1946 3498 3460 3573; baseline 0.005 -19"><span class='ocrx_word' id='word_1_576' title='bbox 1946 3498 2245 3569; x_wconf 76' lang='lat' dir='ltr'><strong>Sancti/ieci</strong></span> <span class='ocrx_word' id='word_1_577' title='bbox 2268 3517 2353 3555; x_wconf 85' lang='lat' dir='ltr'><strong>vos</strong></span> <span class='ocrx_word' id='word_1_578' title='bbox 2373 3518 2464 3573; x_wconf 88' lang='lat' dir='ltr'><strong>per</strong></span> <span class='ocrx_word' id='word_1_579' title='bbox 2480 3503 2671 3555; x_wconf 89' lang='lat' dir='ltr'><strong>omnia.</strong></span> <span class='ocrx_word' id='word_1_580' title='bbox 2693 3502 2818 3558; x_wconf 89' lang='lat' dir='ltr'><strong>Sive</strong></span> <span class='ocrx_word' id='word_1_581' title='bbox 2840 3505 3032 3573; x_wconf 72' lang='lat' dir='ltr'><strong>gratia,</strong></span> <span class='ocrx_word' id='word_1_582' title='bbox 3055 3506 3171 3561; x_wconf 85' lang='lat' dir='ltr'><strong>sive</strong></span> <span class='ocrx_word' id='word_1_583' title='bbox 3188 3504 3460 3562; x_wconf 85' lang='lat' dir='ltr'><strong>doctrina.</strong></span> 
     </span>
    </p>
   </div>
   <div class='ocr_carea' id='block_1_81' title="bbox 1948 3592 3461 3673">
    <p class='ocr_par' dir='ltr' id='par_1_81' title="bbox 1948 3592 3461 3673">
     <span class='ocr_line' id='line_1_81' title="bbox 1948 3592 3461 3673; baseline 0.007 -26"><span class='ocrx_word' id='word_1_584' title='bbox 1948 3592 2015 3647; x_wconf 89' lang='lat' dir='ltr'><strong>Ut</strong></span> <span class='ocrx_word' id='word_1_585' title='bbox 2070 3595 2271 3664; x_wconf 85' lang='lat' dir='ltr'><strong>integer</strong></span> <span class='ocrx_word' id='word_1_586' title='bbox 2326 3597 2542 3664; x_wconf 85' lang='lat' dir='ltr'><strong>spiritus</strong></span> <span class='ocrx_word' id='word_1_587' title='bbox 2586 3607 2769 3664; x_wconf 80' lang='lat' dir='ltr'><strong>vester,</strong></span> <span class='ocrx_word' id='word_1_588' title='bbox 2818 3609 2867 3651; x_wconf 88' lang='lat' dir='ltr'><strong>et</strong></span> <span class='ocrx_word' id='word_1_589' title='bbox 2915 3600 3107 3665; x_wconf 85' lang='lat' dir='ltr'><strong>anima,</strong></span> <span class='ocrx_word' id='word_1_590' title='bbox 3159 3610 3209 3655; x_wconf 87' lang='lat' dir='ltr'><strong>et</strong></span> <span class='ocrx_word' id='word_1_591' title='bbox 3251 3617 3461 3673; x_wconf 88' lang='lat' dir='ltr'><strong>corpus.</strong></span> 
     </span>
    </p>
   </div>
   <div class='ocr_carea' id='block_1_82' title="bbox 1872 3683 3463 3766">
    <p class='ocr_par' dir='ltr' id='par_1_82' title="bbox 1872 3683 3463 3766">
     <span class='ocr_line' id='line_1_82' title="bbox 1872 3683 3463 3766; baseline 0.007 -26"><span class='ocrx_word' id='word_1_592' title='bbox 1872 3683 2057 3740; x_wconf 79' lang='lat' dir='ltr'><strong>Gratia</strong></span> <span class='ocrx_word' id='word_1_593' title='bbox 2104 3686 2327 3754; x_wconf 81' lang='lat' dir='ltr'><strong>Spiritus</strong></span> <span class='ocrx_word' id='word_1_594' title='bbox 2362 3689 2609 3758; x_wconf 87' lang='lat' dir='ltr'><strong>quamvis</strong></span> <span class='ocrx_word' id='word_1_595' title='bbox 2664 3688 2718 3744; x_wconf 91' lang='lat' dir='ltr'><strong>iu</strong></span> <span class='ocrx_word' id='word_1_596' title='bbox 2762 3706 2821 3746; x_wconf 89' lang='lat' dir='ltr'><strong>se</strong></span> <span class='ocrx_word' id='word_1_597' title='bbox 2859 3708 3077 3762; x_wconf 85' lang='lat' dir='ltr'><strong>semper</strong></span> <span class='ocrx_word' id='word_1_598' title='bbox 3127 3696 3332 3765; x_wconf 69' lang='lat' dir='ltr'><strong>integra</strong></span> <span class='ocrx_word' id='word_1_599' title='bbox 3365 3696 3463 3766; x_wconf 84' lang='lat' dir='ltr'><strong>sit,</strong></span> 
     </span>
    </p>
   </div>
   <div class='ocr_carea' id='block_1_83' title="bbox 1874 3781 3463 3861">
    <p class='ocr_par' dir='ltr' id='par_1_83' title="bbox 1874 3781 3463 3861">
     <span class='ocr_line' id='line_1_83' title="bbox 1874 3781 3463 3861; baseline 0.009 -29"><span class='ocrx_word' id='word_1_600' title='bbox 1874 3793 1979 3835; x_wconf 88' lang='lat' dir='ltr'><strong>non</strong></span> <span class='ocrx_word' id='word_1_601' title='bbox 2012 3788 2186 3835; x_wconf 85' lang='lat' dir='ltr'><strong>tamen</strong></span> <span class='ocrx_word' id='word_1_602' title='bbox 2232 3781 2283 3836; x_wconf 94' lang='lat' dir='ltr'><strong>in</strong></span> <span class='ocrx_word' id='word_1_603' title='bbox 2330 3782 2491 3837; x_wconf 89' lang='lat' dir='ltr'><strong>nobis</strong></span> <span class='ocrx_word' id='word_1_604' title='bbox 2534 3785 2760 3854; x_wconf 74' lang='lat' dir='ltr'><strong>integra,</strong></span> <span class='ocrx_word' id='word_1_605' title='bbox 2813 3786 2917 3840; x_wconf 92' lang='lat' dir='ltr'><strong>nisi</strong></span> <span class='ocrx_word' id='word_1_606' title='bbox 2968 3787 3037 3842; x_wconf 89' lang='lat' dir='ltr'><strong>ab</strong></span> <span class='ocrx_word' id='word_1_607' title='bbox 3089 3789 3314 3861; x_wconf 77' lang='lat' dir='ltr'><strong>integris</strong></span> <span class='ocrx_word' id='word_1_608' title='bbox 3363 3789 3463 3847; x_wconf 86' lang='lat' dir='ltr'><strong>ha-</strong></span> 
     </span>
    </p>
   </div>
   <div class='ocr_carea' id='block_1_84' title="bbox 1873 3871 2081 3927">
    <p class='ocr_par' dir='ltr' id='par_1_84' title="bbox 1873 3871 2081 3927">
     <span class='ocr_line' id='line_1_84' title="bbox 1873 3871 2081 3927; baseline -0.01 0"><span class='ocrx_word' id='word_1_609' title='bbox 1873 3871 2081 3927; x_wconf 85' lang='lat' dir='ltr'><strong>bealur.</strong></span> 
     </span>
    </p>
   </div>
   <div class='ocr_carea' id='block_1_85' title="bbox 1945 3965 3466 4037">
    <p class='ocr_par' dir='ltr' id='par_1_85' title="bbox 1945 3965 3466 4037">
     <span class='ocr_line' id='line_1_85' title="bbox 1945 3965 3466 4037; baseline 0.007 -15"><span class='ocrx_word' id='word_1_610' title='bbox 1945 3967 2074 4022; x_wconf 88' lang='lat' dir='ltr'><strong>Sine</strong></span> <span class='ocrx_word' id='word_1_611' title='bbox 2096 3965 2309 4037; x_wconf 85' lang='lat' dir='ltr'><strong>querela</strong></span> <span class='ocrx_word' id='word_1_612' title='bbox 2350 3968 2403 4023; x_wconf 90' lang='lat' dir='ltr'><strong>in</strong></span> <span class='ocrx_word' id='word_1_613' title='bbox 2434 3969 2652 4023; x_wconf 84' lang='lat' dir='ltr'><strong>aduentu</strong></span> <span class='ocrx_word' id='word_1_614' title='bbox 2684 3969 2897 4026; x_wconf 88' lang='lat' dir='ltr'><strong>Domini</strong></span> <span class='ocrx_word' id='word_1_615' title='bbox 2925 3974 3088 4027; x_wconf 90' lang='lat' dir='ltr'><strong>nostri</strong></span> <span class='ocrx_word' id='word_1_616' title='bbox 3109 3973 3237 4028; x_wconf 87' lang='lat' dir='ltr'><strong>Jesu</strong></span> <span class='ocrx_word' id='word_1_617' title='bbox 3268 3974 3466 4032; x_wconf 86' lang='lat' dir='ltr'><strong>Christi</strong></span> 
     </span>
    </p>
   </div>
   <div class='ocr_carea' id='block_1_86' title="bbox 1871 4060 3463 4137">
    <p class='ocr_par' dir='ltr' id='par_1_86' title="bbox 1871 4060 3463 4137">
     <span class='ocr_line' id='line_1_86' title="bbox 1871 4060 3463 4137; baseline 0.006 -23"><span class='ocrx_word' id='word_1_618' title='bbox 1871 4070 2120 4114; x_wconf 72' lang='lat' dir='ltr'><strong>servetur.</strong></span> <span class='ocrx_word' id='word_1_619' title='bbox 2164 4060 2342 4131; x_wconf 85' lang='lat' dir='ltr'><strong>Usque</strong></span> <span class='ocrx_word' id='word_1_620' title='bbox 2371 4062 2421 4115; x_wconf 92' lang='lat' dir='ltr'><strong>in</strong></span> <span class='ocrx_word' id='word_1_621' title='bbox 2452 4061 2594 4118; x_wconf 91' lang='lat' dir='ltr'><strong>diem</strong></span> <span class='ocrx_word' id='word_1_622' title='bbox 2628 4062 2816 4132; x_wconf 88' lang='lat' dir='ltr'><strong>judicii</strong></span> <span class='ocrx_word' id='word_1_623' title='bbox 2846 4082 2859 4119; x_wconf 89' lang='lat'>:</span> <span class='ocrx_word' id='word_1_624' title='bbox 2887 4066 3010 4137; x_wconf 89' lang='lat' dir='ltr'><strong>quia</strong></span> <span class='ocrx_word' id='word_1_625' title='bbox 3044 4082 3151 4121; x_wconf 92' lang='lat' dir='ltr'><strong>non</strong></span> <span class='ocrx_word' id='word_1_626' title='bbox 3177 4080 3302 4123; x_wconf 86' lang='lat' dir='ltr'><strong>sunt</strong></span> <span class='ocrx_word' id='word_1_627' title='bbox 3343 4077 3463 4123; x_wconf 57' lang='lat' dir='ltr'><strong>tan.</strong></span> 
     </span>
    </p>
   </div>
   <div class='ocr_carea' id='block_1_87' title="bbox 1872 4152 2816 4221">
    <p class='ocr_par' dir='ltr' id='par_1_87' title="bbox 1872 4152 2816 4221">
     <span class='ocr_line' id='line_1_87' title="bbox 1872 4152 2816 4221; baseline 0.005 -14"><span class='ocrx_word' id='word_1_628' title='bbox 1872 4160 1984 4207; x_wconf 91' lang='lat' dir='ltr'><strong>tum</strong></span> <span class='ocrx_word' id='word_1_629' title='bbox 2029 4153 2181 4209; x_wconf 87' lang='lat' dir='ltr'><strong>initia</strong></span> <span class='ocrx_word' id='word_1_630' title='bbox 2215 4152 2505 4221; x_wconf 83' lang='lat' dir='ltr'><strong>laudanda,</strong></span> <span class='ocrx_word' id='word_1_631' title='bbox 2539 4157 2634 4210; x_wconf 89' lang='lat' dir='ltr'><strong>sed</strong></span> <span class='ocrx_word' id='word_1_632' title='bbox 2670 4158 2816 4212; x_wconf 89' lang='lat' dir='ltr'><strong>linis.</strong></span> 
     </span>
    </p>
   </div>
   <div class='ocr_carea' id='block_1_88' title="bbox 1946 4246 3459 4320">
    <p class='ocr_par' dir='ltr' id='par_1_88' title="bbox 1946 4246 3459 4320">
     <span class='ocr_line' id='line_1_88' title="bbox 1946 4246 3459 4320; baseline 0.009 -21"><span class='ocrx_word' id='word_1_633' title='bbox 1946 4246 2153 4303; x_wconf 81' lang='lat' dir='ltr'><strong>Fidelis</strong></span> <span class='ocrx_word' id='word_1_634' title='bbox 2183 4260 2256 4302; x_wconf 86' lang='lat' dir='ltr'><strong>est</strong></span> <span class='ocrx_word' id='word_1_635' title='bbox 2281 4249 2369 4320; x_wconf 89' lang='lat' dir='ltr'><strong>qui</strong></span> <span class='ocrx_word' id='word_1_636' title='bbox 2412 4251 2607 4305; x_wconf 85' lang='lat' dir='ltr'><strong>vocarit</strong></span> <span class='ocrx_word' id='word_1_637' title='bbox 2639 4268 2747 4305; x_wconf 86' lang='lat' dir='ltr'><strong>vos.</strong></span> <span class='ocrx_word' id='word_1_638' title='bbox 2795 4251 2895 4319; x_wconf 87' lang='lat' dir='ltr'><strong>Qui</strong></span> <span class='ocrx_word' id='word_1_639' title='bbox 2943 4253 3080 4308; x_wconf 73' lang='lat' dir='ltr'><strong>dixit</strong></span> <span class='ocrx_word' id='word_1_640' title='bbox 3118 4272 3130 4308; x_wconf 92' lang='lat'>:</span> <span class='ocrx_word' id='word_1_641' title='bbox 3168 4254 3362 4310; x_wconf 80' lang='lat' dir='ltr'><strong>Venite</strong></span> <span class='ocrx_word' id='word_1_642' title='bbox 3391 4257 3459 4313; x_wconf 84' lang='lat' dir='ltr'><strong>ad</strong></span> 
     </span>
    </p>
   </div>
   <div class='ocr_carea' id='block_1_89' title="bbox 1874 4325 3465 4419">
    <p class='ocr_par' dir='ltr' id='par_1_89' title="bbox 1874 4325 3465 4419">
     <span class='ocr_line' id='line_1_89' title="bbox 1874 4325 3465 4419; baseline 0.006 -22"><span class='ocrx_word' id='word_1_643' title='bbox 1874 4355 1981 4405; x_wconf 87' lang='lat' dir='ltr'><strong>me,</strong></span> <span class='ocrx_word' id='word_1_644' title='bbox 2015 4357 2206 4397; x_wconf 89' lang='lat' dir='ltr'><strong>omnes</strong></span> <span class='ocrx_word' id='word_1_645' title='bbox 2225 4344 2314 4411; x_wconf 90' lang='lat' dir='ltr'><strong>qui</strong></span> <span class='ocrx_word' id='word_1_646' title='bbox 2344 4343 2621 4411; x_wconf 85' lang='lat' dir='ltr'><strong>laboratis,</strong></span> <span class='ocrx_word' id='word_1_647' title='bbox 2654 4355 2709 4400; x_wconf 92' lang='lat' dir='ltr'><strong>et</strong></span> <span class='ocrx_word' id='word_1_648' title='bbox 2742 4325 2950 4401; x_wconf 73' lang='lat' dir='ltr'><strong>onerati</strong></span> <span class='ocrx_word' id='word_1_649' title='bbox 2982 4348 3135 4414; x_wconf 82' lang='lat' dir='ltr'><strong>estis,</strong></span> <span class='ocrx_word' id='word_1_650' title='bbox 3162 4357 3217 4402; x_wconf 87' lang='lat' dir='ltr'><strong>et</strong></span> <span class='ocrx_word' id='word_1_651' title='bbox 3245 4363 3344 4419; x_wconf 77' lang='lat' dir='ltr'><strong>ego</strong></span> <span class='ocrx_word' id='word_1_652' title='bbox 3367 4365 3465 4407; x_wconf 77' lang='lat' dir='ltr'><strong>vos</strong></span> 
     </span>
    </p>
   </div>
   <div class='ocr_carea' id='block_1_90' title="bbox 1877 4433 2466 4502">
    <p class='ocr_par' dir='ltr' id='par_1_90' title="bbox 1877 4433 2466 4502">
     <span class='ocr_line' id='line_1_90' title="bbox 1877 4433 2466 4502; baseline 0.003 -16"><span class='ocrx_word' id='word_1_653' title='bbox 1877 4435 2220 4502; x_wconf 87' lang='lat' dir='ltr'><strong>requiescere</strong></span> <span class='ocrx_word' id='word_1_654' title='bbox 2252 4433 2466 4501; x_wconf 82' lang='lat' dir='ltr'><strong>faciam.</strong></span> 
     </span>
    </p>
   </div>
   <div class='ocr_carea' id='block_1_91' title="bbox 150 4511 3465 4601">
    <p class='ocr_par' dir='ltr' id='par_1_91' title="bbox 150 4511 3465 4601">
     <span class='ocr_line' id='line_1_91' title="bbox 150 4511 3465 4601; baseline 0.002 -30"><span class='ocrx_word' id='word_1_655' title='bbox 150 4516 517 4573; x_wconf 80' lang='lat' dir='ltr'><strong>consolamini</strong></span> <span class='ocrx_word' id='word_1_656' title='bbox 544 4512 922 4585; x_wconf 81' lang='lat' dir='ltr'><strong>pusillanimes.</strong></span> <span class='ocrx_word' id='word_1_657' title='bbox 954 4514 1058 4569; x_wconf 78' lang='lat' dir='ltr'><strong>PI‘O</strong></span> <span class='ocrx_word' id='word_1_658' title='bbox 1083 4515 1400 4570; x_wconf 87' lang='lat' dir='ltr'><strong>diversitate</strong></span> <span class='ocrx_word' id='word_1_659' title='bbox 1426 4518 1764 4587; x_wconf 78' lang='lat' dir='ltr'><strong>nimborum,</strong></span> <span class='ocrx_word' id='word_1_660' title='bbox 1801 4511 1853 4571; x_wconf 78' lang='lat' dir='ltr'><strong>D</strong></span> <span class='ocrx_word' id='word_1_661' title='bbox 1954 4530 2056 4595; x_wconf 72' lang='lat' dir='ltr'><strong>Qui</strong></span> <span class='ocrx_word' id='word_1_662' title='bbox 2104 4532 2260 4584; x_wconf 70' lang='lat' dir='ltr'><strong>etiam</strong></span> <span class='ocrx_word' id='word_1_663' title='bbox 2308 4532 2489 4600; x_wconf 61' lang='lat' dir='ltr'><strong>faciet.</strong></span> <span class='ocrx_word' id='word_1_664' title='bbox 2524 4530 2762 4599; x_wconf 55' lang='lat' dir='ltr'><strong>Fratre),</strong></span> <span class='ocrx_word' id='word_1_665' title='bbox 2812 4542 2958 4587; x_wconf 67' lang='lat' dir='ltr'><strong>orate</strong></span> <span class='ocrx_word' id='word_1_666' title='bbox 2988 4549 3081 4601; x_wconf 71' lang='lat' dir='ltr'><strong>pro</strong></span> <span class='ocrx_word' id='word_1_667' title='bbox 3131 4535 3300 4587; x_wconf 70' lang='lat' dir='ltr'><strong>nobis,</strong></span> <span class='ocrx_word' id='word_1_668' title='bbox 3357 4535 3465 4590; x_wconf 82' lang='lat' dir='ltr'><strong>Sa-</strong></span> 
     </span>
    </p>
   </div>
   <div class='ocr_carea' id='block_1_92' title="bbox 150 4605 1767 4680">
    <p class='ocr_par' dir='ltr' id='par_1_92' title="bbox 150 4605 1767 4680">
     <span class='ocr_line' id='line_1_92' title="bbox 150 4605 1767 4680; baseline 0.002 -17"><span class='ocrx_word' id='word_1_669' title='bbox 150 4611 452 4665; x_wconf 84' lang='lat' dir='ltr'><strong>diversitas</strong></span> <span class='ocrx_word' id='word_1_670' title='bbox 488 4605 799 4661; x_wconf 87' lang='lat' dir='ltr'><strong>adhibenda</strong></span> <span class='ocrx_word' id='word_1_671' title='bbox 821 4614 904 4660; x_wconf 86' lang='lat' dir='ltr'><strong>est</strong></span> <span class='ocrx_word' id='word_1_672' title='bbox 935 4605 1239 4662; x_wconf 68' lang='lat' dir='ltr'><strong>medicinw.</strong></span> <span class='ocrx_word' id='word_1_673' title='bbox 1292 4606 1381 4679; x_wconf 16' lang='lat' dir='ltr'><strong>Illi,</strong></span> <span class='ocrx_word' id='word_1_674' title='bbox 1404 4611 1767 4680; x_wconf 84' lang='lat' dir='ltr'><strong>corripiendi,</strong></span> 
     </span>
    </p>
   </div>
   <div class='ocr_carea' id='block_1_93' title="bbox 149 4698 1594 4776">
    <p class='ocr_par' dir='ltr' id='par_1_93' title="bbox 149 4698 1594 4776">
     <span class='ocr_line' id='line_1_93' title="bbox 149 4698 1594 4776; baseline 0.001 -18"><span class='ocrx_word' id='word_1_675' title='bbox 149 4721 217 4759; x_wconf 85' lang='lat' dir='ltr'><strong>ne</strong></span> <span class='ocrx_word' id='word_1_676' title='bbox 249 4711 492 4776; x_wconf 86' lang='lat' dir='ltr'><strong>pereant</strong></span> <span class='ocrx_word' id='word_1_677' title='bbox 531 4718 544 4754; x_wconf 90' lang='lat'><strong>:</strong></span> <span class='ocrx_word' id='word_1_678' title='bbox 572 4703 657 4755; x_wconf 88' lang='lat' dir='ltr'><strong>isti</strong></span> <span class='ocrx_word' id='word_1_679' title='bbox 690 4698 1013 4755; x_wconf 86' lang='lat' dir='ltr'><strong>consolandi</strong></span> <span class='ocrx_word' id='word_1_680' title='bbox 1044 4710 1196 4769; x_wconf 91' lang='lat' dir='ltr'><strong>sunt,</strong></span> <span class='ocrx_word' id='word_1_681' title='bbox 1229 4717 1296 4757; x_wconf 87' lang='lat' dir='ltr'><strong>ne</strong></span> <span class='ocrx_word' id='word_1_682' title='bbox 1319 4700 1594 4759; x_wconf 84' lang='lat' dir='ltr'><strong>deﬁciant.</strong></span> 
     </span>
    </p>
   </div>
   <div class='ocr_carea' id='block_1_94' title="bbox 226 4794 1771 4870">
    <p class='ocr_par' dir='ltr' id='par_1_94' title="bbox 226 4794 1771 4870">
     <span class='ocr_line' id='line_1_94' title="bbox 226 4794 1771 4870; baseline 0.001 -17"><span class='ocrx_word' id='word_1_683' title='bbox 226 4799 505 4870; x_wconf 84' lang='lat' dir='ltr'><strong>Suscipite</strong></span> <span class='ocrx_word' id='word_1_684' title='bbox 531 4795 791 4864; x_wconf 82' lang='lat' dir='ltr'><strong>infirmos.</strong></span> <span class='ocrx_word' id='word_1_685' title='bbox 823 4794 1102 4852; x_wconf 85' lang='lat' dir='ltr'><strong>Sustinete</strong></span> <span class='ocrx_word' id='word_1_686' title='bbox 1129 4811 1301 4865; x_wconf 85' lang='lat' dir='ltr'><strong>nuper</strong></span> <span class='ocrx_word' id='word_1_687' title='bbox 1333 4796 1644 4865; x_wconf 83' lang='lat' dir='ltr'><strong>credentes,</strong></span> <span class='ocrx_word' id='word_1_688' title='bbox 1678 4799 1771 4870; x_wconf 87' lang='lat' dir='ltr'><strong>qui</strong></span> 
     </span>
    </p>
   </div>
   <div class='ocr_carea' id='block_1_95' title="bbox 152 4888 933 4948">
    <p class='ocr_par' dir='ltr' id='par_1_95' title="bbox 152 4888 933 4948">
     <span class='ocr_line' id='line_1_95' title="bbox 152 4888 933 4948; baseline -0.004 0"><span class='ocrx_word' id='word_1_689' title='bbox 152 4895 401 4948; x_wconf 90' lang='lat' dir='ltr'><strong>nondum</strong></span> <span class='ocrx_word' id='word_1_690' title='bbox 433 4899 571 4946; x_wconf 87' lang='lat' dir='ltr'><strong>sunt</strong></span> <span class='ocrx_word' id='word_1_691' title='bbox 600 4888 933 4945; x_wconf 81' lang='lat' dir='ltr'><strong>conﬁrmati.</strong></span> 
     </span>
    </p>
   </div>
   <div class='ocr_carea' id='block_1_96' title="bbox 226 4982 1770 5058">
    <p class='ocr_par' dir='ltr' id='par_1_96' title="bbox 226 4982 1770 5058">
     <span class='ocr_line' id='line_1_96' title="bbox 226 4982 1770 5058; baseline 0 -15"><span class='ocrx_word' id='word_1_692' title='bbox 226 4986 514 5043; x_wconf 84' lang='lat' dir='ltr'><strong>Patientes</strong></span> <span class='ocrx_word' id='word_1_693' title='bbox 556 4991 715 5039; x_wconf 83' lang='lat' dir='ltr'><strong>estote</strong></span> <span class='ocrx_word' id='word_1_694' title='bbox 758 4982 826 5036; x_wconf 86' lang='lat' dir='ltr'><strong>ad</strong></span> <span class='ocrx_word' id='word_1_695' title='bbox 867 4998 1061 5038; x_wconf 89' lang='lat' dir='ltr'><strong>omnes.</strong></span> <span class='ocrx_word' id='word_1_696' title='bbox 1113 4982 1290 5038; x_wconf 81' lang='lat' dir='ltr'><strong>Etiam</strong></span> <span class='ocrx_word' id='word_1_697' title='bbox 1342 4984 1410 5039; x_wconf 86' lang='lat' dir='ltr'><strong>ad</strong></span> <span class='ocrx_word' id='word_1_698' title='bbox 1462 5000 1770 5058; x_wconf 88' lang='lat' dir='ltr'><strong>correptos,</strong></span> 
     </span>
    </p>
   </div>
   <div class='ocr_carea' id='block_1_97' title="bbox 150 5076 1532 5151">
    <p class='ocr_par' dir='ltr' id='par_1_97' title="bbox 150 5076 1532 5151">
     <span class='ocr_line' id='line_1_97' title="bbox 150 5076 1532 5151; baseline 0.004 -22"><span class='ocrx_word' id='word_1_699' title='bbox 150 5079 273 5151; x_wconf 84' lang='lat' dir='ltr'><strong>quia</strong></span> <span class='ocrx_word' id='word_1_700' title='bbox 309 5078 621 5150; x_wconf 73' lang='lat' dir='ltr'><strong>impatiens</strong></span> <span class='ocrx_word' id='word_1_701' title='bbox 652 5093 759 5130; x_wconf 90' lang='lat' dir='ltr'><strong>non</strong></span> <span class='ocrx_word' id='word_1_702' title='bbox 792 5076 1107 5145; x_wconf 81' lang='lat' dir='ltr'><strong>corrigitur,</strong></span> <span class='ocrx_word' id='word_1_703' title='bbox 1140 5078 1234 5130; x_wconf 90' lang='lat' dir='ltr'><strong>sed</strong></span> <span class='ocrx_word' id='word_1_704' title='bbox 1270 5076 1532 5134; x_wconf 88' lang='lat' dir='ltr'><strong>irritatur.</strong></span> 
     </span>
    </p>
   </div>
   <div class='ocr_carea' id='block_1_98' title="bbox 234 5170 1775 5242">
    <p class='ocr_par' dir='ltr' id='par_1_98' title="bbox 234 5170 1775 5242">
     <span class='ocr_line' id='line_1_98' title="bbox 234 5170 1775 5242; baseline 0.003 -17"><span class='ocrx_word' id='word_1_705' title='bbox 234 5172 425 5225; x_wconf 72' lang='lat' dir='ltr'><strong>Videte</strong></span> <span class='ocrx_word' id='word_1_706' title='bbox 455 5188 524 5224; x_wconf 87' lang='lat' dir='ltr'><strong>ne</strong></span> <span class='ocrx_word' id='word_1_707' title='bbox 548 5170 666 5238; x_wconf 89' lang='lat' dir='ltr'><strong>quis</strong></span> <span class='ocrx_word' id='word_1_708' title='bbox 694 5171 833 5223; x_wconf 88' lang='lat' dir='ltr'><strong>malu</strong></span> <span class='ocrx_word' id='word_1_709' title='bbox 856 5187 887 5222; x_wconf 83' lang='grc' dir='ltr'><strong>ιι</strong></span> <span class='ocrx_word' id='word_1_710' title='bbox 919 5186 1012 5242; x_wconf 89' lang='lat' dir='ltr'><strong>pro</strong></span> <span class='ocrx_word' id='word_1_711' title='bbox 1040 5170 1179 5224; x_wconf 89' lang='lat' dir='ltr'><strong>malo</strong></span> <span class='ocrx_word' id='word_1_712' title='bbox 1199 5170 1359 5223; x_wconf 81' lang='lat' dir='ltr'><strong>alicui</strong></span> <span class='ocrx_word' id='word_1_713' title='bbox 1381 5172 1583 5226; x_wconf 87' lang='lat' dir='ltr'><strong>reddat.</strong></span> <span class='ocrx_word' id='word_1_714' title='bbox 1613 5174 1775 5230; x_wconf 81' lang='lat' dir='ltr'><strong>Omni</strong></span> 
     </span>
    </p>
   </div>
   <div class='ocr_carea' id='block_1_99' title="bbox 1876 4620 3462 4695">
    <p class='ocr_par' dir='ltr' id='par_1_99' title="bbox 1876 4620 3462 4695">
     <span class='ocr_line' id='line_1_99' title="bbox 1876 4620 3462 4695; baseline 0.006 -21"><span class='ocrx_word' id='word_1_715' title='bbox 1876 4620 2041 4676; x_wconf 84' lang='lat' dir='ltr'><strong>lutate</strong></span> <span class='ocrx_word' id='word_1_716' title='bbox 2070 4626 2259 4693; x_wconf 75' lang='lat' dir='ltr'><strong>fratres</strong></span> <span class='ocrx_word' id='word_1_717' title='bbox 2285 4640 2461 4677; x_wconf 87' lang='lat' dir='ltr'><strong>omnes</strong></span> <span class='ocrx_word' id='word_1_718' title='bbox 2482 4625 2536 4675; x_wconf 87' lang='lat' dir='ltr'><strong>in</strong></span> <span class='ocrx_word' id='word_1_719' title='bbox 2563 4625 2742 4677; x_wconf 78' lang='lat' dir='ltr'><strong>osculo</strong></span> <span class='ocrx_word' id='word_1_720' title='bbox 2776 4634 2976 4677; x_wconf 86' lang='lat' dir='ltr'><strong>sancto.</strong></span> <span class='ocrx_word' id='word_1_721' title='bbox 3001 4624 3153 4693; x_wconf 88' lang='lat' dir='ltr'><strong>Quod</strong></span> <span class='ocrx_word' id='word_1_722' title='bbox 3187 4626 3462 4695; x_wconf 86' lang='lat' dir='ltr'><strong>promisit.</strong></span> 
     </span>
    </p>
   </div>
   <div class='ocr_carea' id='block_1_100' title="bbox 1948 4714 3467 4791">
    <p class='ocr_par' dir='ltr' id='par_1_100' title="bbox 1948 4714 3467 4791">
     <span class='ocr_line' id='line_1_100' title="bbox 1948 4714 3467 4791; baseline 0.009 -25"><span class='ocrx_word' id='word_1_723' title='bbox 1948 4714 2150 4786; x_wconf 70' lang='lat' dir='ltr'><strong>Aitjaro</strong></span> <span class='ocrx_word' id='word_1_724' title='bbox 2193 4732 2285 4786; x_wconf 91' lang='lat' dir='ltr'><strong>per</strong></span> <span class='ocrx_word' id='word_1_725' title='bbox 2335 4714 2615 4769; x_wconf 86' lang='lat' dir='ltr'><strong>Dominum</strong></span> <span class='ocrx_word' id='word_1_726' title='bbox 2646 4757 2659 4783; x_wconf 94' lang='lat'><strong>,</strong></span> <span class='ocrx_word' id='word_1_727' title='bbox 2705 4724 2763 4770; x_wconf 89' lang='lat' dir='ltr'><strong>ut</strong></span> <span class='ocrx_word' id='word_1_728' title='bbox 2802 4717 3008 4788; x_wconf 89' lang='lat' dir='ltr'><strong>legatur</strong></span> <span class='ocrx_word' id='word_1_729' title='bbox 3067 4717 3302 4791; x_wconf 77' lang='lat' dir='ltr'><strong>Epistola</strong></span> <span class='ocrx_word' id='word_1_730' title='bbox 3356 4722 3467 4780; x_wconf 73' lang='lat' dir='ltr'><strong>ha’c</strong></span> 
     </span>
    </p>
   </div>
   <div class='ocr_carea' id='block_1_101' title="bbox 1876 4807 3467 4882">
    <p class='ocr_par' dir='ltr' id='par_1_101' title="bbox 1876 4807 3467 4882">
     <span class='ocr_line' id='line_1_101' title="bbox 1876 4807 3467 4882; baseline 0.008 -22"><span class='ocrx_word' id='word_1_731' title='bbox 1876 4808 2113 4861; x_wconf 87' lang='lat' dir='ltr'><strong>omnibus</strong></span> <span class='ocrx_word' id='word_1_732' title='bbox 2141 4808 2336 4861; x_wconf 85' lang='lat' dir='ltr'><strong>sanctis</strong></span> <span class='ocrx_word' id='word_1_733' title='bbox 2365 4807 2636 4877; x_wconf 82' lang='lat' dir='ltr'><strong>fratribus.</strong></span> <span class='ocrx_word' id='word_1_734' title='bbox 2683 4808 2947 4879; x_wconf 84' lang='lat' dir='ltr'><strong>Adjnrare</strong></span> <span class='ocrx_word' id='word_1_735' title='bbox 2970 4814 3325 4882; x_wconf 87' lang='lat' dir='ltr'><strong>permittitur,</strong></span> <span class='ocrx_word' id='word_1_736' title='bbox 3356 4832 3467 4875; x_wconf 85' lang='lat' dir='ltr'><strong>non</strong></span> 
     </span>
    </p>
   </div>
   <div class='ocr_carea' id='block_1_102' title="bbox 1876 4898 2084 4968">
    <p class='ocr_par' dir='ltr' id='par_1_102' title="bbox 1876 4898 2084 4968">
     <span class='ocr_line' id='line_1_102' title="bbox 1876 4898 2084 4968; baseline 0.014 -18"><span class='ocrx_word' id='word_1_737' title='bbox 1876 4898 2084 4968; x_wconf 83' lang='lat' dir='ltr'><strong>jutare.</strong></span> 
     </span>
    </p>
   </div>
   <div class='ocr_carea' id='block_1_103' title="bbox 1951 4992 3463 5065">
    <p class='ocr_par' dir='ltr' id='par_1_103' title="bbox 1951 4992 3463 5065">
     <span class='ocr_line' id='line_1_103' title="bbox 1951 4992 3463 5065; baseline 0.011 -19"><span class='ocrx_word' id='word_1_738' title='bbox 1951 4992 2134 5046; x_wconf 81' lang='lat' dir='ltr'><strong>Gratia</strong></span> <span class='ocrx_word' id='word_1_739' title='bbox 2159 4992 2371 5046; x_wconf 85' lang='lat' dir='ltr'><strong>Domini</strong></span> <span class='ocrx_word' id='word_1_740' title='bbox 2397 4995 2560 5048; x_wconf 86' lang='lat' dir='ltr'><strong>nostri</strong></span> <span class='ocrx_word' id='word_1_741' title='bbox 2585 4993 2710 5050; x_wconf 84' lang='lat' dir='ltr'><strong>Jesu</strong></span> <span class='ocrx_word' id='word_1_742' title='bbox 2733 4994 2927 5051; x_wconf 85' lang='lat' dir='ltr'><strong>Christi</strong></span> <span class='ocrx_word' id='word_1_743' title='bbox 2950 4998 3208 5056; x_wconf 81' lang='lat' dir='ltr'><strong>vobiscum</strong></span> <span class='ocrx_word' id='word_1_744' title='bbox 3235 5019 3252 5057; x_wconf 90' lang='lat'><strong><em>:</em></strong></span> <span class='ocrx_word' id='word_1_745' title='bbox 3282 5003 3463 5065; x_wconf 79' lang='lat' dir='ltr'><strong>Amen.</strong></span> 
     </span>
    </p>
   </div>
   <div class='ocr_carea' id='block_1_104' title="bbox 1881 5088 2863 5158">
    <p class='ocr_par' dir='ltr' id='par_1_104' title="bbox 1881 5088 2863 5158">
     <span class='ocr_line' id='line_1_104' title="bbox 1881 5088 2863 5158; baseline 0.003 -15"><span class='ocrx_word' id='word_1_746' title='bbox 1881 5088 2066 5143; x_wconf 83' lang='lat' dir='ltr'><strong>Gratia</strong></span> <span class='ocrx_word' id='word_1_747' title='bbox 2100 5101 2220 5140; x_wconf 86' lang='lat' dir='ltr'><strong>cum</strong></span> <span class='ocrx_word' id='word_1_748' title='bbox 2249 5088 2499 5142; x_wconf 84' lang='lat' dir='ltr'><strong>omnibus</strong></span> <span class='ocrx_word' id='word_1_749' title='bbox 2530 5103 2863 5158; x_wconf 89' lang='lat' dir='ltr'><strong>perseveret.</strong></span> 
     </span>
    </p>
   </div>
   <div class='ocr_carea' id='block_1_105' title="bbox 180 5282 3466 5323">
    <p class='ocr_par' dir='ltr' id='par_1_105' title="bbox 180 5282 3466 5323">
     <span class='ocr_line' id='line_1_105' title="bbox 180 5282 3466 5323; baseline 0.009 -17"><span class='ocrx_word' id='word_1_750' title='bbox 180 5282 3466 5323; x_wconf 74' lang='lat'><strong>———&quot;——-——————_——-————-————</strong></span> 
     </span>
    </p>
   </div>
   <div class='ocr_carea' id='block_1_106' title="bbox 258 5390 3360 5493">
    <p class='ocr_par' dir='ltr' id='par_1_106' title="bbox 258 5390 3360 5493">
     <span class='ocr_line' id='line_1_106' title="bbox 258 5390 3360 5493; baseline 0.004 -14"><span class='ocrx_word' id='word_1_751' title='bbox 258 5397 390 5481; x_wconf 85' lang='lat' dir='ltr'><strong>IN</strong></span> <span class='ocrx_word' id='word_1_752' title='bbox 459 5390 1124 5477; x_wconf 84' lang='lat' dir='ltr'><strong>SECUNDAM</strong></span> <span class='ocrx_word' id='word_1_753' title='bbox 1200 5393 1867 5478; x_wconf 84' lang='lat' dir='ltr'><strong>EPISTOLAM</strong></span> <span class='ocrx_word' id='word_1_754' title='bbox 1944 5398 2103 5480; x_wconf 88' lang='lat' dir='ltr'><strong>AD</strong></span> <span class='ocrx_word' id='word_1_755' title='bbox 2167 5398 3360 5493; x_wconf 63' lang='lat' dir='ltr'><strong>THECSSALONICENSES.</strong></span> 
     </span>
    </p>
   </div>
   <div class='ocr_carea' id='block_1_107' title="bbox 700 5640 1257 5700">
    <p class='ocr_par' dir='ltr' id='par_1_107' title="bbox 700 5640 1257 5700">
     <span class='ocr_line' id='line_1_107' title="bbox 700 5640 1257 5700; baseline 0.004 -4"><span class='ocrx_word' id='word_1_756' title='bbox 700 5640 932 5698; x_wconf 82' lang='lat' dir='ltr'><strong>CAPUT</strong></span> <span class='ocrx_word' id='word_1_757' title='bbox 972 5640 1257 5700; x_wconf 75' lang='lat' dir='ltr'><strong>PRIMUM.</strong></span> 
     </span>
    </p>
   </div>
   <div class='ocr_carea' id='block_1_108' title="bbox 226 5731 1782 5809">
    <p class='ocr_par' dir='ltr' id='par_1_108' title="bbox 226 5731 1782 5809">
     <span class='ocr_line' id='line_1_108' title="bbox 226 5731 1782 5809; baseline -0.008 -7"><span class='ocrx_word' id='word_1_758' title='bbox 226 5742 471 5809; x_wconf 84' lang='lat' dir='ltr'><strong>Paulus,</strong></span> <span class='ocrx_word' id='word_1_759' title='bbox 504 5745 559 5791; x_wconf 89' lang='lat' dir='ltr'><strong>et</strong></span> <span class='ocrx_word' id='word_1_760' title='bbox 591 5731 859 5805; x_wconf 73' lang='lat' dir='ltr'><strong>Silvanus,</strong></span> <span class='ocrx_word' id='word_1_761' title='bbox 894 5742 939 5790; x_wconf 88' lang='lat' dir='ltr'><strong>et</strong></span> <span class='ocrx_word' id='word_1_762' title='bbox 970 5732 1296 5804; x_wconf 78' lang='lat' dir='ltr'><strong>Timotheus,</strong></span> <span class='ocrx_word' id='word_1_763' title='bbox 1331 5734 1578 5793; x_wconf 79' lang='lat' dir='ltr'><strong>Ecclesia:</strong></span> <span class='ocrx_word' id='word_1_764' title='bbox 1614 5735 1782 5793; x_wconf 83' lang='lat' dir='ltr'><strong>Thes-</strong></span> 
     </span>
    </p>
   </div>
   <div class='ocr_carea' id='block_1_109' title="bbox 1892 5644 3478 5721">
    <p class='ocr_par' dir='ltr' id='par_1_109' title="bbox 1892 5644 3478 5721">
     <span class='ocr_line' id='line_1_109' title="bbox 1892 5644 3478 5721; baseline 0.009 -22"><span class='ocrx_word' id='word_1_765' title='bbox 1892 5644 2291 5699; x_wconf 86' lang='lat' dir='ltr'><strong>salonicensium</strong></span> <span class='ocrx_word' id='word_1_766' title='bbox 2332 5645 2385 5700; x_wconf 90' lang='lat' dir='ltr'><strong>in</strong></span> <span class='ocrx_word' id='word_1_767' title='bbox 2415 5646 2524 5701; x_wconf 92' lang='lat' dir='ltr'><strong>Deo</strong></span> <span class='ocrx_word' id='word_1_768' title='bbox 2551 5648 2710 5703; x_wconf 81' lang='lat' dir='ltr'><strong>Patre</strong></span> <span class='ocrx_word' id='word_1_769' title='bbox 2758 5662 2954 5721; x_wconf 86' lang='lat' dir='ltr'><strong>nostro,</strong></span> <span class='ocrx_word' id='word_1_770' title='bbox 2986 5662 3035 5707; x_wconf 89' lang='lat' dir='ltr'><strong>et</strong></span> <span class='ocrx_word' id='word_1_771' title='bbox 3085 5654 3310 5711; x_wconf 89' lang='lat' dir='ltr'><strong>Domino</strong></span> <span class='ocrx_word' id='word_1_772' title='bbox 3350 5656 3478 5715; x_wconf 73' lang='lat' dir='ltr'><strong>Iesu</strong></span> 
     </span>
    </p>
   </div>
   <div class='ocr_carea' id='block_1_110' title="bbox 1892 5736 3479 5815">
    <p class='ocr_par' dir='ltr' id='par_1_110' title="bbox 1892 5736 3479 5815">
     <span class='ocr_line' id='line_1_110' title="bbox 1892 5736 3479 5815; baseline 0.009 -22"><span class='ocrx_word' id='word_1_773' title='bbox 1892 5737 2123 5793; x_wconf 84' lang='lat' dir='ltr'><strong>Christo.</strong></span> <span class='ocrx_word' id='word_1_774' title='bbox 2169 5736 2350 5794; x_wconf 80' lang='lat' dir='ltr'><strong>Gratia</strong></span> <span class='ocrx_word' id='word_1_775' title='bbox 2380 5740 2518 5795; x_wconf 83' lang='lat' dir='ltr'><strong>robis</strong></span> <span class='ocrx_word' id='word_1_776' title='bbox 2548 5752 2593 5797; x_wconf 89' lang='lat' dir='ltr'><strong>et</strong></span> <span class='ocrx_word' id='word_1_777' title='bbox 2623 5758 2729 5815; x_wconf 74' lang='lat' dir='ltr'><strong>paa‘</strong></span> <span class='ocrx_word' id='word_1_778' title='bbox 2766 5760 2797 5797; x_wconf 91' lang='lat' dir='ltr'><strong>a</strong></span> <span class='ocrx_word' id='word_1_779' title='bbox 2848 5743 2952 5800; x_wconf 90' lang='lat' dir='ltr'><strong>Deo</strong></span> <span class='ocrx_word' id='word_1_780' title='bbox 2992 5743 3151 5802; x_wconf 87' lang='lat' dir='ltr'><strong>Patre</strong></span> <span class='ocrx_word' id='word_1_781' title='bbox 3176 5757 3224 5803; x_wconf 88' lang='lat' dir='ltr'><strong>et</strong></span> <span class='ocrx_word' id='word_1_782' title='bbox 3256 5747 3479 5808; x_wconf 89' lang='lat' dir='ltr'><strong>Domino</strong></span> 
     </span>
    </p>
   </div>
  </div>
