4008 6188
519 216 619 274 871

1558 206 1616 268 s.
1658 166 2041 263 nnanotvvnt
2080 202 2359 263 OPERUM
2402 205 2764 264 MANTBSA.

3724 202 3828 264 872

521 332 649 388 Jesu
673 332 903 388 Christo.
936 323 1145 385 Gratias
1184 342 1334 398 agere
1366 325 1605 381 debemus
1640 340 1841 391 semper
1877 320 1986 375 Deo
2026 338 2119 390 pro
2148 324 2197 381 Α
2225 323 2348 391 ﬁdei
2390 324 2444 378 in
2494 327 2699 379 virtute.
2748 324 3033 393 Adjutorio
3079 324 3292 395 gratim,
3340 330 3399 380 et
3442 321 3829 381 consolatione

522 427 685 493 vobis,
725 428 928 498 fratres,
974 425 1047 475 ita
1083 430 1137 474 ut
1175 419 1389 490 dignunt
1429 427 1523 472 est.
1554 416 1653 484 Qui
1680 415 1784 471 sibi
1816 414 1977 471 talem
2011 413 2115 469 Ec-

525 519 749 576 clesiam
782 512 1135 584 conquisivit.

600 611 859 677 Quoniam
902 605 1241 677 supercrescit
1290 604 1419 674 ﬁdes
1473 610 1661 659 vestra.
1695 600 1821 658 Ideo
1874 600 1989 655 laus
2018 614 2115 653 au-

525 712 702 775 gctur.

603 795 669 849 Et
703 793 936 848 abundat
966 791 1193 847 charitas
1220 791 1630 863 uniuscujusque
1656 796 1879 844 vestrum
1906 788 1961 841 in
1991 786 2123 841 invi-

528 904 636 943 cem
666 904 686 942 :
715 887 790 941 ita
820 896 875 941 ut
905 897 951 942 et
982 902 1074 941 nos
1110 886 1212 957 ipsi
1242 888 1295 938 in
1342 884 1483 939 vobis
1513 883 1791 957 gloriemur
1831 882 1887 933 in
1932 878 2121 933 Eccle-

528 983 617 1039 siis
654 979 773 1035 Dei.
826 981 1097 1036 Intantum
1130 978 1419 1050 prolicitis,
1450 987 1526 1045 ut,
1549 993 1657 1031 non
1685 976 1861 1031 Solum
1894 974 1985 1029 alii
2027 987 2123 1027 vos

528 1073 820 1129 inferiores
847 1072 1047 1142 quique
1073 1069 1413 1136 collaudent,
1447 1067 1543 1124 sed
1571 1067 1734 1123 etiam
1768 1081 1867 1122 nos
1899 1064 2003 1135 ipsi
2028 1076 2126 1119 vos

529 1164 887 1238 praeferamus
913 1163 1167 1219 omnibus
1199 1160 1509 1217 imitandos.

604 1257 713 1311 Pro
769 1256 1021 1327 patientia
1058 1264 1229 1309 vestra
1256 1262 1302 1305 et
1330 1252 1456 1321 ﬁde,
1498 1260 1547 1305 et
1587 1252 1640 1304 in
1678 1247 1915 1303 omnibus
1955 1263 2127 1320 perse-

532 1350 824 1405 cutionibus
845 1347 1044 1415 vestris,
1074 1354 1123 1400 et
1154 1342 1598 1401 tribulationibus.
1632 1341 1744 1397 Nisi
1788 1341 1969 1396 futura
2000 1354 2118 1394 cre-

535 1444 764 1511 deretis,
805 1442 907 1496 ista
937 1440 1159 1496 minime
1188 1437 1419 1493 sulferre
1442 1437 1673 1493 velletis.
1758 1504 1759 1507 η

609 1536 753 1601 Quas
784 1534 1044 1588 sustinetis
1074 1533 1128 1585 in
1177 1530 1471 1599 exemplum
1506 1530 1648 1600 justi
1680 1528 1873 1598 judicii
1904 1525 2022 1580 Dei.
2058 1524 2129 1581 Ut

535 1628 845 1697 exemplum
876 1626 1036 1693 detis,
1061 1624 1268 1697 justum
1294 1624 1389 1679 Dei
1430 1623 1695 1694 judicium
1724 1619 2078 1692 exspectandi
2110 1634 2125 1675 :

536 1736 698 1791 quem
732 1720 804 1774 ita
832 1718 1054 1774 creditis
1080 1733 1204 1774 esse
1226 1726 1537 1772 venturum.
1616 1744 1619 1747 ν

617 1813 685 1868 Ut
732 1813 877 1885 digni
908 1813 1201 1866 habeamini
1223 1813 1275 1865 in
1311 1826 1468 1881 regno
1496 1808 1616 1877 Dei,
1649 1825 1743 1881 pro
1777 1826 1879 1880 quo
1920 1817 1969 1863 et
1998 1807 2133 1878 pati-

534 1905 683 1960 mini.
734 1904 797 1959 lli
841 1904 988 1974 digni
1026 1912 1154 1957 sunt
1201 1916 1373 1971 regno
1401 1901 1523 1968 Dei,
1561 1898 1653 1969 qui
1684 1901 1915 1970 gloriam
1941 1899 1989 1955 ei
2039 1900 2136 1954 Iri-

535 1998 772 2053 buerunt
824 2013 838 2052 :
895 1996 1135 2052 scientes
1199 1994 1406 2050 nullam
1462 1995 1771 2066 passionem
1827 2010 1949 2051 esse
2003 2009 2135 2051 con-

536 2090 779 2160 dignam.

610 2184 671 2239 Si
717 2194 884 2238 tamen
907 2187 1113 2255 justum
1136 2194 1214 2239 est
1243 2184 1383 2253 apud
1407 2183 1573 2237 Deum
1606 2182 1887 2236 retribuere
1918 2180 2138 2234 tribula-

537 2277 729 2331 tionem
771 2275 852 2329 Itis
890 2275 979 2346 qui
1025 2291 1114 2330 vos
1154 2274 1422 2330 lribulant.
1459 2274 1577 2343 llic,
1617 2274 1661 2327 si
1696 2283 1898 2339 tamen,
1937 2270 2139 2326 contir-

547 2369 745 2425 mantis
778 2384 961 2425 sermo
991 2379 1095 2437 est,
1141 2384 1249 2425 non
1290 2368 1590 2424 dubitantis
1623 2385 1634 2419 :
1667 2365 1821 2436 quasi
1867 2365 2010 2421 dicat
2046 2382 2059 2422 :
2093 2364 2137 2419 si

543 2472 721 2518 tamen
751 2462 883 2517 loris
904 2472 1085 2533 potest
1100 2462 1345 2532 judicare
1369 2460 1605 2532 iustitia,
1631 2458 1774 2530 quod
1803 2459 2007 2529 justum
2030 2467 2135 2514 est.

541 2556 674 2612 Nam
697 2556 837 2613 sicut
868 2555 1235 2612 indubitanter
1266 2570 1363 2626 pro
1389 2555 1607 2610 nomine
1639 2552 1855 2609 Domini
1891 2552 2139 2623 patienti-

539 2653 647 2710 bus
673 2653 924 2723 requiem
951 2670 965 2707 :
992 2653 1063 2707 ita
1089 2653 1467 2709 incunctanter
1500 2650 1903 2707 tribulationem
1935 2651 2019 2706 bis
2047 2650 2137 2721 qui

541 2760 638 2800 eos
667 2743 955 2812 tribulant,
986 2746 1319 2813 repromisit.

605 2833 674 2891 Et
716 2839 854 2890 vobis
883 2837 970 2905 qui
1003 2836 1338 2902 tribulamini,
1386 2838 1612 2908 requiem
1661 2838 1950 2893 nobiscum.
2001 2834 2138 2902 Quia

540 2928 697 2985 nobis
726 2927 1122 2998 compatimini.

610 3021 680 3075 In
721 3020 1083 3076 reuelationem
1121 3020 1330 3078 Domini
1355 3023 1485 3078 Iesu
1521 3023 1584 3078 de
1626 3021 1753 3079 ctelo
1787 3037 1901 3075 cum
1942 3019 2139 3093 angelis

542 3114 747 3171 virtutis
776 3116 912 3187 ejus.

614 3206 681 3263 In
707 3212 919 3277 ﬂamma
946 3208 1101 3280 ignis,
1136 3208 1309 3263 dantis
1342 3207 1640 3263 vindictam.
1677 3210 1734 3267 Si
1774 3212 1946 3282 potuit
1985 3211 2141 3266 llam-

541 3317 630 3357 ma
672 3301 767 3357 Dei
807 3302 1037 3372 imperio
1073 3309 1183 3357 tres
1225 3315 1424 3372 pueros
1461 3302 1683 3357 omnino
1727 3319 1835 3358 non
1876 3313 2140 3375 tangere:

541 3411 712 3468 quare
740 3411 845 3451 non
874 3395 1061 3451 eadem
1093 3398 1337 3465 potentia
1361 3394 1493 3450 aliis
1533 3395 1751 3466 saevior,
1796 3397 1919 3451 aliis
1960 3398 2145 3451 mitior

543 3503 666 3544 esse
695 3486 991 3543 credatur?
1019 3486 1129 3541 lloc
1157 3494 1351 3541 contra
1383 3502 1479 3542 eos
1507 3498 1817 3559 propterea,
1852 3488 1997 3558 quod
2031 3504 2145 3559 poe-

543 3595 668 3635 nam
696 3580 1045 3635 conscientiae
1081 3579 1454 3645 somniarnnt;
1501 3578 1627 3649 quia
1660 3577 1763 3634 hoc
1804 3579 1908 3635 illis
1941 3578 2146 3651 impos-

540 3668 707 3725 sibile
737 3670 1037 3725 videbatur.

622 3760 720 3815 liis
744 3762 833 3831 qui
862 3778 965 3814 non
996 3772 1243 3818 noverunt
1274 3762 1444 3817 Deum
1473 3780 1491 3817 :
1543 3775 1591 3819 et
1618 3767 1709 3837 qui
1751 3784 1857 3822 non
1903 3768 2146 3825 obediunt

546 3854 833 3926 Evangelio
867 3853 1073 3909 Domini
1101 3858 1262 3911 nostri
1289 3855 1417 3912 Jesu
1448 3855 1660 3913 Cltristi.
1691 3859 1807 3916 Non
1840 3863 2012 3918 solum
2052 3864 2145 3934 qui

548 3963 657 4004 non
688 3958 977 4015 noverunt,
1022 3947 1119 4004 sed
1161 3948 1326 4005 etiam
1352 3950 1446 4021 qui
1484 3967 1591 4007 non
1618 3951 1918 4010 obaudiunt
1963 3954 2145 4010 Evan-

544 4039 672 4112 solii
698 4039 1018 4110 disciplinis.

623 4132 726 4199 Qui
771 4149 949 4202 poenas
977 4132 1171 4188 dabunt
1219 4136 1271 4190 in
1317 4135 1530 4191 interitu
1574 4145 1813 4191 teternas.
1854 4135 2049 4193 Ptenas
2088 4134 2142 4190 in

551 4240 618 4282 eo
650 4226 741 4297 qui
769 4225 993 4295 patitur,
1023 4243 1129 4282 non
1156 4237 1341 4299 potest
1366 4228 1497 4289 dici.

620 4321 663 4372 A
696 4319 832 4389 facie
885 4317 1113 4386 Domini,
1152 4329 1201 4373 et
1248 4337 1280 4374 a
1319 4320 1488 4389 gloria
1533 4320 1734 4374 virtutis
1765 4323 1895 4393 ejus.
1940 4320 1984 4375 A
2010 4319 2143 4390 justi

547 4420 866 4482 conspectu,
896 4399 1222 4469 sententiain
1250 4411 1619 4467 damnationis
1650 4412 1939 4482 accipiant.

2220 415 2463 470 scientia:
2496 418 2773 483 virtutum,
2804 434 2927 486 quas
2960 431 3096 488 opus
3122 423 3253 471 sunt
3283 414 3432 472 fidei.

2306 506 2375 561 Ut
2415 508 2731 578 clari/iretur
2780 525 2964 563 nomen
3013 506 3224 561 Domini
3269 508 3432 562 nostri
3479 506 3610 562 Iesu
3639 506 3831 562 Christi

2221 598 2277 651 in
2303 599 2465 664 vobis,
2490 609 2535 652 et
2565 616 2651 654 vos
2680 600 2735 654 in
2766 598 2881 655 illo.
2916 600 2982 655 Et
3009 610 3070 655 ut
3093 600 3294 655 Christi
3318 615 3517 656 nomen
3544 600 3600 655 in
3628 601 3825 655 vestris

2223 692 2434 747 actibus
2463 693 2673 748 clarum
2704 692 2796 762 sit,
2829 703 2885 750 et
2914 707 3013 749 vos
3044 693 3100 749 in
3130 695 3250 764 ejus
3290 693 3482 765 signis,
3515 702 3572 749 et
3616 694 3830 749 virtuti-

2225 783 2328 839 bus
2356 784 2601 854 gloriosi.

2296 877 2598 933 Secundum
2654 879 2879 950 gratiam
2925 875 3023 932 Dei
3078 878 3288 946 nostri,
3348 888 3395 933 et
3437 876 3659 933 Domini
3707 877 3833 935 Jestt

2225 968 2440 1025 Christi.
2477 971 2698 1042 Expetit
2738 989 2766 1026 ει
2792 972 2972 1041 nobis,
3024 972 3166 1045 quod
3200 987 3489 1045 possumus
3531 991 3545 1029 :
3580 983 3642 1030 ut
3690 974 3833 1046 quod

2227 1079 2335 1119 non
2367 1080 2681 1137 possumus,
2708 1066 2992 1138 largiatur.
3047 1101 3061 1131 ;

2864 1223 3091 1281 CAPUT
3123 1224 3189 1281 ll.

2292 1333 2555 1407 Rogamus
2587 1348 2760 1392 autem
2791 1354 2900 1408 vos,
2940 1340 3147 1410 fratres,
3194 1356 3285 1412 per
3309 1340 3593 1395 adventum
3623 1337 3835 1395 Domini

2230 1431 2392 1484 nostri
2421 1431 2550 1487 Jesu
2572 1429 2785 1488 Christi.
2814 1432 2932 1502 Quo
2966 1434 3116 1491 vobis
3136 1434 3354 1491 cltarius
3380 1434 3515 1490 nihil
3540 1451 3687 1505 esse,
3715 1451 3834 1491 sum

2229 1523 2453 1579 certius.

2303 1615 2373 1669 Et
2400 1627 2590 1673 nostrtc
2614 1621 3027 1693 congregationis
3068 1623 3121 1675 in
3158 1621 3348 1692 ipsum.
3379 1622 3609 1691 Quando
3637 1639 3668 1678 a
3705 1638 3838 1693 qua-

2158 1716 2207 1776 B
2234 1718 2356 1765 tuor
2382 1715 2561 1766 ventis
2599 1713 2722 1769 coeli
2757 1714 3231 1785 congregabuntur
3257 1716 3417 1772 electi
3447 1730 3463 1772 :
3506 1724 3565 1772 ut
3604 1715 3698 1771 ubi
3730 1715 3839 1771 lue-

2238 1804 2306 1859 rit
2333 1819 2554 1875 corpus,
2589 1806 2697 1861 illic
2724 1818 3053 1863 concurrant
3081 1816 3137 1864 et
3164 1809 3386 1878 aquilat.

2314 1897 2382 1952 Ut
2414 1915 2515 1952 non
2544 1899 2642 1953 cito
2664 1902 2969 1955 moveamini
2999 1918 3029 1954 a
3056 1911 3219 1956 vestro
3244 1918 3421 1972 sensu,
3455 1920 3622 1975 neque
3647 1915 3841 1959 terrea-

2238 1989 2384 2043 mini.
2415 1989 2694 2046 Perfacilis
2734 2002 2839 2058 est,
2871 1994 2962 2064 qui
2991 1992 3061 2048 de
3107 1993 3323 2049 Domini
3372 1995 3608 2052 adventu
3649 2007 3840 2054 contra

2239 2082 2604 2152 evangelicam
2643 2086 2964 2141 sententiam
2994 2102 3387 2144 commovetur.

2312 2176 2497 2249 Neque
2526 2196 2614 2250 per
2639 2181 2907 2250 spiritum,
2935 2198 3094 2253 neque
3122 2201 3213 2256 per
3244 2200 3553 2241 sermonem.
3580 2183 3662 2241 Ne
3691 2185 3843 2255 signa

2240 2283 2338 2325 vos
2377 2278 2639 2339 terreant,
2678 2274 2832 2344 quasi
2866 2289 2961 2344 per
2990 2276 3237 2345 spiritum
3262 2275 3403 2332 facta
3438 2294 3453 2339 ;
3489 2279 3619 2349 quia
3648 2286 3705 2333 et
3740 2278 3844 2332 hoc

2242 2360 2492 2418 Salvator
2520 2375 2644 2421 ante
2693 2369 3015 2437 praemonuit
3059 2388 3075 2424 :
3113 2385 3287 2441 neque
3326 2386 3510 2428 sermo
3546 2372 3846 2429 dialectica:

2241 2473 2338 2513 vos
2367 2457 2612 2515 seducat.

2320 2548 2500 2621 Neque
2526 2568 2617 2622 per
2644 2554 2921 2622 epistolam
2944 2564 3204 2628 tamquam
3240 2574 3330 2628 per
3357 2574 3447 2613 nos
3480 2559 3713 2613 missam.
3746 2559 3848 2613 Po-

2246 2650 2420 2697 terant
2452 2654 2503 2699 et
2549 2644 2651 2700 hoc
2677 2645 2944 2702 diabolica
2975 2650 3290 2719 excogitare
3318 2653 3586 2721 versutia,
3618 2653 3767 2707 sicut
3797 2653 3845 2707 in

2243 2736 2426 2792 multis
2462 2732 2790 2811 apocrypbis
2839 2754 3086 2812 apparet,
3123 2760 3243 2814 qua:
3280 2744 3346 2800 ad
3397 2744 3559 2801 ﬁdem
3606 2745 3849 2817 perfidia:

2244 2830 2571 2900 faciendam,
2603 2834 2973 2904 apostolorum
3000 2840 3219 2893 nomine
3248 2839 3621 2895 intitulantnr.

2320 2927 2479 2994 Quasi
2516 2928 2670 2981 instet
2712 2928 2820 2983 dies
2851 2928 3082 2985 Domini.
3118 2930 3201 2984 Ne
3225 2933 3340 3002 quis
3372 2949 3460 2987 vos
3494 2932 3711 2987 scducat
3742 2934 3851 2988 ulla

2243 3020 2421 3075 modo.
2455 3021 2705 3078 Dicentes
2736 3040 2750 3079 :
2784 3022 2871 3078 hic
2895 3023 3165 3091 Christus,
3197 3040 3324 3081 ecce
3354 3027 3482 3082 illic.

2169 3111 2215 3176 C
2323 3114 2581 3180 Quoniam
2611 3117 2712 3171 nisi
2747 3118 2935 3171 venerit
2981 3116 3229 3173 discessio
3253 3120 3501 3191 primunt.
3533 3118 3651 3175 Nisi
3691 3120 3847 3174 Anti-

2244 3206 2486 3263 cltristus
2516 3208 2747 3277 venerit,
2789 3224 2897 3265 non
2935 3211 3115 3265 veniet
3146 3211 3419 3268 Christus.
3461 3212 3617 3279 Quod
3669 3224 3849 3267 autem

2245 3300 2636 3358 discessionem
2664 3302 2751 3357 hic
2778 3302 2934 3369 dicit,
2966 3303 3096 3358 alibi
3132 3305 3393 3375 refugium
3422 3305 3743 3375 appellavit.
3792 3304 3848 3360 ln

2246 3391 2457 3448 Latinis
2508 3395 2912 3465 exemplaribus
2964 3404 3254 3465 utrumque
3304 3394 3377 3450 ita
3430 3394 3847 3467 intelligendum

2246 3496 2348 3551 εει,
2381 3490 2524 3558 quod
2554 3488 2657 3543 nisi
2688 3489 2895 3544 venerit
2926 3489 3110 3561 refuga
3145 3490 3409 3558 veritatis,
3442 3490 3556 3546 sive
3584 3492 3671 3546 sui
3704 3491 3851 3559 prin-

2245 3580 2452 3650 cipatus
2486 3580 2754 3648 desertor,
2802 3581 2916 3637 sive
2954 3582 3222 3639 discessio
3250 3583 3536 3654 gentilium
3584 3599 3613 3637 a
3664 3584 3848 3654 Rrgno

2246 3672 2512 3739 Romano,
2542 3676 2682 3729 sicut
2713 3676 2764 3728 in
2788 3674 3007 3731 Daniele
3034 3693 3130 3748 per
3157 3678 3344 3733 bestia:
3374 3679 3664 3748 imaginem
3696 3678 3846 3734 dicit.

2316 3763 2384 3817 Et
2413 3764 2663 3821 revelatus
2709 3768 2864 3838 fuerit
2890 3769 3043 3823 homo
3067 3770 3282 3839 peccati.
3324 3770 3583 3827 Diabolus
3618 3772 3847 3828 scilicet.

2318 3857 2493 3912 Filius
2524 3860 2852 3927 perditionis.
2880 3861 2982 3929 Qui
3011 3878 3134 3918 cum
3167 3863 3320 3934 quasi
3349 3864 3451 3921 sibi
3494 3875 3703 3933 natum,
3736 3881 3851 3921 ser-

2246 3949 2378 4004 vitio
2408 3950 2711 4019 possidebit
2756 3970 2770 4008 :
2816 3952 2909 4024 qui
2949 3955 3246 4011 secundum
3288 3955 3481 4013 Isaiam
3522 3958 3847 4015 conturbare

2246 4040 2446 4097 dicitur
2475 4054 2687 4113 gentes.

2323 4135 2421 4203 Qui
2460 4138 2759 4194 adversatur
2782 4150 2830 4195 et
2865 4143 3132 4199 extollitur
3157 4162 3317 4217 supra
3342 4162 3511 4214 omne,
3541 4148 3683 4217 quod
3717 4145 3851 4201 dicio

2248 4236 2331 4283 tur
2362 4229 2529 4299 Deus,
2559 4240 2649 4286 aut
2675 4234 2811 4303 quod
2840 4235 3031 4289 colitur
3059 4253 3073 4291 :
3106 4238 3179 4291 ita
3212 4238 3266 4292 in
3298 4237 3487 4310 templo
3514 4236 3612 4293 Dei
3645 4240 3848 4307 sedent,

2247 4322 2517 4377 ostendens
2544 4340 2597 4377 sc
2620 4333 2879 4396 tamquam
2905 4328 2970 4381 sit
3001 4326 3162 4385 Deus.
3200 4332 3369 4401 Supra
3399 4346 3610 4386 omnem
3652 4340 3852 4401 potest.

2250 4414 2398 4481 tiam,
2427 4424 2480 4470 et
2507 4416 2869 4475 aeternitatem
2901 4435 2961 4475 se
2982 4420 3213 4491 iactabit
3240 4442 3251 4477 :
3280 4433 3338 4478 ut
3367 4433 3707 4480 sacramenta
3731 4426 3853 4480 cul-

628 4503 758 4560 Cum
785 4505 974 4559 venerit
996 4503 1282 4578 gloriﬁcari
1307 4505 1362 4559 in
1391 4507 1586 4560 sanctis
1618 4507 1741 4560 suis.
1773 4506 1891 4576 Ipse
1919 4507 1973 4562 in
2020 4507 2144 4563 liliis
2171 4500 2222 4561 D
2252 4516 2386 4564 turae
2412 4510 2703 4580 corrigere,
2724 4514 2808 4567 vel
2841 4528 3041 4585 augere
3076 4531 3136 4573 se
3164 4516 3327 4584 dicat,
3375 4528 3429 4574 et
3463 4518 3722 4590 templum
3752 4519 3848 4575 Je-

550 4594 940 4669 glorilicandus
969 4606 1053 4653 est
1080 4597 1360 4666 membris,
1391 4613 1513 4669 qua:
1553 4597 1684 4654 solis
1716 4597 2004 4669 splendore
2036 4598 2142 4655 t‘ul-

549 4690 773 4758 gcltunt.

624 4781 692 4837 Et
741 4781 1065 4837 admirabilis
1111 4783 1226 4853 ﬁeri
1280 4784 1334 4838 in
1380 4784 1615 4839 omnibus
1654 4784 1742 4855 qui
1790 4785 2141 4843 crediderunt.

551 4872 892 4931 Mirabuntur
934 4874 1106 4944 impii,
1139 4882 1196 4932 et
1234 4876 1487 4932 irrisores
1517 4878 1867 4943 humilitatis,
1908 4879 1961 4933 in
2003 4879 2147 4949 jubi-

551 4965 750 5022 latione
774 4968 968 5023 salutis
999 4967 1288 5036 inSperata:
1310 4972 1601 5038 jnstorum.

624 5058 763 5124 Quia
783 5057 1036 5113 creditum
1059 5069 1132 5114 est
1156 5061 1509 5115 testimonium
1540 5071 1773 5116 nostrum
1800 5080 1956 5136 super
1982 5080 2069 5119 vos
2091 5064 2143 5119 in

550 5150 635 5207 die
685 5151 797 5205 illo.
843 5151 979 5218 Quia
1023 5152 1177 5207 tnulti
1217 5154 1271 5208 in
1313 5154 1549 5222 dieillo,
1598 5165 1787 5212 nostro
1832 5159 2144 5214 testintOnio

548 5242 881 5301 credidistis.
2136 5236 2149 5239 “

622 5335 690 5391 1η
715 5352 817 5407 quo
846 5336 1002 5391 etiam
1033 5353 1240 5391 oramus
1268 5352 1467 5406 semper
1498 5353 1592 5406 pro
1620 5338 1780 5408 vobis,
1810 5348 1867 5394 ut
1904 5341 2144 5412 dignetur

547 5445 635 5485 vos
675 5445 771 5485 sua
798 5428 1065 5484 vocatione
1105 5428 1246 5484 Deus
1276 5438 1469 5485 noster.
1498 5428 1571 5487 Ut
1609 5429 1756 5502 digni
1798 5432 2171 5489 inveniatnini‘

549 5519 617 5575 ad
650 5520 702 5577 id
732 5520 876 5593 quod
906 5522 1110 5579 vocasti
1138 5523 1268 5579 estis
1297 5541 1310 5578 :
1346 5524 1471 5596 quia
1505 5525 1717 5596 priores
1756 5525 1985 5595 invitati,
2032 5541 2141 5582 non

552 5626 706 5671 erant
732 5616 901 5686 digni.

627 5702 694 5760 Et
722 5707 936 5777 impleat
967 5723 1168 5764 omnem
1189 5710 1502 5768 voluntatem
1524 5713 1768 5773 bonitatis
1789 5733 1916 5789 sua’,
1941 5726 1987 5775 et
2012 5735 2141 5792 Opus

2248 4600 2486 4655 rnsalem
2513 4602 2739 4658 reﬁcere
2771 4605 3021 4673 tentabit,
3053 4623 3351 4679 omnesque
3397 4608 3558 4681 Legis
3586 4626 3853 4668 caeremo-

2249 4692 2368 4747 nias
2399 4702 2710 4751 restaurare
2750 4714 2761 4749 :
2794 4705 3000 4753 tantum
3037 4709 3095 4753 ut
3143 4700 3383 4756 veritatis
3422 4701 3627 4759 Christi
3665 4704 3849 4759 Evan-

2248 4782 2449 4852 gelium
2500 4784 2667 4840 solvat
2711 4804 2722 4839 :
2767 4803 2887 4858 qua:
2918 4804 3008 4846 res
3050 4789 3251 4846 Judtcis
3297 4806 3420 4847 eum
3474 4808 3576 4863 pro
3628 4793 3853 4851 Christo

2248 4878 2524 4946 suscipere
2544 4880 2810 4949 suadebit,
2833 4880 2884 4937 in
2904 4886 3152 4952 suo,’non
3172 4886 3263 4942 Dei
3281 4888 3497 4944 nomine
3516 4888 3847 4946 venientem.

2325 4968 2446 5024 Non
2484 4973 2731 5039 retinetis,
2774 4977 2910 5045 quod
2955 4994 3072 5032 cum
3117 4980 3287 5035 adhuc
3333 4997 3488 5036 essem
3516 4983 3665 5051 apud
3720 5002 3811 5039 ros
3836 5027 3851 5054 ,

2247 5062 2357 5119 lucc
2380 5066 2608 5121 dicebant
2650 5069 2807 5123 vobis.
2843 5070 2908 5125 Et
2935 5088 3072 5127 nunc
3099 5076 3224 5145 quid
3255 5075 3494 5142 detineat,
3520 5076 3685 5133 scitis.
3736 5078 3853 5136 [Ioc

2247 5167 2353 5224 est,
2383 5175 2502 5230 quin
2529 5176 2681 5217 mora
2715 5172 2819 5230 est,
2845 5174 2902 5218 ut
2932 5181 3039 5220 non
3071 5171 3271 5224 veniat.

2324 5253 2393 5310 Ut
2424 5256 2671 5312 reveletur
2697 5258 2751 5311 in
2779 5274 2872 5314 suo
2900 5268 3145 5333 temmre.
3175 5261 3333 5331 Quod
3358 5274 3573 5335 tempus
3604 5264 3851 5323 nondum

2244 5345 2483 5402 advenit.

2320 5438 2459 5494 Nam
2493 5443 2792 5511 mysterium
2810 5446 2925 5517 jam
2954 5456 3192 5516 aperatur
3212 5447 3527 5514 iniquitatis.
3556 5448 3616 5506 In
3646 5449 3735 5508 lllS
3760 5453 3850 5522 qui

2244 5531 2397 5589 falsis
2446 5533 2713 5593 doctrinis
2768 5537 2887 5608 ejus
2936 5540 3197 5609 proavium
3253 5540 3458 5599 faciunt
3499 5545 3607 5601 iter
3655 5563 3669 5600 :
3714 5559 3849 5618 quos

2245 5625 2437 5682 beatus
2467 5626 2705 5685 Joannes
2741 5631 2792 5685 in
2824 5631 3082 5687 mundum
3112 5632 3241 5688 dicit
3272 5634 3478 5691 cxiSse.

2313 5719 2537 5777 Tantum
2562 5730 2620 5778 ut
2656 5724 2745 5796 qui
2773 5732 2908 5791 tenet
2938 5740 3089 5795 nunc,
3121 5734 3286 5782 teneat
3321 5742 3339 5781 :
3378 5727 3547 5785 donec
3571 5730 3639 5789 de
3680 5732 3851 5789 medio
