4008 6188
171 243 278 309 875

169 370 284 440 ﬁat.
313 365 374 422 Et
408 373 529 422 tunc
557 365 874 424 revelabitur
902 366 994 422 ille
1030 367 1262 436 iniquus.
1299 365 1483 420 Donec
1515 379 1762 436 regnum,
1795 371 1844 426 Λ
1872 364 2090 430 Currat,
2137 361 2412 420 aillucntia

168 460 314 532 quod
346 477 491 516 nunc
523 469 691 531 tenet,
735 461 804 518 de
831 459 1012 518 medio
1051 459 1350 526 auferatur,
1399 456 1548 529 prius
1599 472 1764 528 quam

166 551 538 609 Antichrislus
569 554 872 611 reveletur.

239 645 404 711 Quem
441 643 701 701 Dominus
741 644 896 702 Jesus
947 645 1222 716 interﬁciet
1273 643 1460 718 spiritu
1518 643 1622 700 oris
1659 644 1762 700 sui.

161 735 386 796 Ctelesti
415 739 672 810 imperio,
696 740 784 795 vel
813 739 953 796 solo.

239 831 309 888 Et
346 833 570 888 destruet
615 833 964 891 illustratione
993 835 1246 892 adventus
1281 836 1382 892 sui.
1423 835 1581 905 Quia,
1623 835 1767 891 sicut

160 922 362 998 fulgur,
396 926 599 998 ubique
627 927 936 984 coruscabit
961 925 1019 983 in
1051 929 1278 1000 mundo,
1312 929 1509 986 solutis
1527 943 1767 986 commo-

161 1019 340 1091 tisque
369 1019 658 1076 elementis
687 1036 786 1093 per
819 1022 1020 1094 ignem.

227 1113 384 1182 Eunt,
410 1118 564 1190 cujus
589 1125 665 1171 est
689 1114 942 1173 aduentus
971 1117 1252 1173 secundum
1283 1117 1634 1191 Operationem
1662 1117 1766 1174 Sa-

157 1207 296 1264 tanae
319 1211 371 1264 in
396 1211 538 1265 omni
564 1211 772 1278 virtute,
792 1222 841 1267 et
863 1212 1028 1284 signis
1051 1222 1098 1266 et
1126 1212 1382 1283 prodigiis
1408 1210 1762 1278 mendacibus,

155 1316 203 1360 et
230 1307 286 1360 in
310 1306 453 1361 omni
472 1305 772 1361 seductione
790 1306 1103 1376 iniquitatis,
1133 1305 1215 1361 his
1240 1306 1326 1377 qui
1346 1311 1580 1377 pereunt.
1610 1303 1766 1360 Sicut

154 1407 283 1454 ante
328 1399 600 1470 praedixit,
645 1398 851 1454 dabunt
889 1399 1064 1470 signa,
1113 1406 1174 1453 ut
1219 1398 1508 1466 seducant,
1559 1399 1604 1452 si
1645 1395 1763 1452 ﬁeri

154 1499 356 1563 potest,
388 1490 552 1548 etiam
580 1491 786 1549 electos
826 1506 927 1562 per
952 1491 1294 1562 phantasiam
1323 1489 1763 1545 simulationem-

154 1599 263 1654 que
303 1584 564 1640 virtutum
625 1602 639 1638 :
697 1586 840 1640 sicut
891 1583 1115 1640 Jamnes
1172 1590 1230 1640 et
1280 1582 1524 1639 Mambre
1575 1595 1762 1638 coram

155 1674 440 1733 Pharaone
468 1676 736 1733 fecerunt.

917 244 1462 308 COMMENTARIUS
1501 246 1571 306 ΙΝ
1612 246 1832 308 EPIST.
1872 247 1915 307 ll
1959 245 2051 305 AD
2087 245 2428 309 TllESSAL.
2467 247 2620 308 CAP.
2665 250 2755 308 Ill.

3367 251 3436 311 8‘7
3450 255 3474 310 ι

2465 381 2475 416 :
2521 362 2931 433 inagnil‘tcetur,
2978 361 3284 420 auditorum
3342 381 3472 436 pro-

1869 454 2037 511 fectu.

1968 548 2038 604 Et
2071 557 2125 603 ut
2155 549 2428 605 liberentur
2453 549 2516 605 ab
2544 549 2852 622 importunis
2881 558 2926 606 et
2968 552 3118 607 malis
3157 553 3468 610 hominibus.

1871 639 1995 697 Non
2018 643 2152 698 enim
2181 644 2412 698 omnium
2437 652 2510 698 est
2540 643 2694 713 ﬁdes.
2718 641 2836 700 Non
2858 657 3049 700 omnes
3065 644 3318 715 credunt,
3350 648 3472 703 ideo

1869 735 2271 793 contradicunt.

1943 826 2148 884 Fidelis
2181 839 2353 886 autent
2401 829 2544 886 Deus
2573 839 2666 888 est.
2696 831 2833 900 Quia
2875 846 2983 888 non
3041 831 3320 905 relinquit,
3370 834 3474 889 nisi

1869 920 2241 993 relinquentes
2271 938 2350 980 se.
2876 907 2884 919 ’

1945 1014 2048 1083 Qui
2090 1017 2416 1086 conﬁrmabit
2449 1033 2564 1084 vos,
2603 1026 2652 1074 et
2695 1018 2952 1074 custodiet
2981 1035 3012 1073 a
3044 1019 3200 1074 malo.
3249 1017 3309 1073 In
3343 1019 3471 1089 tidc,

1869 1122 1966 1179 per
1991 1107 2296 1163 doctrinam
2327 1117 2384 1164 et
2412 1109 2664 1180 gratiam.

1941 1201 2266 1272 Con/idimus
2308 1211 2479 1258 autem
2522 1205 2586 1258 de
2629 1205 2804 1272 vobis,
2855 1207 3063 1278 fratres,
3114 1209 3168 1262 in
3210 1205 3476 1264 Domino:

1872 1300 2120 1370 quoniam
2144 1314 2480 1370 quaecumque
2508 1301 2862 1372 prwcipimus,
2897 1312 2945 1356 et
2973 1303 3148 1373 facitis
3176 1311 3221 1358 et
3255 1304 3478 1374 facietis.

1873 1393 2131 1450 Dominus
2159 1404 2332 1451 autem
2361 1397 2553 1470 dirigat
2594 1399 2752 1452 corda
2785 1408 2955 1452 vestra
2987 1401 3039 1453 in
3071 1400 3323 1457 charitate
3357 1401 3478 1466 Dei,

1867 1497 1916 1543 et
1942 1489 2197 1560 patientia
2222 1486 2437 1544 Christi.
2464 1488 2774 1544 Revelando
2797 1501 2993 1559 quanta
3024 1492 3152 1557 sint,
3183 1508 3302 1562 qum
3327 1506 3479 1548 amo-

1875 1580 1951 1637 ris
1981 1582 2062 1635 sui
2090 1595 2257 1636 causa
2288 1582 2645 1637 contumelias
2673 1582 3004 1653 patientibus
3034 1584 3304 1653 promisit.

1943 1673 2328 1729 Denuntiamus
2364 1685 2537 1730 autem
2572 1674 2736 1741 vobis,
2782 1679 2994 1748 fratres,
3027 1675 3079 1729 in
3117 1676 3328 1729 nomine
3371 1674 3482 1729 Do-

232 1766 314 1824 Eo
357 1769 499 1842 quod
540 1771 770 1826 veritatis
813 1769 1121 1825 charitatem
1175 1785 1279 1824 non
1325 1775 1654 1841 receperunt,
1708 1776 1764 1823 ut
1794 1765 1844 1828 B
1871 1766 1997 1821 mini
2039 1769 2208 1822 nostri
2226 1765 2355 1821 Jesu
2406 1767 2618 1834 Christi,
2669 1776 2726 1821 ut
2767 1767 3086 1821 subtrahatis
3115 1784 3203 1822 ros
3233 1767 3297 1820 ab
3340 1766 3482 1820 omni

148 1861 281 1918 salvi
314 1863 523 1934 ﬁerent.
552 1864 684 1920 Ideo
713 1865 882 1920 mittet
915 1866 1021 1920 illis
1053 1863 1196 1919 Deus
1231 1865 1580 1936 operationem
1616 1880 1765 1920 erro-

147 1955 222 2009 ris
255 1997 271 2022 ,
313 1965 372 2009 ut
423 1957 642 2012 credant
681 1957 974 2012 mendacio.
1027 1955 1300 2013 Permittit
1352 1955 1584 2023 venire;
1636 1971 1760 2013 nam

147 2049 196 2105 si
222 2049 364 2104 Deus
397 2048 589 2117 mittit,
621 2059 844 2106 non-est
866 2051 1116 2121 operatio
1146 2050 1388 2106 Satanae.

231 2140 301 2198 Ut
319 2142 629 2214 judicentur
649 2160 822 2199 omnes
849 2145 938 2216 qui
957 2161 1057 2199 non
1075 2145 1409 2200 crediderunt
1425 2143 1648 2211 veritati,
1671 2143 1762 2200 sed

150 2243 523 2290 consenserunt
552 2236 836 2307 iniquitati.
866 2237 983 2293 Non
1015 2252 1077 2293 se
1119 2249 1341 2308 propter
1367 2237 1762 2293 incarnationis

149 2323 356 2381 Christi
377 2326 768 2384 obscuritatem
793 2340 1076 2397 excusent,
1100 2329 1298 2386 divinis
1324 2346 1432 2386 non
1457 2329 1762 2388 credidisse

146 2417 484 2477 virtutibus:
516 2436 641 2478 cum
680 2422 886 2479 homini
932 2423 1290 2493 crediderint,
1335 2424 1606 2482 diabolica
1643 2435 1760 2483 arte

163 2511 401 2570 fallente.

233 2607 353 2664 Nos
380 2615 553 2664 autem
582 2607 827 2662 debemus
854 2607 1051 2682 gratias
1091 2622 1244 2680 agere
1283 2605 1398 2663 Deo
1440 2624 1640 2682 semper
1665 2624 1761 2681 pro

143 2697 309 2767 vobis,
344 2698 535 2769 fratres
579 2699 750 2753 dilecti
795 2714 827 2753 a
865 2697 999 2754 Deo.
1039 2697 1174 2766 Quia
1230 2698 1555 2756 charitatem
1611 2714 1762 2756 rcce-

142 2791 329 2864 pimus
352 2791 620 2861 veritatis,
652 2801 706 2849 et
730 2801 956 2865 propter
986 2793 1091 2849 hoc
1120 2807 1222 2848 nos
1250 2793 1446 2865 diligit.

221 2885 379 2954 Quod
397 2886 608 2958 elegerit
635 2902 728 2941 nos
755 2884 901 2941 Dens
931 2886 1185 2956 primitias
1214 2886 1270 2940 in
1301 2883 1522 2940 salutem
1554 2885 1608 2940 in
1637 2902 1756 2941 san-

143 2979 460 3048 ctificatione
486 2980 734 3052 spiritus,
762 2988 812 3034 et
837 2979 891 3034 in
917 2979 1020 3050 ﬁde
1043 2979 1290 3036 veritatis.
1317 2978 1521 3035 Videas
1543 2987 1762 3050 paratos

143 3070 211 3126 ad
249 3071 609 3139 credendum,
659 3070 804 3127 sicut
854 3079 910 3126 et
952 3069 1107 3139 alibi,
1165 3069 1506 3128 recumbenti
1561 3084 1593 3132 a
1638 3070 1760 3126 viro

149 3163 452 3222 Macedone
479 3164 782 3222 revelatum
813 3173 918 3221 est.

213 3257 284 3314 In
307 3276 411 3332 qua
432 3269 478 3314 et
499 3259 696 3314 vocavit
721 3274 810 3314 vos
842 3274 932 3328 per
962 3256 1308 3331 anngelium
1327 3266 1562 3314 nostrum
1587 3257 1641 3313 in
1669 3274 1758 3313 ac-

139 3351 472 3424 quisitionem
500 3351 685 3423 gloria:
726 3349 936 3406 Domini
975 3348 1105 3406 Jesu
1131 3348 1349 3406 Christi.
1381 3350 1463 3405 Ad
1511 3351 1617 3405 hoc
1661 3363 1757 3404 voc

141 3443 255 3499 cati
286 3458 497 3513 sumus,
531 3452 590 3499 ut
618 3443 822 3499 Christi
851 3441 1078 3514 gloriam
1119 3441 1462 3514 acquiramus
1493 3461 1506 3496 :
1539 3441 1756 3498 Scimus

140 3535 290 3592 enim
320 3537 576 3608 quoniam
604 3551 725 3592 cum
753 3535 1088 3607 apparuerit,
1118 3533 1329 3592 similes
1356 3535 1406 3590 ei
1435 3535 1660 3591 erimus.

214 3627 423 3701 Itaque,
457 3631 668 3701 fratres,
711 3638 858 3685 state.
903 3628 961 3684 In
1001 3628 1108 3685 ﬁde
1133 3628 1380 3685 veritatis
1414 3627 1750 3684 immobiles.

215 3719 289 3776 Et
320 3732 486 3778 tenete
509 3723 814 3778 traditiones
840 3739 972 3795 quas
1002 3721 1260 3778 didicistis
1284 3767 1298 3793 ,
1323 3724 1428 3777 sive
1444 3739 1536 3794 per
1557 3739 1754 3777 sermo-

137 3829 279 3881 nem,
325 3815 430 3869 sive
477 3832 568 3887 per
595 3813 893 3888 Epistolam
933 3825 1182 3870 nostram.
1230 3814 1458 3883 Quando
1493 3830 1590 3870 sua
1637 3816 1754 3870 vult

137 3908 342 3977 teneri,
377 3923 486 3966 non
518 3909 636 3966 vult
673 3919 936 3966 extranea
962 3907 1276 3981 superaddi.
1307 3907 1618 3978 Apostolica
1655 3923 1754 3964 au-

135 4011 253 4060 tem
290 4006 512 4062 traditio
540 4014 645 4076 est,
684 4022 804 4078 quae
830 4006 886 4062 in
915 4012 1030 4060 toto
1057 4004 1262 4060 mundo
1288 4004 1617 4074 prardicatur
1640 4045 1655 4074 ,
1693 4012 1751 4061 ut

137 4097 399 4170 baptismi
429 4109 794 4155 sacramenta.

215 4190 342 4262 Ipse
361 4200 538 4245 autem
568 4187 821 4246 Dominus
847 4197 1021 4245 noster
1046 4187 1203 4244 Iesus
1227 4186 1486 4257 Christus,
1511 4198 1560 4244 et
1582 4186 1747 4258 Deus,

137 4293 190 4338 et
219 4283 392 4339 Pater
419 4290 618 4351 noster,
663 4283 752 4354 qui
779 4282 961 4337 dilexit
996 4298 1108 4338 nos.
1145 4281 1370 4337 Etiamsi
1426 4296 1534 4336 non
1570 4282 1750 4338 meriti

138 4375 369 4432 fuimus.
399 4372 604 4431 Contra
630 4372 820 4429 Arium
850 4373 1014 4442 facit,
1054 4372 1148 4445 qui
1181 4375 1293 4429 Deo
1335 4371 1600 4444 majorem
1647 4373 1750 4431 Pa-

143 4479 285 4526 trem
319 4476 495 4539 putat,
527 4468 653 4540 qnia
684 4466 832 4538 prior
861 4466 1035 4522 soleat
1066 4466 1359 4522 nominari.

1869 1859 2033 1931 fratre
2053 1857 2354 1913 ambulante
2379 1859 2697 1926 inordinate,
2730 1868 2776 1913 et
2801 1876 2905 1913 non
2931 1859 3214 1914 secundum
3237 1859 3482 1912 traditio-

1870 1967 2008 2018 nem,
2039 1966 2199 2022 quam
2225 1959 2535 2020 acceperunt
2567 1967 2597 2002 a
2643 1949 2810 2004 nobis.
2845 1949 2978 2016 Quia
3011 1950 3063 2003 in
3092 1950 3266 2019 prima
3302 1948 3479 2004 lenius

1864 2044 2321 2110 commonuimus,
2358 2050 2412 2098 et
2456 2041 2750 2097 emendare
2780 2055 2842 2096 se
2874 2041 3187 2096 noluerunt.
3240 2039 3337 2094 Vcl
3374 2041 3480 2097 hoc

1862 2139 2049 2205 modo,
2079 2137 2228 2210 quod
2259 2137 2442 2192 Sancti
2489 2151 2550 2192 se
2590 2136 2660 2190 ab
2690 2136 2771 2191 eis
2803 2145 3055 2204 separant
3081 2179 3096 2202 ,
3133 2133 3474 2190 erubescant.

1863 2231 2035 2302 Hujus
2081 2231 2242 2302 plane
2286 2229 2391 2286 loci
2439 2230 2760 2286 auctoritate
2800 2229 3229 2284 subtrahendum
3282 2237 3367 2284 est
3407 2230 3477 2283 ab

1863 2323 2013 2380 omni
2045 2322 2378 2392 Christiano,
2410 2321 2500 2394 qui
2530 2337 2639 2378 non
2667 2322 2965 2378 secundum
2993 2322 3239 2393 Apostoli
3271 2321 3478 2377 incedit

1863 2426 2158 2488 prmeepta.

1933 2513 2050 2584 Ipsi
2077 2513 2216 2568 enim
2239 2511 2384 2568 scitis
2409 2510 2849 2584 quemadmodum
2881 2517 3120 2582 oporteat
3141 2511 3340 2565 imitari
3357 2527 3473 2578 nos,

1862 2606 2112 2680 quoniam
2154 2621 2260 2660 non
2287 2604 2504 2676 inquieti
2527 2605 2725 2676 fuimus
2761 2605 2899 2658 inter
2941 2619 3028 2658 vos
3065 2618 3084 2657 :
3127 2620 3289 2675 neque
3318 2606 3481 2675 gratis

1865 2714 2054 2772 panem
2079 2698 2508 2753 manducavimus
2545 2699 2608 2752 ab
2636 2696 2836 2766 aliquo,
2861 2698 2952 2752 sed
2978 2698 3032 2750 in
3065 2697 3242 2751 labore
3278 2705 3324 2750 et
3354 2698 3478 2767 fati-

1860 2794 2087 2868 gatione,
2120 2801 2268 2846 nocte
2292 2808 2352 2846 ac
2373 2792 2461 2845 die
2485 2799 2761 2861 operantes
2791 2806 2811 2844 :
2840 2807 2903 2844 ne
2924 2807 3072 2860 quem
3104 2800 3326 2845 vestrum
3357 2807 3480 2862 gra-

1863 2905 2118 2945 varemus.
2147 2888 2251 2956 Qui
2277 2902 2463 2944 sumus
2489 2888 2662 2942 forma
2692 2885 3055 2942 credentium.

1936 2981 2062 3037 Non
2087 2981 2237 3054 quasi
2267 2998 2371 3036 non
2401 2981 2732 3036 habuerimus
2760 2987 3082 3050 potestatem.
3116 2979 3251 3048 Quia
3279 2978 3476 3052 dignus

1864 3084 1949 3134 est
1969 3075 2254 3146 operarius
2276 3076 2532 3131 mercede
2562 3089 2680 3130 sua.

1782 3147 1832 3214 θ
1936 3172 2045 3228 Sed
2075 3180 2130 3226 ut
2167 3174 2511 3243 nosmetipsos
2541 3175 2762 3244 formam
2799 3169 3041 3226 daremus
3071 3171 3213 3226 vobis
3241 3169 3312 3226 ad
3354 3169 3478 3226 imi-

1861 3266 2086 3320 tandum
2114 3282 2230 3321 nos.
2259 3265 2340 3322 Ne
2369 3266 2454 3322 cui
2501 3265 2844 3321 occasionem
2877 3264 3150 3333 avaritiae,
3191 3281 3312 3334 quae
3352 3265 3477 3322 fons

1860 3367 1944 3415 est
1964 3357 2378 3430 inquietudinis,
2407 3357 2800 3430 pra-heremus.
2897 3431 2906 3439 ἱ

1933 3451 2079 3506 Nam
2105 3460 2155 3507 et
2179 3468 2293 3506 cum
2317 3466 2547 3507 essemus
2576 3451 2720 3520 apud
2745 3467 2852 3515 vos,
2887 3451 2997 3506 hwc
3036 3451 3470 3508 denuntiabamus

1856 3543 2020 3600 vobis.
2048 3543 2185 3613 Quia
2217 3542 2656 3614 praevidebamus
2679 3541 2889 3612 aliquos
2920 3543 3058 3598 tales
3082 3558 3205 3599 csse
3233 3544 3470 3600 futuros.

1934 3639 2194 3707 Quoniam
2234 3637 2280 3690 si
2327 3636 2442 3707 quis
2499 3651 2606 3690 non
2652 3635 2759 3689 vult
2811 3636 3039 3705 Oper-ari.
3085 3638 3192 3690 Aut
3243 3636 3475 3693 sedeant

1857 3731 2047 3801 quieti,
2091 3737 2184 3784 aut
2211 3730 2256 3784 si
2293 3729 2407 3784 veri
2453 3736 2581 3783 sunt
2606 3727 2860 3796 apostoli,
2911 3742 3010 3782 nos
3039 3738 3337 3799 sequantur
3372 3747 3385 3784 :
3419 3729 3470 3786 si

1857 3837 1964 3880 non
1992 3822 2255 3890 avaritim,
2289 3820 2387 3876 sed
2421 3819 2515 3875 Dei
2547 3833 2708 3874 causa
2732 3818 3013 3874 ambulare
3037 3835 3098 3876 se
3129 3818 3340 3876 dicunt.

1929 3915 2043 3971 Nec
2072 3915 2366 3970 manducet.
2415 3913 2543 3969 llaac
2580 3913 2652 3968 sit
2695 3912 3085 3995 inquietudinis
3129 3929 3241 3971 non
3288 3915 3466 3974 solum

1856 4025 2038 4084 pinna,
2069 4009 2162 4065 sed
2193 4007 2357 4065 etiam
2387 4006 2716 4064 emendatio.

1925 4104 2238 4160 Audiuimus
2280 4103 2416 4158 enim
2466 4103 2604 4157 inter
2640 4119 2728 4157 vos
2769 4102 3024 4174 quosdam
3067 4101 3339 4158 ambulare
3378 4104 3466 4159 in-

1853 4199 2043 4272 quiete,
2090 4196 2222 4251 nihil
2258 4204 2552 4266 operantes.
2585 4194 2785 4251 Reddit
2831 4197 3132 4267 superioris
3177 4199 3466 4254 sententia:

1853 4306 2069 4360 causas,
2109 4290 2175 4346 ad
2216 4305 2354 4362 quos
2385 4289 2622 4361 legitime
2653 4288 2846 4345 debeat
2883 4288 3155 4360 pertinere
3190 4308 3202 4343 :
3255 4291 3466 4348 scilicet

1853 4384 1922 4440 ad
1947 4384 2186 4454 inquiete
2207 4381 2566 4450 ambulantes,
2595 4395 2700 4437 non
2732 4381 2798 4436 ad
2829 4382 3014 4452 quiete
3043 4380 3320 4438 sedentes.

1927 4474 2035 4531 Sed
2067 4475 2269 4529 curiose
2297 4481 2528 4546 agentes.
2561 4472 2924 4544 Inquirentes,
2955 4473 3082 4543 quid
3123 4473 3175 4527 in
3218 4488 3462 4544 unaqua-

218 4558 289 4614 Et
320 4559 463 4615 dedit
490 4559 898 4614 consolationem
919 4566 1187 4625 aeternam,
1217 4567 1262 4612 et
1292 4573 1434 4629 spem
1464 4557 1652 4614 bonam
1691 4558 1744 4614 in
1769 4540 1830 4606 D
1854 4582 1958 4640 que
1989 4567 2232 4636 civitate,
2270 4540 2356 4621 vel
2385 4540 2663 4637 provincia
2686 4573 2923 4634 geratur,
2947 4540 2999 4618 et
3028 4564 3211 4618 domo.

138 4655 336 4727 gratia.
367 4651 794 4708 Promissionem
814 4691 832 4720 ,
879 4651 996 4707 sive
1024 4650 1278 4721 spiritum
1305 4651 1706 4708 consolatorem
1727 4695 1744 4721 ,

136 4746 236 4818 qui
260 4744 452 4802 Graace
475 4745 802 4825 παράκλητος
829 4743 1153 4816 appellatur.
1182 4741 1370 4801 Potest
1392 4758 1516 4800 esse
1544 4754 1599 4802 et
1621 4758 1748 4814 spes

137 4840 284 4897 mala
307 4840 362 4896 in
393 4840 591 4910 gratia.

211 4930 540 4989 Exhortetur
566 4933 728 4990 corda
748 4941 940 5002 vestra,
970 4939 1020 4988 et
1040 4931 1330 5004 conﬁrmet.
1355 4930 1662 4990 Virtutibus
1691 4941 1749 4992 et

135 5023 510 5082 revelatione.

211 5114 286 5171 In
327 5117 468 5170 omni
513 5131 666 5189 opere
711 5128 760 5175 et
805 5133 1041 5176 sermone
1073 5118 1230 5175 bono.
1257 5118 1418 5176 Prius
1459 5131 1647 5191 opere,
1690 5126 1748 5176 et

134 5219 336 5286 postea
359 5227 633 5270 sermone.

763 5282 992 5343 CAPUT
1021 5285 1116 5343 lli.

208 5397 296 5458 De
326 5408 532 5471 (cetero,
563 5400 777 5472 fratres,
806 5411 947 5458 orate
973 5419 1068 5475 pro
1097 5403 1264 5461 nobis.
1295 5403 1400 5460 Dat
1427 5403 1745 5461 humilitatis

133 5497 454 5570 exemplum
481 5537 498 5564 ,
535 5505 592 5553 et
624 5497 968 5554 occasionem
998 5498 1302 5569 charitatis,
1330 5508 1393 5556 ut
1437 5514 1539 5571 pro
1580 5500 1748 5556 alter-

133 5603 266 5649 utro
302 5589 568 5647 audacius
602 5603 920 5646 exoremus.
959 5591 1134 5648 Simul
1170 5593 1492 5664 notandum,
1533 5594 1588 5650 in
1627 5594 1749 5666 qui-

135 5685 240 5742 bus
268 5684 453 5742 causis
479 5697 638 5739 orarc
669 5691 855 5752 poscat
878 5685 1194 5755 Apostolus.

213 5777 285 5838 Ut
308 5792 481 5836 sermo
511 5773 608 5830 Dei
628 5784 802 5828 currat
823 5785 870 5830 et
891 5775 1226 5850 ctarificetur,
1255 5779 1388 5838 sicut
1406 5789 1454 5837 et
1472 5781 1612 5855 apud
1638 5798 1746 5839 ros.

557 5872 831 5936 ΡΑτιιοι..
871 5873 1084 5936 XXX.

1927 4659 2030 4716 His
2056 4669 2230 4716 autem
2254 4660 2346 4726 qui
2376 4657 2632 4732 ejusmodi
2659 4665 2802 4725 sunt,
2838 4655 3207 4711 denuntiamus
3233 4667 3283 4713 et
3312 4658 3457 4716 obse-

1851 4770 2060 4812 cramus
2085 4754 2140 4808 in
2166 4751 2392 4807 Domino
2420 4748 2548 4804 Jesu
2574 4746 2801 4804 Christo.
2830 4747 2947 4802 Non
2984 4747 3134 4818 ipsos
3161 4758 3286 4820 post
3319 4752 3454 4810 alte-

1851 4862 1969 4905 ram
1989 4844 2383 4904 correctionem
2411 4840 2613 4896 desinit
2640 4853 3006 4896 commonere.

1926 4940 1996 4997 Ut
2022 4955 2137 4995 cum
2165 4936 2372 4993 silentio
2399 4941 2692 5005 operantes,
2719 4948 2870 4988 suum
2899 4949 3086 5004 panem
3114 4935 3447 4996 manducent.

1848 5035 1968 5094 Non
1993 5048 2116 5090 cum
2147 5026 2518 5099 inquietudine
2537 5026 2797 5084 alienum.

1925 5127 2034 5184 Vos
2078 5132 2270 5190 autem,
2323 5124 2538 5192 fratres,
2588 5119 2748 5175 nolite
2791 5118 3014 5190 deficere
3052 5120 3450 5194 benefacientes.

1845 5221 1968 5280 Non
1989 5217 2260 5288 omnibus,
2293 5213 2389 5272 sed
2415 5211 2614 5269 talibus
2642 5213 2760 5270 dari
2787 5213 3052 5285 prohibeo
3078 5232 3092 5271 :
3124 5231 3194 5274 ne
3237 5220 3448 5289 puteris

1847 5331 1936 5374 me
1965 5312 2094 5370 boni
2121 5310 2308 5384 operis
2333 5305 2780 5364 consuetudinem
2805 5313 3108 5377 amputare.

1923 5407 2074 5474 Quod
2103 5405 2146 5459 si
2165 5403 2278 5474 quis
2307 5417 2412 5456 non
2440 5399 2690 5455 obedierit
2715 5396 2863 5454 verbo
2887 5407 3085 5468 nostro,
3116 5417 3210 5472 per
3246 5402 3442 5472 episto-

1848 5499 1955 5557 lam
1993 5499 2126 5553 hunc
2151 5502 2344 5560 notate,
2389 5500 2567 5547 etnon
2595 5491 3026 5546 commisceamini
3066 5508 3182 5546 cum
3228 5493 3342 5549 illo.
3387 5495 3448 5554 Si

1849 5592 1974 5666 quis
2003 5587 2163 5644 tertio
2191 5583 2426 5640 noluerit
2452 5581 2751 5638 emendari.

1929 5682 1996 5738 Ut
2026 5677 2400 5749 confundatur.
2424 5674 2539 5730 Non
2571 5683 2630 5728 ut
2659 5672 2874 5743 penitus
2895 5673 3265 5732 abscindatur.

1928 5775 1996 5832 Et
2028 5773 2188 5832 nolite
2215 5771 2365 5846 quasi
2393 5770 2658 5828 inimicum
2684 5767 3000 5840 existimare,
3063 5771 3152 5827 sed
3181 5773 3446 5855 corripite,

2855 5861 2937 5925 28
