4008 6188
598 192 705 249 8ἷ5

1628 182 1691 241 S.
1732 180 2114 238 HIERONYMI
2152 177 2437 238 OPERUM
2480 177 2847 236 MANTISSA.

3817 175 3913 235 876

596 318 653 362 ut
684 311 919 376 fratrem.
950 302 1241 374 Corrigite,
1294 306 1355 356 ut
1380 297 1727 366 emendetur,
1778 306 1835 352 et
1883 296 2056 351 nolite
2102 296 2197 350 ab-
2224 298 2271 355 Α
2305 294 2562 365 Epistolis,
2618 294 2691 347 ita
2735 293 2907 346 scribo
2961 310 2973 345 :
3014 289 3203 347 Cratia
3274 289 3483 348 Domini
3559 290 3737 347 nostri
3797 289 3909 347 Iesu

601 401 877 466 scindere,
902 397 1255 463 utdesperet.
1307 390 1479 462 Eger
1503 389 1782 447 curandus
1820 396 1927 455 est,
1962 402 2070 442 non
2107 401 2206 443 nc-

606 494 813 548 candus
847 508 859 542 :
890 504 958 543 ne
987 488 1039 541 in
1070 484 1402 555 apostasiam
1432 480 1755 553 inquietudo
1784 486 2049 536 vertatur.

680 586 801 658 Ipse
830 590 1001 636 autem
1029 577 1173 633 Deus
1200 579 1345 651 pacis
1367 578 1452 632 det
1473 578 1613 633 vobis
1636 591 1814 647 pacem
1841 573 2205 644 sempiternam

602 685 655 737 in
682 680 821 735 omni
844 676 975 730 loco.
1001 674 1261 729 Dominus
1290 674 1357 729 sit
1386 690 1502 728 cum
1554 670 1798 727 omnibus
1834 667 1997 721 vobis.
2046 665 2208 721 Salu-

606 774 733 830 tatio
782 786 897 823 mea
934 784 1094 823 manu
1158 765 1345 837 Pauli,
1397 767 1537 840 quod
1584 774 1662 820 est
1709 764 1916 835 signum
1960 759 2017 813 in
2068 761 2210 814 omni

2309 386 2523 451 Christi,
2552 402 2669 440 cum
2698 386 2937 440 omnibus
2967 385 3105 440 vobis
3128 405 3145 440 :
3175 384 3357 441 Amen.
3393 386 3490 441 llis
3512 384 3707 442 verbis
3730 400 3911 441 omnes

2311 478 2587 550 Epistolas
2614 477 3017 547 subscribebat,
3046 488 3276 547 excepta
3289 477 3639 544 Galatarum,
3662 492 3830 547 quam
3855 492 3910 533 ex

2316 573 2530 643 integro
2564 587 2723 626 manu
2747 572 2968 642 propria
2995 571 3315 642 perscripsit
3370 591 3381 623 ε
3426 580 3487 627 ιιι
3516 579 3642 642 post
3667 584 3796 625 eam
3826 585 3908 626 nec

2314 665 2440 733 sibi,
2476 679 2575 720 nec
2608 664 2803 734 angelo
2828 663 3163 721 crederetur.

610 878 3897 913 __________________________________._______._..__.____

1048 1009 1170 1092 IN
1227 1003 1705 1091 PRIMAM
1760 996 2428 1086 EPISTOLAM
2484 1000 2642 1081 AD
2703 999 3480 1083 TIMOTHEUM.

1110 1239 1343 1298 CAPUT
1408 1234 1697 1294 PRIMUM.

685 1341 881 1397 Paulus
894 1338 1167 1411 apostolus
1186 1334 1316 1389 Iesu
1333 1331 1549 1388 Christi.
1566 1330 1878 1387 Auctoritas
1895 1338 1949 1386 et
1962 1327 2201 1385 nominis

607 1445 659 1492 et
692 1433 859 1491 ofﬁcii
888 1438 1247 1503 praenotatur,
1270 1435 1491 1499 propter
1511 1439 1609 1482 eos
1631 1423 1831 1495 quibus
1843 1433 1964 1480 erat
1981 1435 2209 1493 respon-

613 1541 794 1581 surus.

2235 1235 2286 1295 Α
2386 1233 2495 1289 Sed
2522 1234 2734 1305 iujustis
2764 1241 2811 1286 et
2845 1245 2947 1284 non
2973 1226 3215 1293 subditis,
3243 1225 3419 1295 impiis
3447 1232 3495 1279 et
3529 1226 3908 1296 peccatoribus,

2310 1324 2572 1378 sceleratis
2603 1333 2649 1378 et
2672 1321 3059 1386 contaminatis,
3088 1318 3383 1390 patricidis,
3406 1316 3733 1383 matricidis,
3759 1327 3804 1371 et
3826 1318 3910 1370 ho-

2309 1418 2536 1480 micidis,
2564 1417 2882 1488 fornicariis,
2926 1412 3276 1467 masculorum
3318 1412 3777 1479 concubitoribus,
3807 1412 3911 1481 pla-

2308 1511 2512 1582 giariis,
2564 1510 2899 1565 mendacibus
2954 1517 3001 1563 et
3051 1507 3299 1579 perjuris.
3335 1504 3450 1562 illis
3473 1504 3738 1561 omnibus
3794 1506 3907 1560 data

678 1614 1277 1685 Secundumimperium
1304 1611 1417 1681 Dei,
1437 1607 1928 1675 Salvatorisnostri,
1950 1608 2210 1663 etChristi
2308 1613 2413 1669 εει,
2474 1618 2614 1673 quos
2661 1602 2891 1671 abjectis
2941 1599 3266 1655 criminibus
3317 1599 3513 1653 nititur
3567 1612 3857 1652 revocare.

613 1708 763 1776 Iesu,
792 1706 900 1777 spei
928 1716 1134 1760 nostraz.
1152 1704 1269 1759 Non
1302 1702 1601 1760 secundum
1625 1716 1799 1758 meam
1825 1700 2206 1771 praesumptio-

613 1816 739 1855 nem
781 1817 795 1854 :
830 1798 992 1854 simul
1025 1808 1078 1853 et
1105 1795 1285 1852 Patris
1312 1805 1368 1853 et
1419 1794 1542 1851 Filii
1567 1810 1737 1849 unum
1791 1793 2077 1863 imperium
2109 1791 2206 1849 de-

610 1903 972 1951 monstratur.

677 1984 946 2041 Timotheo
968 1984 1165 2039 dilecto
1194 1983 1305 2052 ﬁlio
1344 1983 1397 2037 in
1420 1982 1544 2053 ﬁde.
1589 1981 1647 2037 1n
1689 1980 1792 2038 fide
1820 1980 1952 2051 lilio,
1996 1996 2106 2035 non
2148 1980 2203 2034 in

605 2095 792 2135 carne.

673 2170 861 2227 Gratia
880 2179 928 2226 et
958 2170 1339 2237 misericordia,
1364 2178 1410 2224 et
1437 2185 1543 2241 paa:
1562 2184 1593 2221 a
1624 2165 1733 2223 Deo
1758 2165 1917 2222 Patre
1938 2174 1983 2222 et
2000 2164 2205 2221 Christo

602 2265 730 2321 Iesu
763 2266 991 2319 Domino
1014 2272 1215 2319 nostro.
1239 2262 1423 2319 Gratis
1449 2261 1879 2318 misericordiam
1901 2260 2203 2325 consecuti,

602 2357 942 2412 reconciliati
975 2370 1165 2411 sumus
1186 2354 1321 2411 Deo.

675 2450 825 2505 Sicut
855 2450 1030 2520 rogavi
1060 2459 1127 2515 te,
1153 2458 1208 2502 ut
1231 2463 1523 2503 remaneres
1566 2448 1786 2519 Ephesi,
1833 2464 1952 2503 cum
1994 2449 2123 2503 irem
2148 2450 2203 2503 in

602 2543 967 2599 Macedoniam
1002 2562 1013 2595 :
1044 2552 1099 2597 ut
1124 2542 1465 2598 denuntians
1486 2542 1823 2614 quibusdam,
1844 2559 1906 2596 ne
1936 2542 2089 2597 aliter
2109 2544 2205 2598 do-

2384 1695 2517 1750 Etsi
2546 1696 2673 1763 quid
2704 1693 2854 1747 aliud
2878 1708 3019 1748 sana:
3040 1692 3293 1747 doctrina:
3318 1689 3651 1754 adversatur,
3685 1706 3807 1761 qua?
3845 1703 3906 1743 est

2305 1788 2594 1843 secundum
2622 1785 2980 1859 Erangetium.
3010 1785 3144 1841 Sunt
3172 1796 3305 1855 ergo
3334 1782 3610 1839 doctrina:
3660 1799 3770 1838 non
3828 1798 3903 1836 sa-

2309 1896 2392 1936 na:
2418 1899 2430 1934 :
2460 1889 2650 1935 contra
2675 1893 2811 1950 quas
2837 1877 3003 1935 etiam
3038 1876 3162 1933 data
3197 1877 3286 1931 lex
3317 1885 3423 1944 est,
3458 1891 3580 1946 qua:
3617 1877 3907 1931 contraria:

2306 1982 2432 2029 sunt
2462 1971 2783 2030 caelestibus
2837 1970 3124 2026 institutis.
3173 1968 3314 2036 Quid
3358 1982 3490 2039 ergo
3535 1967 3609 2024 ibi
3637 1979 3905 2037 qumrnnt,

2305 2068 2451 2140 quod
2504 2068 2593 2124 hic
2631 2082 2738 2122 non
2790 2063 3032 2121 habent?
3077 2062 3239 2119 simul
3264 2071 3319 2118 et
3344 2060 3548 2133 Legem
3604 2060 3909 2133 Evangeliis

2304 2162 2648 2220 concordare
2678 2161 3043 2217 demonstrat.

2380 2254 2576 2310 Gloria:
2619 2253 2758 2307 beati
2809 2251 2929 2306 Dei.
2984 2249 3089 2305 Per
3127 2263 3287 2321 quam
3344 2247 3691 2321 gloriﬁcatur
3746 2246 3904 2302 Deus.

2379 2348 2535 2416 Quod
2558 2346 2813 2403 creditum
2858 2353 2935 2400 est
2986 2342 3132 2397 mihi.
3160 2342 3236 2398 Ne
3266 2342 3515 2398 dicerent
3544 2339 3857 2396 adversarii
3886 2358 3898 2395 :

2304 2439 2436 2508 Quis
2481 2446 2601 2495 erat
2652 2436 2785 2503 ille,
2831 2436 2918 2492 cui
2964 2433 3320 2505 Evangelium
3379 2433 3726 2497 crederetur,
3796 2433 3901 2486 alt:

2379 2532 2589 2588 Gratias
2619 2546 2720 2602 ago
2743 2531 2811 2598 ei,
2836 2530 2927 2600 qui
2977 2544 3055 2583 nte
3097 2526 3406 2597 confortavit
3448 2527 3502 2579 in
3533 2524 3745 2579 Christo
3782 2521 3901 2578 Iesu

598 2634 1033 2703 cerent.Quibus
1058 2635 1111 2690 in
1144 2635 1357 2691 actibus
1397 2634 1728 2705 praedixerat
1767 2634 2067 2692 intraturos
2120 2625 2531 2691 lu-BDomino
2586 2634 2782 2681 nostra.
2840 2622 2975 2679 Cum
3026 2634 3203 2677 essem
3252 2618 3460 2675 inutilis
3519 2625 3577 2674 et
3624 2617 3897 2674 inﬁrmus.

601 2742 723 2797 pos,
752 2730 841 2797 qui
872 2724 1023 2797 gregi
1066 2742 1174 2780 non
1203 2735 1516 2796 parcerent.

674 2814 860 2886 Neque
894 2816 1219 2871 intenderent
1262 2816 1473 2886 tabulis.
1518 2816 1663 2887 Quas
1718 2816 2070 2874 Dcuteroseis
2102 2828 2198 2887 ap-

600 2906 828 2980 pellant.
854 2906 1014 2963 Unde
1043 2908 1095 2963 in
1128 2907 1431 2980 Evangelio
1460 2909 1723 2967 docentes
1777 2909 2055 2967 doctrinas
2102 2907 2199 2965 lto-

607 3002 814 3057 ininum
845 3000 1300 3057 condemnantur.

670 3090 1079 3164 Etgenealogiis
1120 3093 1489 3148 interminatis.
1546 3089 2005 3149 Generalionibus
2057 3091 2197 3148 anti-

592 3198 823 3257 quorum
875 3201 891 3241 :
942 3185 994 3239 in
1047 3184 1247 3255 quibus
1284 3183 1391 3237 sibi
1440 3196 1707 3237 summam
1742 3185 2028 3241 scientiam
2077 3187 2197 3241 vin-

593 3276 778 3331 dicant
805 3316 821 3343 ,
852 3276 896 3330 si
925 3289 1117 3330 Omnes
1141 3274 1209 3327 ab
1245 3272 1402 3326 initio
1431 3272 1812 3342 generationes
1842 3283 2189 3331 enumerent.

669 3368 799 3436 Qua:
819 3368 1129 3440 quastiones
1174 3373 1421 3437 prwstant
1470 3365 1654 3436 magis,
1686 3381 1842 3437 quam
1885 3367 2195 3429 wdiﬁcatio-

592 3477 712 3517 nem
761 3460 877 3528 Dei,
913 3474 1030 3531 qua:
1080 3466 1153 3513 est
1183 3458 1237 3512 in
1269 3458 1393 3525 ﬁde.
1426 3454 1559 3513 Tam
1615 3465 1833 3514 veteres
1885 3460 2192 3516 contrarie-

587 3558 756 3621 tates,
790 3566 953 3621 quam
975 3549 1389 3621 generationum
1423 3548 1824 3606 sollicitudines
1854 3551 2187 3621 superfluas.

667 3642 819 3696 Finis
860 3652 1032 3697 autem
1071 3640 1317 3713 prtecepti
1353 3651 1431 3697 est
1475 3640 1708 3699 charitas
1746 3644 1810 3699 de
1838 3644 1992 3699 corde
2034 3661 2188 3714 puro.

592 3733 846 3790 Charitas
874 3734 969 3789 Dei
1001 3743 1053 3789 et
1078 3733 1345 3804 proximi,
1382 3735 1434 3789 in
1463 3750 1569 3804 qua
1598 3746 1707 3792 tota
1736 3737 1847 3795 Lex
1886 3738 2107 3809 pendet,
2138 3750 2193 3795 et

592 3824 885 3896 Propheta:
921 3842 933 3877 :
967 3826 1085 3880 haec
1142 3825 1189 3881 si
1239 3826 1307 3883 de
1334 3826 1503 3884 corde
1527 3843 1662 3899 puro
1690 3831 1783 3899 sit,
1812 3829 2037 3889 difﬁcile
2089 3832 2191 3890 de-

594 3918 844 3991 linquere
873 3917 1198 3989 poterimus.

2379 2722 2515 2790 Quia
2548 2719 2751 2788 ﬁdelem
2776 2733 2856 2771 me
2898 2716 3211 2772 existimavit
3243 2729 3436 2785 ponens
3482 2714 3535 2766 in
3591 2712 3897 2766 ministerio.

2304 2814 2407 2879 Qui
2432 2812 2577 2885 prius
2602 2810 2933 2880 blasphemus
2963 2808 3064 2878 fui,
3101 2815 3150 2861 et
3174 2815 3491 2877 persecutor,
3535 2812 3589 2858 et
3638 2813 3898 2858 contume-

2301 2906 2487 2959 liosus.
2539 2901 2726 2961 Justus
2776 2899 2830 2955 in
2880 2897 3181 2971 primordio
3228 2902 3515 2952 accusator
3562 2895 3646 2950 sui
3688 2903 3777 2951 est
3808 2914 3820 2948 :
3849 2903 3897 2950 ut

2299 2998 2487 3055 Statim
2518 3011 2637 3051 cum
2664 2993 2917 3066 coeperit,
2953 2992 3299 3048 adversarius
3324 2989 3719 3046 confundatur.

2374 3089 2483 3147 Sed
2512 3087 2920 3143 misericordiam
2948 3083 3042 3140 Dei
3072 3092 3378 3140 consecutus
3407 3098 3520 3137 sum
3545 3099 3564 3138 :
3586 3084 3716 3155 quia
3758 3083 3895 3155 igno-

2297 3197 2424 3237 rans
2452 3180 2573 3251 feci.
2599 3179 2796 3236 Levius
2814 3194 2937 3235 esse
2960 3185 3242 3248 peccatum
3275 3175 3622 3246 ignorantize,
3674 3175 3895 3232 demon-

2300 3284 2527 3333 slratur.

2371 3368 2439 3422 In
2462 3368 2849 3423 incredulitate.
2882 3362 3020 3437 Quia
3051 3379 3159 3422 non
3181 3362 3431 3433 credens,
3462 3363 3776 3438 intelligere
3796 3378 3892 3421 non

2298 3462 2569 3519 valebam.

2376 3553 2835 3628 Superabundavit
2850 3564 3025 3610 autem
3049 3554 3221 3627 gratia
3242 3551 3454 3607 Domini
3475 3552 3639 3607 nostri
3662 3569 3778 3607 cum
3798 3553 3891 3623 ﬁde

2297 3658 2345 3706 et
2376 3648 2671 3715 dilectione,
2696 3663 2811 3719 qute
2837 3657 2909 3703 est
2941 3647 2991 3701 in
3023 3645 3229 3701 Christo
3248 3643 3399 3701 Iesu.
3434 3640 3543 3702 Ubi
3566 3654 3748 3700 autem
3800 3646 3891 3701 ini-

2295 3742 2478 3813 quitas
2508 3738 2878 3796 abnndaverat
2908 3754 2923 3805 ;
2957 3736 3139 3794 statim
3160 3745 3219 3793 ut
3242 3735 3476 3804 credidi,
3497 3737 3889 3807 ampliuscmpi

2294 3834 2524 3905 diligere
2552 3832 2849 3900 Christum,
2885 3832 2976 3903 qui
3007 3831 3139 3887 mihi
3174 3845 3367 3903 magna
3398 3841 3622 3903 peccata
3665 3831 3885 3887 dimisit.

2371 3926 2575 3983 Fidelis
2590 3943 2756 3983 sermo
2773 3935 2820 3981 et
2833 3926 2973 3981 omni
2988 3926 3287 3998 acceptione
3298 3924 3691 3999 dignus.Quem
3704 3941 3889 3983 omnes

664 4010 736 4065 Et
765 4012 1086 4066 conscientia
1134 4012 1285 4067 bona.
1335 4012 1404 4071 Ut
1432 4012 1770 4072 conscientia
1826 4026 1911 4073 tua
1942 4019 2191 4075 testimo-
2215 4021 2261 4085 C
2293 4020 2539 4087 credant,
2576 4028 2631 4075 et
2666 4019 2909 4075 omnium
2947 4017 3302 4074 conscientia:
3330 4030 3518 4073 verum
3544 4031 3669 4074 esse
3695 4033 3890 4091 cogno-

598 4105 752 4161 nium
782 4102 1067 4173 pcrhibcat
1087 4105 1323 4159 veritati.

666 4197 737 4253 Et
759 4197 866 4267 ﬁde
892 4212 992 4250 non
1018 4196 1156 4266 ﬁcta.
1218 4196 1383 4253 Fides
1431 4200 1579 4255 enim
1613 4200 1737 4256 ﬁcta
1781 4209 1890 4269 est,
1924 4215 2047 4273 qua;
2073 4202 2192 4260 solo

596 4305 693 4348 ore
716 4289 1071 4362 promittitur,
1102 4297 1159 4345 et
1184 4299 1307 4347 actu
1336 4301 1588 4363 negatur.

667 4390 710 4440 Α
752 4383 938 4454 quibus
978 4384 1190 4456 quidam
1228 4386 1525 4441 aberrantes
1566 4388 1797 4441 conversi
1845 4396 1963 4443 sunt
2000 4388 2057 4443 in
2097 4405 2191 4444 va-

588 4482 902 4550 niloquium,
936 4478 1165 4535 volentes
1207 4496 1320 4535 esse
1355 4478 1484 4553 legis
1525 4482 1764 4536 doctores
1793 4497 1812 4535 :
1845 4498 1947 4536 non
1990 4484 2191 4538 intelli-

591 4583 789 4644 gentes,
817 4587 978 4643 neque
1006 4587 1120 4641 qua:
1166 4571 1472 4643 loquuntur,
1510 4588 1674 4644 neque
1714 4574 1778 4627 de
1810 4574 1995 4645 quibus
2036 4576 2192 4648 afﬁr-

593 4676 753 4722 mant.
786 4664 1016 4721 inﬁnitae
1046 4664 1295 4721 stultitia:
1339 4675 1443 4737 est,
1478 4681 1583 4722 non
1644 4667 1918 4724 intellecta
1964 4668 2034 4726 de
2077 4682 2193 4725 ma-

591 4764 674 4834 gis
706 4775 813 4817 non
843 4759 1139 4817 intellectis
1171 4759 1312 4817 velle
1340 4760 1581 4816 ﬁrmare.

666 4853 875 4910 Scimus
896 4863 1068 4907 autem
1098 4852 1223 4923 quia
1246 4852 1379 4908 bona
1408 4863 1482 4909 est
1513 4854 1617 4909 lex.
1661 4852 1731 4911 Ut
1749 4868 1779 4909 a
1804 4852 1918 4911 Deo
1949 4854 2191 4926 promul-

593 4957 715 5017 gata
766 4954 873 5013 est,
923 4960 1024 5017 pro
1087 4946 1347 5014 qualitate
1396 4948 1709 5019 temporis:
1742 4949 1884 5007 sicut
1932 4951 2064 5007 alibi
2106 4952 2188 5008 lex

592 5046 775 5093 sancta
803 5044 884 5093 est
910 5038 1202 5109 appellata.

664 5128 726 5185 Si
754 5129 867 5199 quis
897 5146 957 5183 ea
989 5129 1215 5201 legitime
1245 5139 1445 5186 utatur.
1502 5131 1559 5190 Si
1614 5133 1738 5205 quis
1764 5134 1924 5203 sciat,
1969 5133 2185 5209 quibus,

586 5235 775 5293 quare,
811 5218 1069 5290 quamdiu
1097 5220 1344 5277 habenda
1379 5222 1451 5277 sit
1479 5222 1629 5279 data.

660 5312 896 5370 Scientes
925 5310 1041 5381 hoc,
1085 5313 1206 5384 quia
1235 5314 1319 5369 lea:
1335 5317 1485 5387 justo
1517 5330 1619 5370 non
1672 5324 1749 5373 est
1798 5318 1987 5389 posita.
2043 5318 2186 5389 Ergo

2294 4122 2471 4170 scant.

2371 4203 2508 4272 Quia
2529 4202 2766 4260 Christus
2793 4200 2944 4257 Iesus
2981 4201 3116 4258 venit
3159 4202 3215 4257 in
3246 4202 3387 4258 hunc
3434 4206 3683 4260 mundum
3715 4222 3888 4275 pecca-

2294 4304 2427 4352 tores
2453 4296 2625 4351 salvos
2658 4296 2847 4368 facere.
2895 4293 3038 4366 Ergo
3064 4302 3119 4350 et
3151 4309 3239 4351 me
3278 4294 3510 4353 salvavit
3549 4294 3691 4352 inter
3722 4308 3891 4354 caete-

2296 4400 2389 4443 ros
2443 4395 2756 4457 peccatores
2799 4396 2972 4442 :tunc
3017 4386 3162 4443 enim
3222 4388 3419 4445 merito
3458 4387 3585 4444 mihi
3629 4388 3889 4460 pra-judi-

2293 4494 2355 4535 ca
2367 4488 2541 4546 retur,
2575 4480 2621 4535 si
2648 4479 2800 4536 solos
2823 4478 3003 4549 justos
3024 4494 3224 4536 vocare
3250 4481 3512 4537 venisset.

2369 4571 2605 4640 Quorum
2650 4572 2850 4643 primus
2871 4587 2962 4643 ego
3012 4587 3145 4626 sum.
3184 4571 3304 4639 Hic,
3337 4589 3453 4627 sum
3501 4586 3600 4645 pro
3633 4573 3710 4647 fui
3736 4575 3887 4644 poni—

2293 4675 2381 4725 tur
2414 4684 2425 4720 :
2455 4666 2594 4722 sicut
2625 4665 2910 4722 Mattliceus
2955 4664 3157 4722 dicitur
3198 4667 3543 4738 publicanus,
3594 4682 3719 4723 eum
3769 4668 3883 4739 jam

2295 4758 2503 4817 Christi
2529 4768 2680 4815 esset
2700 4759 3003 4828 apostolus.

2366 4851 2474 4909 Sed
2498 4850 2616 4907 ideo
2656 4850 3070 4906 misericordiam
3118 4860 3422 4906 consecutus
3444 4864 3581 4905 sum.
3615 4848 3690 4908 Ut
3721 4848 3884 4906 David

2289 4943 2407 4999 ait:
2437 4942 2653 4999 Docebo
2682 4942 2895 5013 iniquos
2944 4941 3057 4996 vias
3089 4952 3231 5010 tuas,
3276 4950 3333 4998 et
3369 4941 3518 5012 impii
3570 4942 3641 4997 ad
3678 4951 3730 4998 te
3758 4956 3885 4998 con-

2289 5045 2590 5094 vertentur.
2623 5033 2682 5092 Si
2710 5034 2844 5090 mihi
2900 5034 3139 5090 viderint
3188 5034 3387 5090 indulta
3439 5041 3691 5102 peccata,
3758 5043 3885 5091 tunc

2288 5127 2498 5185 docebo
2526 5126 2797 5183 neminem
2831 5125 3126 5197 desperare
3149 5125 3371 5182 debere.

2364 5220 2435 5277 Ut
2470 5222 2526 5276 in
2562 5237 2643 5276 me
2683 5221 2852 5290 primo
2897 5219 3188 5275 ostenderet
3219 5219 3456 5276 Christus
3477 5217 3636 5273 Iesus
3683 5234 3884 5275 omnem

2288 5316 2612 5386 patientiam.
2655 5313 2759 5381 Qui
2785 5314 2947 5368 etiam
2986 5314 3437 5384 persecutoribus
3461 5314 3749 5369 conversis
3779 5328 3881 5369 non

583 5403 913 5462 Christianis
960 5419 1068 5459 non
1108 5419 1246 5475 opus
1296 5416 1400 5472 est,
1429 5407 1523 5479 qui
1568 5417 1696 5463 sunt
1742 5408 2026 5479 iustificati
2083 5426 2182 5482 per
2210 5395 2262 5457 Ι)
2286 5404 2459 5465 solum
2489 5406 2754 5479 indulget,
2781 5404 2881 5463 sed
2902 5406 3061 5462 etiam
3098 5404 3309 5463 confert
3340 5405 3680 5477 apostolatus
3710 5406 3880 5462 hono-

579 5497 861 5553 Cliristnm
899 5496 1025 5566 :qui
1054 5495 1367 5554 didicerunt
1418 5498 1585 5554 etiam
1641 5503 1960 5559 occasiones
1994 5504 2177 5574 lugere

579 5588 904 5646 delictorum
939 5603 953 5643 :
984 5602 1107 5643 nam
1134 5597 1191 5643 ut
1221 5588 1351 5658 quid
1375 5588 1575 5649 dicitur
1603 5610 1615 5647 :
1649 5592 1765 5650 Non
1790 5594 2030 5663 occides,
2056 5594 2177 5667 qui-

578 5680 679 5740 bus
702 5681 860 5737 irasci
882 5694 991 5737 non
1016 5682 1390 5752 permittitur?

2286 5514 2404 5558 rem
2414 5540 2425 5554 .

2359 5594 2440 5648 Ad
2480 5594 2897 5664 informationem
2950 5608 3148 5661 eorum,
3198 5596 3291 5666 qui
3338 5593 3597 5649 credituri
3638 5602 3759 5649 sunt
3806 5592 3881 5648 illi

2279 5686 2334 5742 in
2359 5687 2512 5742 vitam
2533 5697 2803 5748 wternam.
2826 5687 2908 5746 Ad
2929 5684 3260 5759 exemplum,
3296 5695 3446 5743 utne
3473 5686 3795 5764 desperent.
