4008 6188
128 228 230 287 877

749 222 1297 287 COMMENTARIUS
1334 223 1402 281 IN
1439 216 1835 279 EPISTOLAM
1875 215 1898 273 Ι
1936 214 2031 272 ΔΙ)
2067 213 2505 276 TlMOTlIEUM.
2545 216 2700 276 CAP.
2740 218 2805 277 ll.

3317 225 3423 282 878

198 346 328 420 Regi
353 344 856 412 autemsteculorum
880 344 1185 412 immortali,
1208 341 1475 407 invisibili,
1498 339 1593 395 soli
1620 337 1723 389 Deo
1751 335 1798 394 A
1827 329 2005 387 Jesus.
2034 330 2188 388 Sicut
2218 348 2356 388 unus
2380 333 2549 402 Deus,
2592 335 2665 391 ita
2696 350 2836 391 unus
2857 344 2942 393 est
2970 338 3241 397 mediator
3280 341 3425 401 inter

126 441 289 496 honor
308 448 356 496 et
379 441 548 513 gloria
568 442 621 495 in
654 441 845 495 secula
866 439 1176 495 steculorum
1201 452 1218 491 :
1242 436 1425 489 Amen.
1462 432 1562 499 Qui
1586 428 1719 486 mihi

126 535 339 589 veniam
364 533 555 588 tribuit
582 548 691 588 non
714 532 974 588 merenti.
1024 530 1138 586 Rex
1169 527 1319 584 enim
1384 524 1534 597 parvi
1584 533 1720 579 tem—

126 628 272 698 poris
318 638 372 682 et
402 626 671 690 mortalis,
704 641 767 681 ac
796 624 1050 691 visibilis,
1110 632 1165 678 et
1213 637 1383 691 capax
1420 617 1718 684 consortis,

125 722 392 778 honorem
420 730 473 776 et
496 700 732 790 ‘gloriam
766 717 1121 790 temporalem
1144 716 1347 772 habere
1376 723 1579 787 potest,
1612 728 1719 768 non

127 824 305 872 tamen
336 812 755 883 sempiternam.

199 905 316 962 Hoc
346 915 661 979 praeceptum
685 903 990 960 commendo
1028 902 1142 970 tibi,
1164 902 1244 973 ﬁli
1270 900 1556 957 Timothee.
1581 898 1722 954 Huc-

125 1012 297 1070 usque
327 996 397 1053 de
438 1005 583 1052 statu
625 1011 758 1062 suo,
798 996 1071 1066 quomodo
1124 992 1450 1051 adversariis
1498 1004 1725 1060 respon—

124 1092 292 1147 dere:
326 1090 453 1146 hinc
506 1090 600 1145 dat
648 1090 1034 1146 auctoritatem
1087 1086 1407 1151 ordinandi,
1460 1081 1719 1145 docendi,

124 1200 245 1255 quin
269 1193 537 1253 praecepta
572 1192 704 1237 sunt
727 1181 1098 1238 commendat.

196 1276 497 1331 Secundum
518 1275 861 1347 prmcedentes
887 1275 940 1327 in
986 1281 1033 1328 te
1054 1270 1377 1344 praphetias.
1407 1264 1721 1323 Secundum

128 1369 271 1440 quod
300 1370 460 1424 etiam
482 1378 608 1424 ante
636 1368 735 1424 hoc
771 1366 1034 1433 ofﬁcium,
1071 1364 1316 1419 habebas
1344 1361 1574 1433 gratiam
1599 1375 1722 1430 pro-

131 1458 413 1531 phetandi.

209 1556 278 1612 Ut
308 1558 497 1611 milites
552 1556 605 1609 in
648 1555 755 1609 illis
796 1554 981 1609 bonam
1028 1553 1288 1607 militiam.
1342 1552 1489 1608 Bona
1530 1549 1721 1607 militia

128 1660 236 1719 est,
262 1651 316 1705 in
337 1662 439 1720 qua
469 1656 665 1703 contra
690 1647 967 1703 diabolum
996 1657 1050 1701 et
1083 1646 1216 1699 vitia
1252 1643 1538 1698 militatur.

1827 424 1998 482 Deum
2031 432 2086 480 ct
2113 424 2360 483 homines
2389 428 2675 485 universos
2709 447 2723 483 :
2758 429 2861 485 hoc
2897 439 3002 498 est,
3051 434 3233 490 nullus
3282 437 3422 493 alius

1825 519 1972 589 talis,
1997 534 2100 583 nec
2131 519 2368 593 Moyses,
2408 538 2509 579 nec
2532 522 2729 594 aliquis
2746 524 3037 595 propheta,
3069 527 3195 596 quia
3226 528 3315 585 hic
3366 540 3424 585 ct

1825 614 1989 670 homo
2042 624 2182 681 erat,
2235 625 2289 671 et
2337 615 2501 673 Deus.
2537 616 2646 673 Sed
2673 618 2796 689 quia
2846 620 2912 675 de
2963 620 3255 678 traditione
3304 632 3426 680 erat

1825 706 2091 774 dicturus,
2124 708 2248 765 ideo
2274 710 2548 766 hominem
2578 711 2925 767 solummodo
2945 714 3269 771 nominavit.

1900 800 1999 868 Qui
2022 801 2165 856 dedit
2196 804 2601 873 redemptionem
2650 806 2979 876 semetipsum
3028 824 3122 877 pro
3160 808 3419 866 omnibus.

1827 890 1923 947 Ille
1952 908 2011 949 se
2040 908 2140 964 pro
2163 895 2413 951 omnibus
2442 895 2611 963 dedit,
2646 897 2693 951 si
2721 913 2913 954 omnes
2943 899 3137 955 redimi
3184 902 3416 958 vellent.

1899 985 2065 1059 Cujus
2088 990 2438 1044 testimonium
2464 990 2779 1061 temporibus
2794 992 2905 1045 suis
2932 993 3297 1063 conﬁrmatum
3326 1003 3421 1050 est.

1828 1076 1886 1131 in
1918 1079 2284 1134 testimonium
2318 1082 2504 1151 generi
2537 1084 2800 1152 humano,
2848 1095 3055 1141 sancta:
3106 1087 3230 1143 vita:
3276 1089 3425 1144 dedit

1826 1169 2133 1237 exemplum
2160 1188 2171 1221 ε
2201 1172 2324 1241 quia
2344 1173 2700 1243 etprOpheta:
2728 1177 2840 1232 suis
2868 1179 3238 1236 testimonium
3273 1181 3424 1238 fuere

1827 1262 2197 1331 temporibus:
2233 1265 2524 1321 novissime
2551 1276 2731 1324 autem
2776 1271 2924 1325 misit
2959 1272 3129 1329 lilium
3159 1291 3315 1331 suum
3357 1278 3425 1332 ad

1826 1358 2075 1411 colonos.

1900 1449 1967 1504 In
1995 1467 2094 1519 quo
2142 1452 2339 1521 positus
2386 1470 2498 1507 sum
2546 1470 2639 1525 ego
2688 1456 3001 1525 pradicator
3029 1468 3077 1513 et
3126 1462 3453 1531 Apostolus-

1828 1540 1884 1597 In
1912 1542 2112 1599 Christi
2142 1544 2470 1610 testimonio,
2502 1547 2615 1601 sive
2641 1548 2883 1604 Christo.

1906 1632 2185 1689 Veritatem
2210 1637 2348 1703 dico,
2377 1653 2479 1692 non
2509 1640 2747 1709 mentior,
2781 1641 2963 1695 doctor
2991 1646 3220 1716 gentium
3248 1646 3300 1699 in
3327 1647 3433 1717 ﬁde

201 1742 414 1798 Haben;
438 1742 617 1813 ﬁdem.
646 1743 751 1798 Pro
775 1740 965 1809 armis,
1003 1739 1165 1795 ﬁdem
1198 1738 1253 1792 in
1281 1736 1496 1792 Christo
1515 1733 1724 1806 perfec-
1754 1733 1802 1793 Β
1829 1736 1876 1783 et
1904 1729 2134 1784 veritate.
2172 1729 2306 1784 Volo
2334 1747 2455 1801 ergo
2482 1733 2617 1787 viros
2640 1749 2793 1789 orare
2820 1737 2872 1790 in
2903 1740 3043 1791 omni
3068 1740 3202 1794 loco.
3236 1741 3434 1813 Magis-

125 1849 256 1892 tam.

196 1928 269 1983 Et
314 1929 504 1983 bonam
565 1927 959 1983 conscientiam.
1014 1921 1298 1995 lmplendo
1353 1921 1497 1992 quod
1538 1921 1725 1977 doces.

200 2023 374 2090 Quam
394 2023 608 2094 quidam
650 2020 957 2094 repellentes
1008 2021 1150 2074 circa
1185 2016 1343 2087 ﬁdem
1383 2016 1729 2088 naufragave-

123 2125 266 2169 runt.
322 2114 466 2169 Male
507 2114 765 2179 vivendo,
819 2114 991 2183 ipsam
1036 2125 1252 2183 quoque
1291 2108 1447 2165 (idem
1478 2108 1729 2180 perdide-

123 2217 274 2277 runt,
307 2222 469 2278 quam
501 2206 705 2263 habere
734 2206 1060 2263 videbantur
1094 2223 1107 2259 :
1133 2205 1248 2261 sive
1280 2204 1441 2259 etiam
1465 2203 1577 2273 jam
1600 2202 1727 2257 vitia

126 2302 503 2359 defendentes.

202 2394 288 2449 Ea:
307 2393 491 2465 quibus
519 2400 593 2447 est
618 2389 939 2464 Hymenteus
960 2402 1009 2446 et
1039 2391 1357 2447 Alexander.
1407 2389 1508 2458 Qui
1540 2401 1729 2443 amore

128 2487 383 2543 vitiorum
431 2486 497 2540 ad
545 2484 800 2540 htercsim
841 2485 1195 2539 transierunt.

204 2580 347 2647 Quos
379 2577 574 2633 tradidi
600 2578 836 2645 Satanae,
876 2588 930 2631 at
959 2577 1161 2631 discant
1208 2593 1311 2631 non
1349 2573 1727 2645 blaspltemare.

133 2673 191 2727 ln
244 2670 523 2726 interitum
575 2670 788 2733 carnis,
849 2677 909 2723 ut
954 2684 1019 2724 ex
1070 2668 1323 2739 prmsenti
1378 2664 1730 2734 correptione

126 2767 369 2829 discant,
402 2763 638 2817 futurum
688 2761 956 2831 judicium
1009 2777 1116 2816 non
1157 2775 1396 2832 negare;
1430 2758 1497 2815 ad
1543 2776 1733 2818 emen-

128 2854 373 2913 dandum
408 2854 616 2925 traditi,
652 2871 760 2911 non
785 2855 850 2908 ad
888 2854 1244 2924 perdendum.

753 2946 984 3002 CAPUT
1042 2945 1107 3001 ll.

212 3042 435 3098 Obsecro
464 3042 624 3114 igitur
653 3040 880 3113 primum
920 3040 1152 3094 omnium
1178 3040 1289 3110 ﬁeri
1335 3040 1728 3096 obsecrationes.

135 3138 485 3204 Obsecratio,
511 3137 814 3208 impensior
845 3144 926 3191 est
947 3135 1145 3189 oratio.

208 3234 504 3300 Orationes,
535 3228 931 3303 postulationes,
978 3228 1272 3298 gratiarum
1321 3229 1570 3284 actiones.
1632 3229 1736 3284 Pro

134 3343 206 3383 eo
264 3326 409 3398 quod
432 3340 531 3381 nos
562 3324 756 3396 dignos
794 3321 928 3379 fecit
957 3366 971 3390 ,
1020 3322 1185 3378 etiam
1242 3337 1346 3393 pro
1378 3322 1464 3379 his
1500 3322 1593 3393 qui
1642 3336 1736 3378 vos

134 3430 540 3493 persequuntur
561 3429 617 3476 et
649 3419 930 3476 tribulant.

206 3513 318 3569 Pro
346 3513 581 3568 omnibus
605 3510 920 3579 hominibus,
972 3525 1068 3582 pro
1115 3509 1341 3581 regibus,
1397 3519 1443 3564 et
1501 3509 1738 3565 omnibus

128 3610 221 3676 qui
250 3608 304 3662 in
329 3606 646 3661 sublimitate
670 3604 941 3659 constituti
961 3600 1527 3672 sunt.Utcognoscant
1541 3602 1733 3669 Deum,

131 3701 280 3767 sive,
305 3709 364 3754 ut
387 3698 660 3769 subjectas
718 3695 951 3751 habeant
980 3703 1192 3766 gentes.
1224 3693 1447 3750 Illorum
1484 3696 1633 3749 enim
1681 3695 1735 3749 in

129 3809 273 3866 pace
295 3792 661 3864 tranquillitas
684 3799 871 3847 nostra
902 3790 1159 3847 consistit
1200 3807 1214 3844 :
1256 3788 1356 3845 sed
1406 3798 1461 3844 et
1505 3789 1554 3845 si
1577 3788 1737 3845 nobis

128 3887 467 3945 Christianis
517 3888 588 3941 sit
633 3885 1031 3956 persecutionis
1088 3883 1363 3953 turbatio,
1427 3883 1606 3939 omnis
1654 3881 1735 3938 in-

130 3978 404 4051 quietudo
430 3977 689 4034 cessabit.

211 4074 284 4132 Ut
304 4075 533 4146 quietam
560 4082 606 4128 et
638 4070 978 4141 tranquillam
996 4071 1155 4125 vitam
1170 4086 1390 4141 agamus
1406 4070 1462 4125 in
1477 4071 1618 4124 omni
1632 4071 1740 4142 pie-

129 4177 240 4222 tate
271 4172 321 4222 et
346 4167 609 4220 castitate.
636 4162 715 4217 Ad
742 4162 850 4217 hoc
870 4177 971 4217 nos
991 4162 1107 4217 vult
1126 4176 1248 4217 esse
1277 4163 1513 4233 quietos,
1548 4164 1737 4233 utpie-

132 4268 252 4316 tate
297 4265 355 4314 et
384 4255 662 4321 castitate,
716 4270 823 4309 non
877 4253 1223 4311 dissensione
1281 4262 1449 4326 atque
1501 4255 1734 4325 luxuria,

134 4350 509 4423 tranquillitas
529 4355 713 4404 nostra
740 4347 1006 4419 proficiat.

210 4441 332 4497 Hoc
362 4443 499 4497 enim
530 4440 721 4495 bonum
753 4449 848 4505 est,
885 4450 932 4495 et
958 4450 1225 4513 acceptant
1263 4458 1438 4498 coram
1468 4442 1739 4500 Saluatore

134 4542 318 4591 nostra
348 4534 477 4588 Deo.
500 4531 569 4589 Ut
593 4532 761 4604 quieti
793 4534 847 4589 in
878 4536 1081 4591 sanctis
1109 4538 1371 4606 operibus
1411 4540 1736 4596 serviamus.

215 4626 323 4692 Qui
343 4641 519 4678 omnes
539 4623 776 4680 homines
798 4626 905 4679 vult
932 4626 1101 4680 salvos
1123 4627 1256 4695 ﬁeri.
1280 4628 1378 4684 llic
1400 4638 1425 4667 ⁸
1453 4632 1738 4702 probatur,

134 4718 619 4788 neminioportere
648 4718 715 4773 ad
746 4717 1083 4775 credendum
1116 4721 1222 4776 vim
1252 4720 1476 4789 inferre,
1510 4740 1610 4781 nec
1633 4727 1740 4781 tol-

136 4816 264 4870 lere
290 4813 499 4868 arbitrii
531 4814 864 4869 libertatem.
891 4814 997 4871 Sed
1019 4825 1073 4870 et
1094 4814 1230 4871 illud
1274 4816 1378 4873 hoc
1427 4818 1550 4874 loco
1578 4820 1743 4876 solvi-

136 4914 232 4961 tur
258 4905 330 4960 de
360 4904 709 4963 induratione
734 4903 1063 4977 Pharaonis,
1094 4916 1149 4964 et
1191 4917 1409 4965 caetera:
1433 4908 1744 4981 hujusmodi

136 4994 475 5066 objectionis
505 4997 862 5067 quaestiones.

215 5086 287 5141 Et
335 5089 404 5141 ad
456 5089 771 5161 agnitionem
818 5091 1050 5146 veritatis
1092 5092 1288 5148 venire.
1338 5090 1395 5150 Si
1425 5094 1527 5163 ipsi
1565 5103 1742 5152 tamen

60 5185 65 5188 ’
133 5183 363 5240 vocanti
395 5182 506 5239 Deo
547 5184 859 5241 consentire
888 5186 1181 5243 voluerint.

219 5278 399 5335 Unum
420 5280 557 5332 enim
594 5278 752 5335 Deus.
784 5279 937 5337 Unus
965 5282 1109 5337 enim
1131 5282 1275 5339 Deus
1305 5282 1467 5341 Pater
1494 5294 1548 5341 et
1578 5283 1749 5342 Filius

137 5384 199 5433 et
223 5374 468 5446 Spiritus
507 5381 766 5429 sanctus:
799 5374 854 5430 id
883 5385 988 5446 est,
1015 5391 1121 5432 una
1169 5377 1223 5433 in
1271 5378 1449 5435 tribus
1497 5380 1749 5450 personis

140 5475 343 5523 natura
384 5474 465 5520 est
494 5464 735 5521 deitatis.

225 5559 380 5615 Unus
401 5565 447 5615 et
473 5557 732 5613 mediator
756 5558 856 5614 Dei
902 5568 950 5615 et
999 5560 1265 5618 hominum
1315 5565 1467 5620 homo
1513 5566 1750 5629 Christus

219 5748 252 5780 ιι
280 5736 417 5795 Vide
448 5734 656 5792 Balusii
688 5743 843 5794 notas
863 5735 919 5794 in
937 5738 1437 5820 Agobardum,pag.
1468 5746 1539 5803 '57
1558 5758 1617 5805 et
1639 5763 1758 5822 seq.

1830 1829 1913 1876 ter
1940 1823 2176 1888 gentium
2211 1822 2305 1876 dat
2344 1823 2516 1894 legem
2556 1828 2769 1894 orandi,
2806 1839 2863 1884 ut
2889 1836 3214 1890 auctoritate
3239 1836 3435 1891 Salva-

1831 1916 1989 1981 toris,
2016 1928 2190 1983 neque
2218 1913 2271 1967 in
2309 1926 2518 1981 monte,
2551 1933 2730 1989 neque
2764 1921 2814 1974 in
2848 1920 3203 1996 Jerosolymis
3233 1927 3434 1998 aliquis

1829 2004 2020 2061 orandi
2052 2002 2215 2077 eligat
2246 2005 2444 2077 locum,
2478 2008 2573 2065 sed
2605 2011 2656 2065 in
2688 2012 2881 2082 Spiritu
2914 2031 2925 2067 :
2966 2016 3057 2086 qui
3099 2017 3296 2089 ubique
3338 2036 3439 2076 no-

1829 2098 2038 2155 biscum
2086 2115 2207 2154 esse
2252 2100 2595 2174 intelligitur.
2647 2103 2789 2161 Sane
2830 2106 2900 2163 de
2940 2108 3044 2163 hoc
3072 2109 3217 2179 loco,
3246 2122 3301 2167 et
3329 2113 3433 2169 hac

1830 2205 1993 2246 causa
2028 2207 2057 2246 a
2097 2191 2300 2247 ludatis
2351 2206 2492 2250 mota
2541 2195 2645 2252 fuit
2683 2200 2936 2269 qumstio,
2988 2204 3080 2273 qui
3130 2204 3184 2259 in
3232 2207 3436 2277 templo

1832 2286 2173 2339 solummodo
2204 2286 2253 2339 iu
2282 2285 2642 2360 Jerosolymis
2670 2306 2831 2347 orare
2861 2288 3180 2363 cupiebant.

1904 2380 2149 2436 Levantes
2182 2400 2339 2452 puras
2381 2401 2564 2439 manus
2604 2388 2712 2442 sine
2754 2389 2836 2441 ira
2873 2399 2920 2443 et
2955 2390 3343 2465 disceptatione.
3392 2399 3437 2453 A

1834 2476 2001 2544 'cazde,
2030 2486 2083 2533 et
2112 2479 2399 2549 sanguine,
2431 2481 2688 2552 omnique
2734 2498 2901 2554 opere
2944 2486 3112 2542 malo.
3158 2488 3432 2544 Testimo-

1836 2573 1981 2624 nium
2014 2571 2159 2626 enim
2202 2571 2530 2627 innocentia:
2573 2586 2658 2629 est
2714 2590 2972 2631 manuum
3017 2578 3271 2635 elevatio.
3320 2580 3439 2638 Non

1834 2664 2006 2719 solum
2033 2675 2212 2720 autem
2242 2681 2435 2722 manus
2462 2668 2530 2723 ab
2560 2682 2750 2738 opere,
2784 2670 2881 2727 sed
2911 2672 3077 2728 etiam
3110 2684 3343 2732 mentem
3372 2678 3441 2731 ab

1834 2754 1912 2810 ira
1946 2765 1999 2812 et
2028 2756 2436 2828 disceptationis
2463 2759 2727 2831 cogitatu,
2761 2763 2851 2833 qui
2891 2764 2997 2821 sibi
3039 2765 3240 2822 dimitti
3285 2770 3439 2838 petit,

1836 2848 1997 2904 debet
2027 2849 2227 2905 habere
2256 2848 2500 2906 mundas.
2543 2852 2714 2908 Nemo
2752 2854 2954 2926 aliquid
3000 2856 3298 2929 impetrare
3341 2875 3436 2931 po-

1839 2950 1962 3008 test,
1992 2944 2093 2997 alia
2127 2944 2438 3015 cogitando.

1911 3033 2165 3089 Similiter
2196 3045 2243 3090 et
2267 3036 2523 3093 mulieres.
2554 3038 2746 3095 Omnia
2775 3057 2895 3112 qum
2925 3043 3041 3099 dixi
3071 3045 3141 3102 de
3170 3048 3327 3104 viris.

1763 3104 1809 3168 C
1912 3125 1977 3181 In
2004 3128 2179 3182 habitu
2212 3141 2414 3185 ornato.
2448 3132 2687 3189 llonesto
2727 3146 2776 3191 et
2828 3140 3169 3196 convenienti
3207 3152 3437 3201 natura).

1911 3222 2039 3277 Cum
2070 3227 2372 3279 verecuniiia
2402 3236 2450 3280 et
2479 3226 2752 3284 sobrietate
2778 3242 3023 3286 amantes
3043 3250 3117 3288 se.
3157 3235 3284 3292 H280
3311 3247 3444 3294 sunt

1839 3326 2155 3379 ornamenta
2184 3316 2402 3373 femina:
2431 3319 2783 3380 Christianae.

1910 3408 1978 3461 Et
2002 3425 2105 3462 non
2137 3410 2189 3463 in
2222 3413 2366 3465 tortis
2401 3412 2646 3468 crinibus.
2687 3414 2804 3471 Non
2851 3415 3049 3474 debent
3084 3423 3432 3481 occasionem

1840 3498 1971 3555 dare
2001 3501 2478 3572 concupiscentiae.

1914 3593 2015 3648 Aut
2045 3611 2196 3661 auro,
2224 3603 2308 3648 aut
2340 3598 2653 3667 margaritis.
2682 3598 2813 3666 Qua:
2846 3609 3005 3658 terra:
3033 3614 3162 3661 sunt
3201 3618 3387 3677 partes
3419 3627 3434 3665 :

1840 3688 1990 3757 cujus
2022 3698 2105 3744 est
2136 3686 2299 3743 homo
2326 3688 2575 3745 dominus
2604 3690 2906 3748 institutus.

1916 3781 2010 3836 Vel
2036 3790 2167 3835 veste
2197 3782 2438 3852 pretiosa.
2467 3782 2595 3851 Quae
2628 3800 2739 3855 prae
2771 3787 2934 3843 nimia
2963 3791 3293 3865 subtilitate,
3329 3812 3435 3855 nec

1842 3875 2012 3947 frigus
2037 3884 2239 3939 arceat,
2266 3884 2322 3931 et
2346 3874 2414 3933 de
2441 3877 2594 3948 cujus
2628 3879 2805 3948 pretio
2834 3882 3055 3951 plurimi
3076 3888 3267 3943 vestiri
3295 3889 3444 3960 ejus-

1841 3969 1963 4024 dem
1996 3977 2201 4024 natura:
2232 3969 2478 4027 homines
2509 3972 2835 4041 potuissent.

1915 4061 2023 4117 Sed
2042 4064 2181 4134 quod
2207 4062 2350 4117 decet
2377 4064 2639 4132 mulieres,
2679 4068 3034 4137 promittentes
3073 4072 3315 4143 pietatem
3350 4093 3444 4146 per

1844 4171 1999 4227 apera
2023 4157 2172 4211 bona.
2203 4153 2309 4212 Ista
2338 4172 2467 4230 ergo
2511 4173 2617 4215 non
2666 4171 2791 4216 sunt
2837 4165 3293 4235 promittentium,
3339 4169 3441 4224 sed

1843 4251 2153 4323 negantium
2182 4255 2504 4310 castitatem.

1917 4344 2108 4402 Mulier
2134 4348 2186 4401 in
2209 4348 2416 4403 silentio
2445 4348 2611 4407 discat
2637 4368 2754 4407 cum
2784 4354 2926 4408 omni
2968 4354 3302 4425 subjectione.
3351 4355 3443 4411 Di-

1845 4450 1952 4496 scat
1982 4441 2223 4511 quidem,
2252 4442 2347 4498 sed
2375 4458 2497 4497 eum
2536 4446 2683 4501 omni
2731 4446 3035 4501 humilitate
3063 4456 3118 4502 et
3155 4445 3438 4503 charitatc.

1915 4530 2111 4587 Docere
2132 4544 2306 4589 autem
2321 4535 2526 4591 mulieri
2546 4554 2647 4591 non
2666 4540 2924 4607 permitto.
2948 4538 3165 4593 Publice
3185 4553 3291 4593 non
3318 4555 3441 4609 per-

1845 4626 2034 4680 mittit:
2061 4642 2182 4683 nam
2205 4626 2371 4683 lilium
2404 4640 2494 4684 aut
2525 4631 2743 4685 fratrem
2768 4630 2927 4686 debet
2950 4630 3148 4687 docere
3166 4632 3438 4702 privatim.

1918 4719 2101 4796 Neque
2128 4723 2389 4778 dominari
2420 4725 2471 4778 in
2500 4723 2688 4789 uirum,
2715 4724 2805 4777 sed
2847 4740 2953 4779 esse
2994 4725 3049 4779 in
3086 4725 3316 4779 silentio.
3360 4725 3439 4782 Ne

1847 4818 2217 4886 magisterium
2263 4814 2367 4871 sibi
2416 4814 2726 4885 usurpando
2765 4816 3068 4886 superbiat,
3119 4817 3213 4873 sed
3264 4826 3440 4874 taceat

1847 4908 1903 4965 in
1936 4909 2197 4965 Ecclesia.

1919 5005 2085 5060 Adam
2120 5004 2253 5058 enim
2282 5004 2476 5076 primus
2521 5004 2776 5075 formatus
2820 5013 2916 5070 est,
2966 5004 3152 5060 deinde
3198 5005 3327 5062 Eva.
3375 5006 3446 5064 Et

1851 5099 2018 5153 Adam
2046 5115 2147 5153 non
2176 5106 2250 5151 est
2277 5097 2556 5160 seductus;
2582 5095 2769 5150 mulier
2788 5104 2961 5151 autem
2987 5098 3223 5154 seducta.
3248 5098 3447 5157 Reddit

1851 5206 2069 5248 causam
2098 5204 2269 5260 quare
2295 5203 2387 5244 eas
2419 5188 2545 5244 velit
2564 5203 2685 5244 esse
2712 5189 2987 5260 subjectos
3013 5208 3025 5243 :
3060 5191 3287 5257 scilicet,
3320 5196 3446 5264 quia

1853 5291 1907 5338 et
1936 5282 2263 5355 posteriores
2293 5280 2345 5335 iu
2378 5279 2583 5335 factura
2612 5289 2758 5347 sunt,
2790 5292 2846 5337 et
2876 5283 3093 5353 priores
3121 5286 3173 5340 in
3202 5287 3382 5357 culpa.

1928 5375 1993 5431 In
2015 5374 2432 5448 prwvaricatione
2449 5376 2569 5446 fuit.
2596 5373 2895 5431 Saluabitur
2911 5388 3085 5431 autem
3112 5395 3202 5447 per
3222 5381 3452 5448 ﬁliorum

1857 5470 2254 5543 generationem.
2305 5467 2361 5521 In
2413 5468 2859 5538 praevaricatione
2910 5469 3009 5526 fuit
3050 5472 3308 5527 mandati.
3343 5474 3450 5531 Sed

1861 5588 1965 5629 non
2018 5568 2140 5625 ideo
2192 5565 2450 5637 desperet
2492 5566 2724 5624 mulier:
2778 5568 2904 5638 quia
2954 5582 3051 5639 per
3100 5567 3451 5639 baptismum,
3504 5596 3509 5601 -
