4008 6188
617 235 723 295 879

1669 227 1728 283 S.
1772 223 2153 283 lllERONYMl
2194 220 2480 283 OPERUM
2522 221 2892 286 MANTISSA.

3846 228 3934 293 830

620 353 769 424 quod
810 360 895 410 est
940 350 1172 405 ﬁliorum
1217 345 1519 417 generatio,
1574 346 1687 416 ipsa
1741 346 2084 401 salvabitur:
2121 361 2228 401 non
2261 349 2307 406 A
2410 348 2620 417 Oportet
2641 357 2809 404 autem
2831 359 2880 403 et
2901 347 3050 403 illum
3076 348 3420 404 testimonium
3448 348 3643 404 habere
3665 348 3933 404 bonumab

623 446 761 511 Eva,
794 443 890 500 sed
918 442 1148 498 credens
1193 438 1411 494 mulier.
1462 438 1595 505 Quia
1648 439 1759 493 Eva
1806 439 1873 494 ad
1921 440 2228 509 exemplum

628 536 859 590 adducta
891 542 975 589 est
1003 529 1298 587 ereationis
1326 548 1337 584 :
1372 545 1477 584 non
1509 530 1576 585 de
1607 531 1777 600 ipsius
1808 531 1982 587 salute
2012 530 2232 601 proprie

626 627 981 682 tractabatur.
1014 622 1308 689 Castorum,
1335 621 1608 692 quomodo
1635 623 1846 691 justitia
1879 623 2011 693 justi
2066 638 2232 692 super

626 718 805 787 ipsum
838 718 964 784 erit,
994 725 1050 770 et
1092 714 1364 786 quomodo
1408 713 1546 781 Noe,
1589 713 1714 777 Job.
1764 723 1821 770 et
1861 713 2049 769 Daniel
2093 713 2233 768 ﬁlios

622 825 751 866 suos
779 809 1126 865 liberabunt:
1160 809 1239 863 sic
1269 823 1364 876 per
1392 806 1534 861 ﬁlios
1569 806 1677 861 Eva
1708 806 2030 861 salvabitnr.

708 904 770 958 Si
800 901 1191 973 permanserint.
1225 902 1377 956 Sicut
1405 900 1655 968 snperius
1684 899 1751 954 de
1780 900 1973 969 plurali
2007 914 2236 955 numero

630 996 942 1062 mulierum,
977 995 1044 1049 ad
1078 994 1408 1065 singularem
1444 994 1659 1059 dicens,
1690 993 1877 1050 Mulier
1912 995 1966 1049 in
2012 993 2234 1051 silentio

629 1091 805 1147 discat
830 1109 844 1145 :
879 1092 949 1145 ita
974 1098 1029 1145 et
1059 1089 1147 1143 hic
1177 1089 1343 1143 rediit
1371 1088 1436 1142 ad
1466 1088 1754 1159 pluralem.

699 1186 767 1240 In
796 1186 899 1255 ﬁde
928 1194 973 1239 et
1000 1184 1294 1238 dilectione.
1342 1182 1567 1248 Christi,
1614 1192 1669 1238 et
1715 1181 2007 1238 dilectione
2049 1181 2231 1252 proxi-

626 1294 861 1334 morum.

698 1370 769 1424 Et
796 1370 1208 1439 sanctiﬁcatione
1237 1385 1350 1423 cum
1381 1368 1677 1423 sobrietate.
1725 1366 2056 1435 Notandum,
2090 1367 2233 1439 quod

453 1464 576 1556 ..ᾗ
628 1460 742 1517 sola
774 1461 905 1556 ﬁdes
938 1460 1005 1514 ad
1035 1460 1264 1556 salutem
1294 1460 1366 1556 ei,
1388 1461 1490 1556 qui
1526 1469 1648 1556 post
1682 1459 2008 1556 baptismum
2042 1474 2235 1527 super-

628 1554 848 1618 vixerit,
876 1568 981 1606 non
1013 1552 1267 1619 sufﬁciat,
1298 1552 1401 1606 nisi
1433 1552 1775 1606 sanctitatem
1808 1552 2006 1606 mentis
2033 1560 2087 1606 et
2111 1566 2235 1605 eor-

629 1647 781 1719 joris
800 1646 996 1700 habeat
1024 1662 1037 1699 :
1068 1661 1187 1715 quae
1209 1646 1327 1699 sine
1349 1645 1641 1700 sobrietate
1664 1644 1884 1700 difﬁcile
1906 1643 2229 1700 cuStoditttr.

1246 1758 1473 1815 CAPUT
1516 1758 1605 1813 111.

698 1858 901 1917 Fidelis
928 1874 1129 1916 sermo:
1165 1859 1224 1914 Si
1254 1860 1372 1929 quis
1401 1860 1752 1929 episcopatum
1789 1859 2063 1915 desiderat.
2106 1857 2229 1915 Pri-

621 1971 770 2011 mum
784 1956 957 2009 ‘laicos
976 1953 1229 2019 instituit,
1249 1953 1315 2007 de
1337 1952 1533 2023 quibus
1551 1953 1737 2023 optimi
1759 1955 1959 2025 quique
1977 1956 2030 2009 in
2048 1969 2233 2010 sacer-

623 2048 829 2105 dotium
849 2046 1154 2117 eliguntur:
1183 2046 1332 2101 etsic
1353 2045 1483 2101 dicit
1505 2046 1693 2116 quales
1710 2047 2223 2103 deheantordinari.
2316 2106 2319 2107 ν

691 2144 896 2198 Bonum
919 2159 1049 2213 opus
1080 2140 1361 2196 desiderat.
1392 2141 1472 2194 Ad
1503 2141 1629 2196 boui
1670 2143 1853 2212 operis
1894 2141 2228 2198 desiderium

626 2252 750 2293 cum
781 2242 1064 2307 provocat,
1093 2248 1200 2289 non
1230 2232 1296 2287 ad
1327 2232 1611 2288 honorem.

700 2330 912 2403 Oportet
936 2328 1071 2383 enim
1102 2328 1400 2399 episc0punt
1434 2327 1937 2397 irreprehensibilem
1963 2344 2093 2384 esse.
2122 2328 2231 2384 Aut

625 2424 888 2481 Ecclesite
925 2422 1181 2495 princeps
1217 2436 1325 2476 non
1370 2421 1511 2477 erit:
1553 2436 1716 2494 quam
1762 2422 1886 2480 ideo
1934 2422 2230 2495 Apostolus

623 2522 743 2576 sine
770 2518 979 2574 macula
1010 2517 1135 2572 alibi
1164 2516 1429 2573 deﬁnivit.

702 2616 867 2671 Unius
882 2613 1059 2668 uxoris
1076 2611 1408 2667 virum.Viris
1428 2627 1525 2667 nec
1538 2612 1641 2668 hoc
1654 2612 1800 2680 licet,
1814 2614 1958 2685 quod
1973 2613 2134 2669 velati
2148 2614 2231 2670 in-

623 2709 821 2768 cedant
839 2726 849 2763 :
866 2706 1036 2763 multo
1054 2704 1224 2776 magis
1246 2707 1358 2774 illa,
1381 2723 1497 2775 qua:
1518 2708 1826 2764 etiamlaieo
1851 2709 2225 2779 prohibentur.

695 2802 961 2857 Sobriunt.
999 2801 1065 2854 Et
1093 2810 1296 2866 mente,
1329 2810 1383 2856 et
1412 2816 1665 2872 corpore.

700 2894 977 2961 Urnalum,
1006 2893 1345 2972 prudentem,
1370 2895 1633 2965 pudicum.
1666 2894 1761 2952 llis
1787 2896 2040 2953 omnibus
2070 2898 2230 2970 spiri-

625 2990 862 3046 tualibus
886 2988 1247 3044 ornamentis.

696 3078 1045 3147 Hospitalem.
1101 3078 1185 3133 Ad
1237 3078 1592 3135 humanitatis
1639 3095 1777 3151 opus
1819 3090 2015 3139 cuncta
2066 3083 2222 3154 plebs

619 3170 849 3229 rectoris
880 3169 1053 3225 forma
1082 3180 1429 3241 provocetur.

695 3262 992 3318 Ductorem.
1042 3260 1177 3317 Tam
1218 3260 1423 3325 verbo,
1465 3275 1625 3331 quam
1666 3264 1938 3334 exemplo.
1985 3266 2042 3324 Si
2081 3268 2228 3324 enim

621 3358 865 3413 omnium
894 3364 1017 3411 vota
1050 3353 1192 3409 scire
1236 3353 1494 3422 voluerit,
1541 3354 1626 3409 vel
1665 3354 1909 3424 deberet,
1954 3361 2228 3430 quomodo

621 3465 811 3508 omnes
856 3452 1074 3506 valeant
1118 3445 1492 3518 respondere:
1541 3458 1743 3519 quanto
1774 3452 1944 3520 magis
1973 3454 2229 3509 sacerdos

621 3548 797 3617 legem
825 3543 1074 3614 exquiret
1098 3543 1111 3596 !
1146 3542 1270 3611 quia
1294 3542 1517 3611 angelus
1548 3543 1641 3598 Dei
1672 3547 2060 3616 omnipotentis
2087 3557 2189 3603 est.

698 3632 821 3687 Non
863 3632 1200 3686 vinolentum.
1250 3630 1318 3686 Ut
1363 3630 1689 3690 ﬁducialitcr
1735 3636 1907 3706 possit
1952 3637 2229 3709 corripere

626 3725 898 3781 ebriosos.

688 3814 811 3869 Non
830 3827 1200 3884 percussorem.
1219 3814 1345 3871 Sive
1364 3830 1431 3872 ne
1448 3816 1519 3871 sit
1533 3820 1784 3887 petulans
1800 3822 1864 3876 ad
1885 3824 2224 3881 caedendum:

626 3908 741 3965 sive
765 3922 832 3962 ne
856 3907 999 3961 malo
1019 3909 1269 3978 exemplo
1291 3912 1653 3969 conscientias
1685 3914 1841 3972 feriat
1862 3917 2223 3978 inﬁrmorum.

699 4001 809 4059 Sed
837 4000 1141 4054 modeslunt.
1173 4000 1273 4070 Qui
1306 4006 1487 4059 omnia
1519 4007 1680 4063 faciat
1709 4025 1833 4065 cum
1867 4027 2142 4069 mensura.

701 4094 825 4149 Non
854 4094 1156 4163 litigiosum,
1188 4098 1452 4169 cupidum,
1482 4101 1573 4154 sed
1602 4119 1712 4157 suae
1740 4107 1917 4159 domui
1949 4105 2073 4162 bene
2094 4126 2229 4179 pra:-

627 4189 873 4261 positunt,
902 4186 1039 4256 ﬁlios
1070 4186 1331 4243 habentem
1360 4191 1587 4247 subditos
1627 4211 1743 4247 cum
1784 4198 1923 4251 omni
1970 4201 2221 4257 castitate.

630 4282 860 4338 Servum
891 4279 986 4335 Dei
1021 4294 1125 4335 non
1155 4292 1372 4350 oportet
1401 4284 1630 4354 litigare.
1666 4287 1812 4343 Lites
1840 4298 2017 4346 autem
2041 4292 2229 4364 etjur-

630 4376 715 4446 gia
744 4372 977 4429 maxime
1005 4388 1071 4427 ex
1099 4374 1484 4443 cupiditatibus
1523 4378 1796 4435 oriuntur.

703 4468 764 4523 Si
784 4467 897 4539 quis
923 4476 1096 4521 autem
1123 4467 1300 4521 domui
1328 4483 1435 4523 sua:
1464 4469 1590 4525 bene
1629 4489 1846 4541 prwesse
1872 4478 2062 4547 nescit,
2096 4498 2227 4553 quo.

627 4559 782 4614 modo
807 4558 1051 4614 Ecclesia:
1074 4556 1169 4613 Dei
1187 4559 1510 4632 diligentiam
1528 4562 1766 4619 habebit?
1786 4567 1907 4637 Ipse
1930 4571 1983 4626 in
2008 4587 2227 4644 sequen-

626 4651 771 4707 tibus
804 4650 1074 4722 exposuit,
1120 4651 1164 4706 si
1213 4650 1353 4707 ﬁlios
1404 4654 1459 4708 in
1510 4656 1779 4727 castitate,
1830 4668 1887 4715 et
1929 4661 2232 4725 humilitate

628 4745 853 4801 nutrivit
878 4763 892 4801 :
926 4745 1050 4799 hinc
1076 4744 1195 4815 ejus
1224 4745 1505 4818 diligentia
1534 4754 1920 4822 comprobatur
1945 4772 1960 4812 :
1993 4759 2039 4813 si
2080 4761 2227 4819 enim

626 4840 767 4895 ﬁlios
792 4851 919 4894 suos
948 4837 1165 4894 erudire
1193 4842 1440 4908 nescivit,
1465 4845 1738 4915 quomodo
1766 4856 1944 4904 tantos
1972 4851 2067 4908 Dei
2089 4853 2227 4913 ﬁlios

624 4932 965 5003 gubernabit,
1000 4948 1232 5004 quorum
1264 4951 1442 4993 mores
1467 4940 1766 4997 secundum
1794 4961 2078 5003 numerum
2102 4960 2231 5006 sunt

625 5023 861 5080 diversi?
890 5026 973 5080 vel
1017 5041 1122 5097 qua
1170 5027 1387 5095 ﬁducia,
1436 5032 1527 5101 qui
1578 5032 2013 5107 indisciplinatos
2065 5042 2228 5100 habet

625 5116 793 5182 ﬁlios,
824 5116 1043 5173 audebit
1071 5120 1289 5190 exigere
1315 5121 1684 5194 disciplinam?

696 5209 819 5265 Non
844 5211 1179 5283 neaphytum,
1210 5232 1271 5270 ne
1294 5217 1348 5271 in
1372 5218 1661 5288 superbiam
1683 5222 1869 5295 elatus,
1896 5227 1950 5282 in
1960 5230 2225 5301 judicium

623 5302 826 5357 incidat
872 5303 1085 5359 diaboli.
1136 5304 1215 5362 Ne
1264 5323 1438 5379 nuper
1484 5322 1707 5370 renatus
1750 5318 1859 5373 cito
1904 5326 2076 5391 possit
2128 5342 2226 5396 per

624 5396 985 5467 ignorantiam
1015 5399 1241 5455 exaltari
1267 5416 1280 5457 :
1311 5410 1364 5457 et
1397 5411 1551 5473 putet
1586 5422 1645 5463 se
1674 5423 1779 5464 non
1822 5421 1931 5467 tam
1969 5416 2217 5475 ministe-

619 5490 763 5543 rium
810 5489 1153 5561 humilitatis,
1196 5508 1356 5564 quam
1385 5497 1908 5561 administrationem
1942 5513 2219 5569 saecularis

2335 444 2435 508 his,
2468 445 2553 512 qui
2584 444 2711 514 foris
2736 452 2875 497 sunt.
2898 442 2969 500 Ut
2990 442 3107 499 sine
3127 442 3429 499 offensione
3455 442 3689 511 ludatis,
3716 443 3935 499 inﬁdeli-

2332 534 2453 599 bus,
2474 546 2634 605 atque
2656 537 2877 602 (ἱππεῖς,
2910 538 3095 605 praesit
3122 536 3382 592 Ecclesia:
3411 536 3531 592 Dei.
3562 536 3780 593 Omnes
3804 538 3933 594 enim

2335 630 2652 685 naturaliter
2674 640 2937 686 noverunt
2959 631 3179 700 culpare
3197 631 3352 695 vitia,
3367 640 3423 685 et
3445 630 3677 686 laudare
3697 630 3931 687 virtutes.

2409 722 2477 779 Ut
2506 741 2606 779 non
2626 725 2677 779 in
2701 725 3037 796 approbrium
3058 725 3274 789 incidat,
3297 724 3421 777 etin
3452 723 3705 793 laqueum
3729 724 3933 777 diaboli.

2334 814 2406 871 Ut
2457 832 2565 871 non
2618 818 2957 887 vituperetur
3004 816 3367 871 ministerium
3420 823 3705 879 nostrum,
3753 824 3811 871 et
3857 832 3941 885 per

2335 909 2482 963 illum
2510 908 2757 964 diabolus
2787 909 2986 965 multos
3017 908 3071 963 in
3104 908 3356 979 laqueum
3394 915 3606 976 teneat,
3658 909 3756 978 qtti
3799 918 3941 979 pote-

2335 1011 2458 1058 rant
2487 1003 2598 1058 ﬁeri
2628 1002 2944 1058 Christiani.

2412 1096 2675 1152 Diaconos
2719 1096 2977 1151 similiter.
3012 1094 3548 1167 lrreprehensibiles,
3600 1105 3667 1152 ut
3709 1096 3939 1168 episcopi

2336 1188 2623 1259 eligantur.
2648 1189 2922 1255 Qumritur
2942 1204 3040 1244 cur
3060 1188 3127 1243 de
3151 1188 3490 1260 presbyteris
3516 1187 3729 1243 nullam
3765 1190 3942 1245 fecerit

2335 1282 2692 1347 mentionem,
2722 1280 2816 1336 sed
2847 1296 2943 1337 eos
2988 1282 3369 1351 episcoporum
3421 1281 3650 1337 nomine
3694 1298 3939 1352 compre-

2338 1375 2620 1430 henderit:
2648 1376 2767 1446 quia
2786 1374 3076 1439 secundus,
3100 1375 3267 1430 immo
3289 1390 3429 1446 pene
3454 1390 3596 1430 unus
3616 1385 3706 1433 est
3727 1377 3939 1447 gradus:

2336 1470 2472 1525 sicut
2506 1470 2571 1524 ad
2604 1469 2983 1539 Philippenses
3011 1468 3286 1538 episcopis
3329 1483 3392 1524 ac
3434 1468 3691 1524 diaeonis
3730 1469 3933 1537 scribit,

2335 1578 2457 1618 eum
2491 1578 2595 1617 una
2626 1563 2815 1617 civitas
2848 1563 3033 1631 plures
3060 1562 3351 1631 episcopos
3381 1562 3592 1618 habere
3614 1580 3725 1618 non
3752 1565 3934 1634 possit,

2337 1665 2389 1710 et
2412 1656 2463 1710 in
2482 1654 2706 1710 Actibus
2720 1669 2744 1705 a
2756 1655 3085 1724 postolorum
3102 1656 3451 1726 presbyteros
3470 1657 3757 1725 Ecclesiae,
3782 1660 3937 1715 iturus

2258 1732 2305 1792 Β
2334 1747 2729 1818 Jerosolymas,
2744 1761 3097 1817 congregans,
3124 1747 3228 1801 ait:
3252 1747 3400 1803 Inter
3417 1757 3618 1803 caetera
3639 1750 3825 1806 videte
3839 1766 3940 1821 gres

2253 3123 2299 3187 C

2332 1858 2475 1915 gem,
2501 1842 2552 1896 in
2579 1858 2685 1912 quo
2706 1858 2801 1897 vos
2824 1841 3055 1911 Spiritus
3079 1854 3299 1898 sanctus
3324 1845 3621 1916 episcopos
3644 1846 3935 1902 ordinavit.

2406 1934 2658 1991 Pudicos.
2690 1935 3047 1991 Continentes
3073 1936 3302 1993 scilicet.

2408 2028 2532 2082 Non
2586 2028 2860 2099 bilingues.
2893 2028 3129 2085 Susurro
3152 2037 3209 2085 et
3229 2028 3489 2101 bilinguis
3513 2031 3726 2087 multos
3748 2031 3938 2101 turbat,

2332 2135 2519 2193 pacem
2551 2120 2839 2177 habentes.

2408 2213 2529 2268 Non
2556 2214 2854 2269 tttttltut‘ino
2890 2214 3112 2273 deditos.
3154 2216 3441 2273 Concessit
3483 2219 3805 2275 necessitati
3848 2232 3937 2292 pa-

2331 2323 2473 2376 rum,
2508 2310 2598 2380 qui
2631 2311 2891 2381 voluptati
2923 2312 3157 2382 amplius
3182 2311 3494 2382 denegavit.

2407 2401 2521 2457 Nec
2544 2412 2692 2475 turpe
2721 2404 2923 2457 lucrum
2948 2413 3219 2460 sectantes.
3268 2404 3453 2475 Turpe
3499 2405 3719 2462 lucrum
3760 2414 3846 2463 est
3881 2408 3936 2464 de

2332 2498 2647 2554 C(BiCSlibllS
2678 2498 2976 2570 mysteriis,
3008 2508 3223 2555 terrena
3255 2500 3476 2555 sectari.

2410 2588 2669 2644 [labentes
2690 2590 2989 2660 mysterium
3010 2590 3135 2659 ﬁdei
3159 2592 3211 2644 in
3230 2592 3544 2645 conscientia
3569 2610 3725 2663 pura.
3746 2593 3934 2666 Myste—

2331 2681 2466 2736 rium
2491 2668 2763 2751 cst,quod
2798 2682 2979 2751 passio
3023 2682 3227 2736 Christi
3269 2682 3578 2753 redemptio
3625 2695 3711 2739 est
3752 2686 3931 2739 salutis

2331 2774 2581 2830 humanrc
2617 2790 2630 2825 :
2662 2773 2709 2827 si
2736 2789 2864 2845 ergo
2898 2775 3149 2845 intelligit
3175 2791 3330 2845 pure,
3365 2791 3469 2831 non
3503 2777 3862 2833 confunditur
3880 2779 3933 2834 de

2332 2869 2637 2926 humilitate
2659 2870 2878 2926 Christi.
2904 2870 3029 2925 Sive
3051 2871 3095 2925 si
3122 2879 3344 2941 propter
3365 2872 3471 2927 hoc
3491 2874 3669 2928 solum
3688 2875 3933 2945 praedicn

2335 2967 2657 3036 mysterium
2684 2963 2823 3029 ﬁdei,
2856 2975 3073 3034 propter
3097 2966 3237 3035 quod
3270 2966 3432 3022 debet
3463 2966 3796 3037 praedicari:
3833 2986 3929 3023 non

2336 3057 2474 3111 ultra
2520 3056 2762 3113 debitum
2806 3056 3128 3128 mysterium
3178 3069 3445 3129 quaestum
3497 3074 3622 3116 esse
3670 3061 3933 3116 existimet

2332 3146 2608 3217 pietatem.

2401 3240 2473 3295 Et
2499 3241 2555 3296 hi
2589 3250 2761 3297 autem
2806 3242 3089 3315 probentur
3130 3245 3373 3317 primum,
3420 3255 3468 3301 et
3510 3247 3586 3301 sic
3623 3248 3929 3315 ministrent,

2333 3335 2541 3388 nullum
2572 3336 2765 3389 crimen
2794 3334 3061 3391 habentes.
3093 3335 3210 3392 Non
3241 3338 3416 3393 solum
3442 3338 3714 3411 episcopi,
3748 3342 3851 3397 sed
3890 3351 3933 3397 et

2333 3424 2423 3480 isti
2450 3436 2575 3481 ante
2602 3426 3003 3484 ordinationem
3039 3429 3253 3497 probari
3287 3428 3506 3485 debent.

2407 3518 2659 3576 Mulieres
2689 3521 2928 3575 similiter
2953 3520 3192 3594 pudicas.
3230 3522 3491 3580 Similiter
3516 3540 3635 3593 eas,
3673 3536 3733 3582 ut
3759 3527 3933 3584 diaco-

2333 3626 2434 3667 nos
2460 3614 2581 3682 eligi
2612 3614 2783 3683 jubet.
2816 3614 2971 3669 Uude
2998 3615 3340 3688 intelligitur,
3374 3618 3520 3687 quod
3550 3620 3619 3675 de
3648 3619 3736 3675 his
3772 3622 3928 3686 dicat,

2330 3720 2465 3777 quas
2493 3705 2671 3761 adhuc
2701 3706 2863 3761 hodie
2894 3708 2949 3761 in
2992 3708 3215 3764 Oriente
3256 3710 3592 3765 diaconissas
3630 3714 3931 3783 appellant.

2403 3799 2527 3854 Non
2556 3800 2903 3856 detrahentes.
2936 3800 3091 3869 Quod
3122 3802 3232 3856 illis
3278 3803 3470 3858 vitium
3519 3806 3800 3876 praecipue
3850 3807 3935 3862 do-

2331 3893 2589 3951 minatur.

2403 3987 2640 4059 Sobrias,
2687 3988 2867 4058 ﬁdeles
2906 3989 2959 4044 in
3005 3990 3259 4045 omnibus.
3302 3990 3358 4046 In
3404 3991 3555 4047 nullo
3598 3990 3928 4049 dubitantes.

2399 4082 2657 4137 Diacones
2685 4084 2789 4135 sint
2818 4081 2970 4137 ttnitts
2998 4082 3175 4137 uxoris
3204 4084 3323 4149 viri,
3369 4085 3462 4156 qui
3497 4085 3628 4154 ﬁliis
3662 4088 3773 4140 suis
3814 4088 3933 4141 bene

2329 4176 2566 4246 prtesint,
2600 4184 2644 4229 et
2673 4175 2781 4229 suis
2807 4176 3061 4229 dantibus.
3097 4175 3212 4231 Non
3246 4185 3325 4242 ut,
3360 4177 3402 4232 si
3445 4192 3551 4232 non
3595 4177 3893 4235 habuerint
3920 4223 3932 4245 ,

2329 4267 2560 4334 ducant;
2581 4266 2674 4323 sed
2699 4282 2765 4321 ne
2787 4266 2922 4324 duas
2950 4267 3203 4323 habeant.
3230 4266 3289 4323 Si
3312 4270 3455 4323 enim
3474 4270 3779 4339 digniorem
3811 4270 3935 4325 facit

2330 4376 2487 4426 uxor,
2511 4376 2607 4415 cur
2628 4376 2735 4415 non
2761 4360 2931 4429 magis
2954 4368 3007 4414 et
3027 4360 3247 4429 digami,
3274 4370 3329 4415 et
3350 4361 3555 4432 trigami
3577 4356 3937 4418 ordinantur?

2410 4453 2513 4518 Qui
2541 4452 2675 4506 enim
2708 4452 2832 4507 bene
2862 4451 3289 4506 tttinislrarerint.
3336 4452 3577 4508 Ostendit
3619 4468 3731 4508 ιιοη
3778 4456 3940 4510 mitti-

2333 4546 2558 4601 sterium
2598 4554 2826 4613 tantum,
2851 4544 2944 4601 sed
2968 4544 3283 4616 qualitatem
3318 4545 3604 4601 ministerii
3648 4549 3936 4616 przcmium

2333 4640 2659 4712 promereri.

2405 4730 2642 4785 Gradum
2689 4733 2877 4787 bonum
2922 4731 3020 4786 sibi
3064 4732 3351 4804 acquirent.
3404 4733 3653 4803 Bonum,
3706 4734 3796 4790 hic
3843 4750 3936 4807 pro

2330 4842 2499 4914 gradu
2533 4842 2721 4913 majori
2751 4843 2957 4914 posuit:
2987 4853 3112 4899 sunt
3138 4842 3283 4898 enim
3316 4844 3577 4899 minores.

2403 4943 2471 4999 Et
2504 4946 2716 5001 multam
2746 4946 2992 5016 ﬁduciam
3021 4947 3075 5000 in
3100 4946 3225 5016 ﬁde,
3244 4962 3359 5015 qua:
3378 4957 3449 4999 est
3471 4947 3524 4999 in
3546 4944 3765 5003 Christo
3783 4945 3934 5003 Iesu.

2331 5048 2490 5119 Apud
2523 5048 2808 5105 Dominum
2840 5048 3085 5119 petendi,
3117 5056 3173 5103 et
3202 5046 3341 5119 apud
3381 5045 3631 5103 homines
3667 5048 3934 5119 docendi,

2330 5142 2414 5196 vel
2448 5144 2612 5197 etiam
2651 5140 2936 5213 arguendi.

2401 5235 2532 5292 Hwe
2563 5236 2653 5290 tibi
2681 5237 2871 5305 scribo,
2906 5236 2984 5306 [ili
3035 5235 3322 5305 Timothee,
3368 5251 3586 5301 sperans
3634 5252 3720 5290 me
3763 5238 3935 5293 venire

2326 5330 2397 5383 ad
2419 5340 2465 5384 te
2490 5332 2609 5385 cito.
2646 5330 2707 5384 Si
2726 5338 2897 5384 autem
2926 5330 3215 5395 tardavero,
3246 5338 3299 5382 ut
3329 5329 3462 5385 scias
3491 5331 3755 5397 quomodo
3780 5347 3936 5402 apor-

2324 5430 2426 5477 teat
2454 5430 2502 5476 te
2528 5422 2581 5476 in
2604 5421 2755 5475 domo
2784 5422 2879 5475 Dei
2918 5423 3234 5487 conversari,
3281 5437 3397 5492 qum
3441 5430 3514 5475 est
3556 5419 3801 5476 Ecclesia
3843 5421 3933 5474 Dei

2323 5517 2444 5568 vivi.
2464 5514 2534 5571 Ut
2555 5516 2927 5570 auctoritatem
2954 5514 3152 5570 habeas
3175 5530 3271 5585 pro
3297 5530 3385 5570 me
3407 5515 3593 5570 omnia
3618 5515 3929 5581 ordinandi,

622 5582 910 5650 potestatis
957 5581 1248 5652 adeptum,
1294 5598 1348 5642 et
1391 5590 1898 5654 condemnationem
1951 5605 2218 5674 superbia:
2326 5608 2489 5677 hujus
2520 5609 2762 5675 epistola:
2790 5610 3056 5663 sententia
3087 5581 3465 5663 conﬁrmatus.

622 5686 894 5729 mereatur
927 5693 947 5769 ε.
974 5678 1112 5769 sicut
1137 5679 1405 5751 diabolus,
1434 5686 1523 5756 qui
1555 5702 1649 5757 per
1667 5689 1979 5760 jactantian:
2008 5697 2219 5769 judica-

615 5770 703 5819 tus
730 5771 889 5836 atque
918 5766 1165 5837 dejectus
1196 5782 1299 5829 est.

2396 5700 2650 5754 Columna
2679 5712 2725 5755 et
2753 5702 3128 5769 ﬁrmamentum
3152 5702 3401 5756 veritatis.
3430 5701 3487 5755 Itt
3513 5715 3623 5773 qua
3647 5715 3795 5758 nunc
3824 5699 3931 5757 sola

2320 5796 2527 5853 veritis
2552 5803 2661 5854 stat
2693 5797 2899 5853 ﬁrmata
2928 5813 2940 5853 :
2970 5810 3090 5867 qua:
3121 5806 3245 5854 ante
3276 5797 3329 5854 in
3362 5796 3481 5869 lege
3505 5805 3624 5854 erat
3652 5796 3831 5870 posita
3854 5792 3931 5852 vel
