4008 6188
93 299 200 360 881

85 424 323 485 natum,
352 409 472 491 quae
498 417 618 474 sola
644 416 877 474 sustinet
904 416 1217 473 mdiﬁcium.

162 510 233 567 Et
286 513 559 585 manifeste
612 528 860 585 magnum
906 519 979 566 est
1025 511 1237 580 pietatis
1286 520 1694 565 sacramentum.

86 605 247 676 Quod
264 608 403 663 scire
419 617 469 664 te
488 608 647 677 cupio
658 613 1057 662 sacramentum
1074 603 1460 660 incarnationis
1471 603 1695 673 Christi,

84 716 189 772 per
216 716 378 772 quam
404 700 592 772 generi
622 700 861 755 humano
892 698 1068 769 pietas
1092 696 1291 752 collata
1321 705 1426 753 est.

164 795 317 862 Quod
358 794 744 862 manifestatum
790 801 867 848 est
904 792 962 847 in
1012 808 1189 847 carne.
1238 790 1397 860 Quod
1448 806 1594 849 nunc
1643 792 1698 849 in

82 903 253 945 carne
276 889 395 958 ejus
425 887 761 945 declaratum
792 894 897 943 est.

156 980 229 1035 Et
252 982 603 1055 justiﬁcatum
630 988 705 1034 est
736 981 790 1032 in
838 978 1050 1049 spiritu.
1106 978 1548 1033 Demonstratum
1591 987 1692 1034 est.

155 1074 415 1143 Apparuit
444 1073 667 1144 angelis.
699 1072 927 1138 Quando
954 1072 1245 1126 dicebant:
1278 1071 1462 1126 Gloria
1495 1071 1547 1125 in
1593 1086 1695 1125 ex-

80 1168 253 1224 celsis
294 1167 447 1222 Deo:
489 1164 709 1237 quando
754 1164 831 1219 illi
879 1165 933 1218 in
972 1179 1159 1219 eremo
1213 1164 1618 1219 ministrabant.

156 1258 509 1313 Praedicatum
538 1266 610 1311 est
640 1256 897 1327 gentibus.
932 1255 993 1310 In
1022 1255 1275 1326 gentibus
1321 1271 1483 1312 omne
1523 1269 1697 1326 genus

81 1352 373 1408 hominum
404 1348 839 1421 comprehendit.

151 1443 420 1497 Creditum
448 1452 524 1497 est
552 1443 608 1495 in
636 1441 853 1506 mundo,
906 1448 1227 1510 assumptum
1274 1449 1354 1495 est
1401 1439 1455 1494 in
1499 1440 1691 1513 gloria.

77 1538 408 1596 Videntibus
434 1533 736 1608 Apostolis,
769 1534 1015 1590 ascendit
1041 1535 1096 1588 in
1116 1532 1339 1590 ctelum.

729 1627 960 1685 CAPUT
999 1627 1089 1683 IV.

152 1725 385 1798 Spiritus
412 1732 581 1781 autem
613 1725 889 1795 manifeste
936 1723 1086 1789 dicit,
1130 1723 1259 1794 quia
1302 1722 1358 1777 in
1402 1721 1694 1776 novissimis

820 299 1372 357 COMMENTARIUS
1412 299 1479 359 IN
1519 300 1736 360 EPIST.
1779 303 1798 360 ι
1836 303 1929 361 AD
1967 303 2398 366 TIMOTHEUM.
2439 308 2594 367 CAP.
2627 313 2708 372 7V.

3299 317 3407 378 882

1723 420 1774 480 A
1801 418 2120 476 Sanctarum
2165 422 2506 496 balnearum,
2550 432 2917 497 venationum,
2969 439 3024 489 et
3069 432 3404 507 hujusmodi,

1802 528 1923 585 quae
1946 514 2014 569 ad
2041 514 2205 571 breve
2232 524 2443 588 tempus
2469 521 2523 575 in
2563 524 2768 579 carnali
2817 525 3105 596 proﬁciunt
3146 530 3397 586 sanitate.

1874 604 2052 661 Pietas
2095 618 2265 663 autem
2312 611 2383 664 ad
2433 614 2605 668 omnia
2650 615 2795 671 utilis
2842 628 2958 673 est:
3009 621 3407 690 promissionem

1801 699 1997 755 habens
2027 702 2165 768 vitta,
2194 720 2308 773 qua:
2337 721 2475 759 nunc
2503 714 2600 774 est,
2630 712 2680 762 et
2703 709 2917 779 futurw.
2952 712 3018 767 Et
3056 711 3123 767 ad
3164 727 3406 783 praesens

1806 804 2038 865 tempus,
2068 805 2123 851 ct
2152 797 2203 851 in
2230 796 2645 856 futurum:nam
2678 811 2732 858 et
2760 805 2877 874 ipsa
2892 804 3079 874 vidua,
3107 805 3237 862 etin
3267 822 3407 877 prac-

1800 889 1942 944 senti
1972 898 2122 947 casta
2142 899 2244 956 est,
2275 900 2330 948 et
2357 909 2567 952 merces
2597 896 2714 965 ejus
2744 908 2926 954 manet
2949 898 3002 954 in
3030 915 3116 955 ea.

1874 981 2082 1039 Fidelis
2121 1001 2312 1055 sermo,
2363 996 2411 1042 et
2456 991 2599 1043 omni
2639 994 2939 1061 acceptione
2975 994 3181 1066 dignus.
3229 994 3407 1051 Verus

1800 1087 1982 1129 sermo
2000 1076 2137 1145 apud
2157 1079 2395 1132 omnium
2415 1080 2823 1150 conscientiam,
2838 1085 2989 1140 etcui
3006 1100 3163 1141 nemo
3178 1087 3404 1144 resistit.

1872 1164 1939 1220 In
1965 1166 2061 1221 hoc
2086 1168 2223 1221 enim
2246 1167 2564 1237 laboramus,
2594 1187 2644 1227 et
2670 1174 3073 1231 maledicimur:
3120 1179 3243 1247 quia
3284 1197 3406 1250 spe-

1797 1276 1975 1315 ramus
2003 1261 2057 1313 in
2089 1259 2258 1315 Deum
2279 1264 2467 1318 vivum.
2487 1264 2623 1321 Cum
2644 1277 2849 1323 certum
2878 1271 2966 1338 sit,
2993 1272 3133 1341 apud
3159 1273 3409 1330 homines

1799 1351 1937 1406 nihil
1964 1366 2063 1407 nos
2089 1351 2311 1423 dignum
2340 1354 2467 1411 odio
2494 1366 2839 1427 perpetrasse
2864 1377 2875 1413 :
2910 1361 3038 1431 quid
3060 1363 3205 1417 aliud
3226 1365 3409 1435 sequi-

1792 1452 1909 1523 tur,
1941 1460 2100 1514 quam
2130 1446 2271 1517 quod
2303 1456 2529 1521 propter
2566 1448 2729 1507 vitam
2777 1451 3098 1509 dissimilem
3144 1455 3406 1526 blasphe-

1798 1537 2053 1593 mamur?

1871 1628 1975 1694 Qui
1993 1636 2067 1682 est
2092 1628 2336 1685 Salvator
2352 1632 2582 1688 omnium
2603 1634 2888 1702 hominum,
2909 1637 3130 1692 maxime
3145 1637 3406 1704 ﬁdelium.

1796 1717 2071 1788 Omnium,
2102 1722 2155 1776 in
2183 1727 2435 1791 praesenti
2461 1744 2472 1778 :
2502 1726 2764 1797 fidelium,
2792 1729 2844 1783 in
2876 1728 3079 1785 futuro.
3102 1730 3251 1799 Sive,
3278 1730 3407 1802 quia

77 1821 398 1892 temporibus
445 1818 714 1874 discedent
771 1817 981 1887 quidant
1036 1834 1067 1870 a
1140 1817 1262 1886 ﬁde.
1318 1814 1694 1886 PrOphetalem
1726 1814 1776 1875 B
1802 1825 1991 1867 omnes
2019 1813 2088 1869 de
2114 1815 2368 1883 periculis
2396 1818 2612 1882 liberat,
2642 1828 2698 1874 et
2725 1821 2956 1877 maxime
2978 1822 3186 1880 ﬁdeles.

76 1914 291 1969 inducit
340 1913 620 1979 affectum,
648 1910 813 1982 (quod
839 1910 1046 1981 antiqui
1080 1909 1376 1966 dicebant:
1409 1909 1536 1965 Haec
1566 1907 1697 1964 dicit

79 2006 324 2078 Spiritus
355 2010 599 2060 sanctus.

153 2096 486 2152 Attendentes
515 2094 783 2166 spiritibus
815 2094 1003 2149 erroris
1034 2102 1081 2149 et
1110 2094 1360 2149 doctrinis
1402 2093 1691 2149 daemonio-

77 2207 219 2245 rum.
304 2188 494 2245 Omnis
558 2188 815 2243 hazretica
874 2186 1123 2243 doctrina
1192 2187 1500 2242 daamonum
1576 2197 1695 2243 arte

76 2284 386 2357 composita
430 2289 536 2338 est.

157 2375 224 2431 In
250 2375 535 2447 hypocrisi,
567 2372 886 2444 loquentium
908 2374 1254 2440 mendacium,
1283 2382 1330 2428 et
1358 2373 1693 2429 canteriatam

84 2468 383 2522 habentium
403 2483 553 2522 suam
576 2466 969 2521 conscientiam.
996 2467 1051 2521 In
1071 2467 1346 2538 hypocrisi
1370 2467 1691 2538 loquuntur:

84 2561 181 2632 qui
210 2576 333 2616 cum
363 2575 473 2617 non
504 2561 844 2629 contineant,
879 2568 988 2614 tam
1024 2560 1159 2615 casti
1189 2561 1377 2615 volunt
1407 2560 1604 2627 videri,
1635 2569 1692 2615 ut

82 2657 249 2708 etiam
264 2653 479 2723 nuptias
492 2652 778 2707 damnent:
809 2661 917 2706 tam
940 2654 1296 2717 abstinentes,
1322 2661 1385 2707 ut
1409 2659 1693 2707 creaturas

82 2744 203 2815 Dei,
229 2762 395 2818 parce
418 2756 651 2814 utentes,
666 2748 933 2816 judicent,
945 2762 1069 2804 cum
1084 2748 1186 2819 ipsi
1202 2746 1693 2804 comessationibus

82 2848 305 2897 vacent.
335 2840 433 2896 Hic
462 2856 593 2897 vero
620 2840 693 2896 ita
722 2842 1031 2896 castitatem
1060 2848 1117 2897 et
1142 2840 1526 2896 abstinentiam
1552 2855 1693 2911 pra:-

84 2933 258 3001 dicat,
281 2941 338 2987 ut
360 2946 460 2989 nec
482 2940 759 2999 naturam,
784 2947 884 2990 nec
906 2940 1183 2988 creaturas
1205 2931 1445 2988 damnet.
1465 2931 1541 2987 Ad
1559 2929 1691 2986 illud

82 3024 343 3080 fortiores
363 3025 646 3080 hortatur:
677 3025 819 3081 istud
847 3025 1097 3081 concedit
1122 3025 1372 3080 inﬁrmis.
1400 3024 1478 3079 llli
1508 3032 1690 3078 autem

82 3116 191 3171 hoc
219 3130 405 3172 amore
451 3116 717 3172 castitatis
757 3125 815 3172 ct
848 3117 1214 3182 abstinentiae,
1254 3116 1352 3172 sed
1387 3114 1455 3170 ad
1501 3115 1691 3170 obum-

1870 1904 2110 1977 Prtecipe
2133 1907 2265 1975 Ιιιεε,
2291 1918 2340 1962 et
2366 1909 2512 1964 doce.
2537 1910 2801 1982 Prtecipe,
2829 1922 2888 1967 ut
2916 1914 3083 1968 ﬁant:
3112 1915 3249 1971 doce
3269 1930 3407 1987 quo.

1798 1997 1961 2053 modo
1990 1999 2140 2067 ﬁant,
2176 2000 2261 2055 vel
2293 2000 2442 2069 quali
2472 2003 2696 2071 praemio
2729 2007 3127 2062 remuneranda
3154 2008 3285 2063 sint.

1870 2090 2041 2145 Nemo
2069 2091 2465 2147 adolescentiam
2494 2101 2637 2148 tuam
2680 2104 2995 2151 contemnat.
3043 2096 3135 2153 Sic
3175 2112 3294 2168 age,
3344 2106 3405 2155 ut

1798 2182 2141 2237 admirationi
2175 2184 2278 2250 sis,
2303 2182 2613 2255 priusqua’m
2636 2189 2970 2259 contemptui
2992 2189 3263 2246 habearis.
3289 2192 3405 2248 [loc
3484 2238 3501 2249 .

1796 2278 1941 2331 enim
1972 2273 2054 2330 illi
2082 2276 2348 2346 prmcipit,
2376 2278 2519 2349 quod
2543 2279 2595 2334 in
2622 2280 2765 2337 illius
2795 2291 3065 2353 potestate
3094 2286 3402 2342 constabat.

1870 2368 1977 2423 Sed
2005 2369 2295 2440 exemplum
2317 2380 2425 2425 esto
2454 2371 2707 2440 ﬁdelium.
2736 2373 2970 2430 Parvum
2997 2388 3080 2437 est
3102 2376 3401 2433 inﬁdelium

1797 2476 1921 2519 esse
1947 2462 2212 2518 formam:
2244 2465 2387 2534 apud
2417 2480 2553 2535 quos
2592 2468 2680 2537 qui
2730 2469 2974 2538 graviora
3020 2470 3247 2526 crimina
3292 2486 3403 2527 non

1797 2554 1983 2621 habet,
2014 2570 2239 2627 magnus
2269 2556 2520 2612 habetur.
2553 2558 2668 2615 Hoc
2711 2561 2937 2617 multum
2977 2572 3083 2631 est,
3133 2572 3193 2618 ut
3238 2564 3401 2620 talem

1799 2662 1858 2703 se
1883 2646 2157 2715 exhibeat,
2183 2664 2281 2718 per
2308 2642 2662 2720 quem'etiam
2694 2653 2863 2708 saneti
2890 2653 3193 2723 proﬁciant.

1867 2738 1938 2793 In
1965 2740 2135 2807 verbo,
2164 2740 2219 2794 in
2241 2743 2640 2798 conversatione.
2671 2743 2816 2798 Nihil
2841 2745 2986 2800 aliud
3014 2746 3185 2818 magis
3208 2747 3397 2817 loqua-

1796 2831 1895 2899 ris,
1925 2847 2086 2903 quam
2112 2833 2329 2889 Domini
2357 2834 2603 2890 verbum.
2642 2835 2944 2892 Notandum
2982 2838 3107 2909 quia
3146 2838 3400 2896 ﬁdelibus

1796 2931 1957 2985 etiam
1988 2930 2139 2985 verbi
2166 2930 2411 3000 praebere
2435 2932 2582 3002 cupit
2608 2932 2937 3003 exemplum.

1868 3021 1935 3076 In
1958 3022 2229 3077 charitate.
2247 3022 2318 3079 Ut
2338 3025 2645 3095 exemplum
2669 3025 2775 3080 illis
2794 3024 3103 3081 dilectionis
3123 3025 3399 3083 ostendat.

1866 3114 1937 3169 In
1961 3116 2084 3185 fide.
2114 3114 2417 3182 Catholica,
2451 3116 2537 3172 vel
2569 3117 2830 3188 perfecta.

79 3209 353 3267 hrandum
385 3210 502 3281 ejus
526 3210 789 3281 justitiam
817 3209 1128 3267 faciebant:
1171 3209 1474 3264 sanctiores
1514 3208 1690 3264 videri
1718 3201 1766 3266 C
1868 3205 1937 3260 In
1978 3207 2234 3263 castitate.
2282 3208 2480 3263 Mentis
2525 3217 2580 3265 et
2626 3211 2914 3281 corporis:
2961 3210 3117 3282 cujus
3164 3211 3397 3282 insignia

80 3303 352 3370 volentes,
376 3318 536 3374 quam
558 3303 647 3359 ille
668 3303 761 3373 qui
783 3316 970 3358 amore
992 3301 1264 3358 castitatis
1285 3300 1446 3356 etiam
1472 3300 1689 3371 nuptias

80 3396 462 3454 concedebat:
499 3395 712 3452 scilicet
737 3410 806 3451 ne
848 3394 1223 3452 fornicationis
1266 3395 1473 3450 crimen
1508 3393 1691 3449 incur-

80 3500 291 3548 rerent.
319 3490 507 3546 Omnis
531 3490 675 3546 enim
699 3490 787 3561 qui
816 3492 1033 3561 nuptias
1056 3488 1298 3557 damnat,
1325 3501 1431 3541 non
1455 3495 1683 3553 amator,

82 3584 187 3642 sed
234 3584 487 3639 inimicus
538 3591 624 3639 est
668 3582 975 3640 castitatis:
1025 3582 1157 3637 dum
1196 3588 1252 3635 et
1276 3578 1686 3635 continentibus

81 3677 305 3735 laudem
336 3670 497 3744 tollit,
526 3686 582 3734 et
610 3677 1097 3745 incontinentibus,
1128 3676 1346 3731 sublato
1377 3674 1685 3745 nuptiarum

80 3769 354 3835 remedio,
387 3769 758 3825 fornicationis
789 3770 918 3825 facit
947 3770 1087 3825 inire
1115 3767 1434 3823 discrimen.

155 3864 555 3919 Prohibentium
580 3864 807 3917 nubere:
838 3863 1091 3918 abstinere
1124 3879 1157 3916 a
1194 3861 1340 3928 cibis,
1374 3875 1503 3931 quos
1544 3857 1690 3913 Deus

80 3957 279 4012 creavit
305 3955 373 4009 ad
397 3953 787 4026 percipiendum
816 3970 932 4007 cum
956 3952 1243 4025 gratiarum
1282 3952 1484 4005 actione
1520 3951 1692 4019 ﬁdeli-

84 4051 181 4103 bus
212 4058 259 4104 et
313 4048 394 4103 his
423 4048 510 4119 qui
532 4055 871 4116 cognoverunt
890 4046 1189 4099 veritatem:
1214 4043 1349 4112 Quia
1371 4044 1536 4097 omnis
1557 4058 1693 4095 crea-

83 4154 206 4197 tura
234 4141 334 4195 Dei
365 4140 499 4193 bona
527 4147 625 4205 est,
658 4146 707 4192 et
736 4137 867 4192 nihil
889 4137 1248 4211 reﬁciendum,
1274 4137 1410 4206 quod
1434 4153 1551 4190 cum
1571 4152 1691 4208 gra-

79 4236 277 4290 tiarum
315 4232 522 4288 actione
552 4231 856 4302 percipitur.
892 4231 1265 4301 Sancti/icatur
1294 4229 1431 4284 enim
1455 4246 1547 4301 per
1574 4246 1690 4283 ver-

83 4329 207 4384 bum
236 4328 336 4383 Dei
364 4335 413 4383 et
435 4326 745 4381 orationem.
774 4324 830 4381 Si
876 4326 943 4381 ad
990 4325 1375 4397 proprietatem
1424 4323 1692 4380 sermonis

82 4422 356 4487 attendas,
404 4428 747 4475 monstruosa
796 4418 978 4475 nescio
1003 4435 1122 4490 qua:
1153 4417 1462 4489 prmdicatio
1492 4415 1690 4485 praedi-

82 4522 280 4570 catur:
313 4528 435 4585 qua:
462 4522 567 4569 tam
618 4512 847 4583 nubere,
879 4527 1042 4582 quam
1084 4512 1357 4569 abstinere
1400 4511 1694 4583 prohibeat

84 4609 385 4666 dicentium
416 4607 533 4664 haec
561 4607 743 4663 omnia
769 4622 892 4679 qua:
921 4616 1242 4677 sequuntur.

1792 3302 1954 3356 etiam
1984 3300 2247 3370 gravitate
2278 3299 2495 3356 habitus
2522 3301 2905 3370 praeferuntur.

1862 3392 1999 3447 Dum
2029 3394 2178 3448 venio
2207 3395 2415 3449 attende
2444 3395 2690 3462 lectioni,
2737 3395 3092 3452 exhortationi
3120 3406 3168 3452 et
3198 3399 3401 3455 doctri-

1790 3500 1893 3539 nae.
1924 3483 2053 3550 Fac,
2085 3484 2225 3555 lege,
2260 3485 2550 3541 exhortare
2588 3494 2649 3539 ut
2695 3486 2860 3540 fiant:
2910 3486 3067 3556 doce,
3115 3490 3394 3558 quomodo

1791 3576 2164 3649 intelligantur
2190 3577 2417 3633 obscura
2444 3595 2457 3632 :
2492 3586 2551 3632 ut
2575 3578 2785 3649 possint
2814 3579 2931 3635 ﬁeri
2956 3595 3077 3651 quae
3113 3580 3390 3653 leguntur.

1865 3670 1994 3724 Noti
2022 3669 2279 3740 negligere
2304 3670 2545 3741 gratiam,
2578 3686 2692 3740 qute
2714 3678 2787 3725 est
2808 3671 2863 3725 in
2898 3679 2967 3726 te.
2998 3671 3237 3745 Negligit
3265 3690 3395 3746 gra-

1794 3763 1945 3830 tiam,
1970 3762 2062 3831 qui
2090 3768 2372 3831 acceptum
2402 3761 2666 3817 talentum
2694 3777 2803 3818 non
2830 3772 3073 3822 exercet.

1866 3853 1996 3919 Quae
2018 3852 2141 3906 data
2166 3862 2239 3906 est
2267 3852 2358 3907 tibi
2386 3868 2479 3923 per
2517 3854 2867 3926 prophetiam,
2907 3872 3027 3910 cum
3068 3856 3400 3929 impositione

1791 3964 2041 4002 manuum
2063 3945 2383 4018 presbyterii.
2408 3946 2713 4018 Prophetiae
2737 3949 2967 4018 gratiam
2990 3948 3244 4020 habebat,
3267 3966 3394 4008 cum

1793 4040 2138 4096 ordinatione
2169 4038 2535 4111 episcopatus.

1864 4133 1996 4189 ch
2024 4133 2291 4188 meditare.
2326 4132 2514 4191 Omnis
2550 4133 2694 4191 enim
2736 4134 3014 4206 profectus
3057 4150 3124 4192 ex
3160 4134 3396 4192 medita-

1794 4228 1944 4285 tione
1966 4225 2269 4284 descendit.

1868 4320 1938 4376 In
1967 4321 2049 4376 Itis
2071 4330 2196 4377 esto.
2226 4319 2347 4377 Non
2374 4320 2519 4379 enim
2545 4322 2863 4399 omnis,‘qui
2905 4321 2959 4378 in
3004 4320 3089 4377 his
3126 4326 3233 4391 est,
3273 4336 3391 4380 me-

1793 4412 2014 4469 ditatur.
2650 4490 2655 4493 1
2748 4400 2751 4403 ’

1870 4506 1939 4563 Ut
1966 4509 2225 4579 profectus
2258 4515 2375 4562 tuus
2402 4508 2701 4579 manifestus
2725 4507 2791 4561 sit
2819 4505 3072 4561 omnibus.
3098 4504 3252 4561 Tunc
3276 4520 3394 4563 ma-

1716 4593 1773 4654 D
1798 4600 2026 4658 nilestus
2067 4603 2192 4672 erit,
2237 4603 2283 4657 si
2324 4602 2380 4657 in
2425 4602 2773 4659 meditatione
2799 4601 2874 4657 sis
2898 4616 3154 4672 semper:
3183 4609 3390 4658 etcum

163 4701 297 4757 Haec
321 4717 625 4773 prwponens
648 4700 918 4772 fratribus,
945 4700 1107 4755 bonus
1128 4701 1228 4755 eris
1250 4700 1483 4754 minister
1505 4698 1699 4754 Christi
1800 4694 2121 4750 manifestus
2148 4694 2341 4763 fueris,
2368 4702 2627 4765 poterunt
2647 4692 2897 4764 exemplo
2926 4700 3020 4748 tuo
3056 4692 3124 4749 ad
3166 4693 3396 4751 meliora

82 4795 243 4852 Jesu.
275 4794 491 4853 Libram
516 4794 571 4850 in
602 4794 852 4850 omnibus
883 4802 1097 4861 tenens,
1120 4801 1175 4851 et
1196 4794 1377 4850 omnia
1401 4793 1697 4850 rationabi-

83 4890 217 4946 liter
246 4898 299 4945 et
326 4889 607 4946 moderate
637 4888 984 4959 dispensans.

164 4979 445 5035 Enutritus
474 4980 639 5036 verbis
668 4981 791 5050 ﬁdei
818 4990 868 5035 et
896 4982 1041 5036 bona:
1067 4980 1340 5048 doctrinm,
1368 4996 1523 5052 quam
1552 4996 1691 5035 asse.

87 5082 247 5129 cutus
268 5090 340 5129 es.
365 5072 498 5142 Quia
525 5073 694 5129 sacris
720 5073 877 5144 Legis
898 5074 1093 5129 litteris
1115 5075 1182 5129 ab
1205 5072 1425 5128 infantia
1446 5072 1693 5128 eruditus

88 5170 292 5225 fuerat.
323 5167 502 5224 Verba
527 5169 758 5238 propria:
785 5167 934 5237 ﬁdei,
976 5176 1107 5223 sunt
1137 5166 1355 5222 traditio
1400 5165 1646 5237 Symboli
1672 5180 1688 5231 ;

89 5263 236 5318 bona
257 5276 388 5318 vero
414 5262 679 5330 doetrina,
712 5278 816 5333 qua
840 5262 947 5317 vita
971 5261 1269 5317 instituitur
1288 5259 1615 5317 Christiana.

166 5353 385 5422 Ineptas
413 5363 586 5409 autem
616 5364 664 5410 et
715 5356 877 5411 aniles
919 5355 1123 5427 fabulas
1169 5355 1363 5413 devita.
1406 5354 1562 5411 Fidei
1604 5354 1695 5412 vel

89 5448 344 5521 religioni
372 5464 478 5503 non
510 5456 685 5519 aptas.

164 5539 370 5597 Ezcrce
399 5551 574 5596 autem
597 5541 817 5612 teipsum
835 5543 903 5596 ad
926 5542 1185 5611 pietatem.
1208 5542 1389 5599 Pietas
1410 5551 1513 5609 est,
1536 5542 1697 5599 etiam

93 5650 217 5693 cum
237 5643 331 5691 tua
359 5632 729 5704 tribulatione,
759 5634 882 5693 aliis
896 5636 1206 5706 subvenire,
1235 5637 1378 5695 sicut
1398 5636 1702 5709 Sareptena

92 5728 257 5785 vidua
284 5726 436 5784 fecit.

167 5821 316 5881 Nam
337 5821 633 5892 corporalis
658 5823 957 5881 exercitatio
1001 5827 1071 5881 ad
1115 5826 1379 5884 modicum
1425 5826 1569 5887 utilis
1614 5836 1709 5885 est.

1800 4786 2089 4857 proﬁcere.

1872 4882 2089 4938 Attende
2113 4882 2251 4936 enim
2278 4881 2389 4948 tibi,
2427 4888 2480 4935 et
2519 4879 2769 4935 doctrina:
2816 4879 2956 4934 insta
3002 4878 3059 4933 in
3102 4879 3233 4934 illis.
3285 4877 3406 4936 Hoc

1799 4976 1937 5031 enim
1978 4976 2195 5046 faciens,
2235 4981 2283 5028 et
2322 4974 2542 5043 teipsum
2583 4971 2783 5027 salvum
2822 4972 3005 5043 facies,
3052 4980 3100 5025 et
3131 4987 3218 5026 eos
3244 4972 3332 5043 qui
3357 4981 3406 5028 te

1797 5074 2038 5128 audiunt.
2071 5072 2253 5128 Primo
2283 5071 2401 5139 tibi,
2434 5072 2631 5128 deinde
2656 5071 2959 5126 doctrinae:
2998 5080 3057 5126 ut
3099 5070 3302 5143 ubique
3352 5083 3410 5130 et

1793 5179 1917 5227 actu
1946 5168 2123 5225 salvos
2153 5166 2309 5234 illos;
2339 5174 2395 5222 et
2420 5167 2669 5223 doctrina
2698 5164 2906 5236 pariter
2936 5172 2993 5222 et
3017 5165 3297 5237 exemplo.

2425 5260 2653 5319 CAPUT
2694 5259 2760 5316 ν.

1872 5357 2142 5413 Seniorem
2189 5371 2252 5411 ne
2289 5355 2670 5429 increpaveris,
2703 5354 2793 5410 sed
2839 5354 3054 5411 obsecra
3083 5363 3139 5410 ut
3183 5361 3421 5427 patrem.

1799 5450 1877 5508 Ne
1902 5450 2121 5521 indigne
2150 5449 2334 5506 ferens
2359 5465 2420 5505 se
2442 5465 2469 5504 a
2497 5450 2720 5522 juniore
2748 5457 3083 5521 correptum,
3110 5461 3403 5517 exaspere-

1810 5553 1920 5614 tur,
1947 5552 2128 5601 etnon
2152 5544 2426 5613 proﬁciat;
2456 5543 2553 5600 sed
2581 5545 2833 5611 obsecra,
2861 5551 2920 5599 ut
2950 5556 3052 5599 suo
3076 5541 3230 5613 quasi
3256 5548 3412 5612 pater

1816 5638 2067 5709 exemplo
2097 5636 2341 5693 instituat
2362 5638 2633 5709 iuniores.

1885 5729 2106 5787 Iuvenes
2134 5740 2191 5786 ut
2218 5730 2427 5801 fratres.
2459 5732 2597 5802 Quia
2640 5733 2742 5794 hac
2778 5734 2864 5792 via
2900 5732 3128 5792 liberius
3166 5744 3416 5792 commo~

1827 5829 2043 5893 nentur,
2074 5821 2321 5884 similiter
2351 5833 2408 5890 et
2434 5830 2713 5903 sorores}
