4008 6188
554 299 662 358 885

622 412 769 466 Anus
793 416 846 465 ut
875 416 1084 463 matres.
1118 403 1254 460 Cum
1287 403 1432 457 omni
1461 401 1789 457 reverentia.

622 502 941 559 Iuvenculas
970 508 1023 553 ut
1048 513 1271 563 sorores,
1296 497 1351 550 in
1371 496 1510 550 omni
1537 495 1794 549 castitate.
1830 493 1895 548 Et
1930 490 2145 557 mentis,

553 608 605 656 et
632 595 898 664 corporis.

631 690 829 744 Viduas
873 687 1091 741 honora.
1141 681 1455 740 Necessaria
1500 680 1814 753 praebendo,
1845 679 1929 735 vel
1957 677 2154 735 solatio

552 780 909 839 conlovendo.

631 876 761 943 Qua:
784 891 898 930 vere
929 872 1100 928 vidua:
1120 881 1262 926 sunt.
1298 869 1417 925 Illas
1447 884 1605 925 veras
1636 868 1827 925 viduas
1866 881 1989 923 esse
2015 866 2153 923 deii-

552 967 708 1035 nivit,
750 982 871 1039 quae
909 963 1183 1021 universis
1219 963 1369 1019 curis
1413 970 1591 1018 exutae
1619 972 1764 1030 sunt,
1800 969 1855 1017 et
1882 960 1951 1016 ab
1980 960 2155 1016 omni-

554 1063 657 1119 bus
682 1060 964 1116 desolata}.

629 1154 691 1210 Si
716 1169 834 1223 quae
862 1161 1036 1206 autem
1064 1151 1218 1205 vidua
1238 1150 1379 1221 ﬁlios
1408 1160 1495 1207 aut
1521 1159 1729 1221 nepotes
1769 1149 1956 1205 habet:
1993 1149 2158 1204 discat

556 1248 783 1320 primum
810 1246 1023 1300 domum
1044 1261 1193 1299 suam
1219 1260 1415 1315 regere,
1441 1252 1489 1297 et
1513 1252 1745 1298 mutuam
1766 1243 1923 1297 vicem
1944 1241 2161 1297 reddere

555 1339 874 1409 parentibus.
910 1338 1022 1392 lloc
1053 1338 1189 1393 enim
1217 1346 1483 1407 acceptum
1514 1347 1588 1393 est
1613 1336 1949 1393 coram‘Deo.
1990 1336 2156 1393 Tam-

556 1433 647 1490 diu
678 1433 818 1505 regit
840 1432 1084 1498 domum,
1113 1429 1373 1502 quamdiu
1402 1430 1563 1487 docet
1593 1430 1735 1485 ﬁlios
1762 1430 2038 1500 parvulos,
2067 1437 2162 1485 aut

555 1534 804 1598 nepotes,
852 1534 911 1581 ut
946 1525 1089 1596 quod
1124 1540 1156 1581 a
1191 1525 1506 1595 parentibus
1533 1524 1747 1595 pietatis
1774 1524 2001 1594 accepit,
2036 1522 2161 1577 ﬁliis

556 1618 789 1674 reddat:
818 1616 891 1672 ita
924 1628 1127 1683 tamen,
1158 1625 1219 1672 ut
1244 1632 1349 1672 non
1379 1616 1480 1672 hac
1522 1615 1874 1673 excusatione
1919 1614 2162 1670 avaritia:

556 1709 792 1777 studeat,
826 1709 921 1765 sed
953 1708 1315 1765 sufﬁcientem
1347 1717 1554 1765 tantum
1586 1709 1687 1764 sibi
1711 1716 1976 1775 reservet,
2008 1714 2065 1763 et
2096 1721 2163 1765 ne

560 1803 747 1859 liberis
766 1802 883 1873 ejus
916 1804 1031 1873 ipsa
1057 1803 1400 1861 occasionem
1425 1803 1515 1859 det
1540 1804 1741 1858 saeculo
1771 1801 2072 1859 serviendi.

633 1898 763 1966 Qua:
791 1907 961 1952 autem
991 1913 1104 1953 vere
1142 1898 1301 1951 vidua
1346 1907 1443 1964 est,
1494 1903 1540 1951 et
1589 1896 1845 1963 desolata,
1899 1905 2065 1967 speret
2107 1896 2162 1951 in

560 1991 750 2060 Deum,
780 2000 827 2045 et
850 1992 1005 2046 instet
1033 1990 1470 2046 obsecrationibus
1499 1998 1546 2043 et
1574 1988 1895 2043 orationibus
1922 1996 2070 2043 nocte
2103 2004 2164 2043 ac

562 2087 666 2141 die.
721 2085 909 2154 Qualis
951 2093 1069 2140 erat
1112 2085 1267 2140 Anna
1314 2083 1422 2139 ﬁlia
1453 2081 1721 2150 Phanuel,
1746 2082 1887 2137 tales
1920 2079 2166 2153 praecipit

524 2222 542 2233 .
565 2179 841 2236 honorari.

635 2272 776 2328 Nam
798 2288 913 2343 qua:
934 2273 988 2326 in
1013 2270 1214 2327 deliciis
1235 2280 1310 2326 est
1330 2271 1524 2337 vivens,
1549 2278 1753 2323 mortua
1774 2278 1868 2323 est.
1892 2265 2167 2339 Quidquid

562 2365 785 2424 modum
824 2374 1033 2421 natura:
1061 2363 1297 2432 excedit,
1330 2362 1542 2419 deliciis
1569 2360 1883 2432 deputatur.
1918 2359 2016 2415 llic
2048 2372 2167 2414 ma-

566 2462 714 2517 xime
742 2461 911 2518 nOSIri
945 2461 1203 2531 temporis
1230 2457 1420 2513 viduas
1448 2456 1638 2527 tangit,
1671 2471 1791 2527 quae
1822 2469 1945 2510 cum
1992 2451 2171 2508 homi-

563 2571 689 2611 nem
731 2568 843 2610 sute
889 2562 1101 2609 naturae
1147 2552 1524 2623 qualicumque
1553 2563 1733 2620 panno
1767 2563 1873 2603 non
1904 2546 2166 2615 vestiant,

564 2646 799 2718 parietes
828 2645 1080 2717 pretiosis
1108 2657 1439 2700 marmorum
1466 2641 1666 2698 crustis
1694 2648 1978 2696 exornant.

637 2738 707 2793 Et
738 2742 835 2793 hoc
872 2740 1115 2810 prwcipe,
1152 2746 1209 2791 ut
1256 2732 1736 2807 irreprehensibiles
1790 2734 1916 2788 sint.
1967 2729 2171 2786 Notan-

568 2832 697 2888 dum
718 2832 1223 2903 irreprehensibiles
1254 2845 1347 2887 eas
1378 2840 1487 2886 tam
1519 2842 1700 2900 posse,
1733 2841 1895 2899 quam
1923 2839 2045 2883 esse
2069 2824 2169 2881 de-

565 2924 719 2981 bere.

640 3018 704 3073 Si
730 3018 845 3091 quis
888 3026 1060 3073 autem
1106 3033 1339 3085 suorum,
1386 3025 1435 3073 et
1479 3019 1705 3073 maxime
1748 3017 2165 3085 domesticorum,

567 3130 744 3171 curam
769 3128 873 3166 non
899 3110 1066 3177 habet,
1096 3109 1252 3179 ﬁdem
1274 3110 1493 3179 negavit,
1524 3118 1572 3164 et
1602 3116 1674 3164 est
1701 3107 1902 3179 infideli
1925 3107 2164 3163 deterior.

1598 289 1656 344 S.
1702 282 2083 344 HIERONYMI
2121 283 2409 342 OPERUM
2452 284 2815 345 MANTISSA.

2180 398 2233 459 Α
2258 397 2387 455 llzec
2436 401 2619 472 regula
2666 415 2777 457 non
2805 398 2984 456 solum
3014 399 3071 455 in
3105 398 3300 465 viduis,
3334 398 3431 454 sed
3483 400 3536 454 in
3568 398 3870 470 virginibus

3766 282 3871 339 884

2256 492 2678 561 continentibus,
2710 509 2830 565 quae
2862 493 3095 565 primam
3122 492 3283 548 ﬁdem
3329 492 3545 548 irritam
3593 493 3866 563 fecerunt,

2258 585 2607 657 intelligenda
2639 595 2744 642 est.

2330 678 2503 733 Simul
2540 688 2713 734 autem
2757 688 2807 734 et
2849 681 3031 735 otiosa
3079 679 3287 733 discunt
3337 678 3618 733 circumire
3667 680 3869 733 domos.

2258 771 2454 826 Divino
2495 772 2717 827 minime
2754 772 2950 827 timore
2979 771 3236 837 detentae,
3269 786 3372 826 nec
3398 770 3584 825 mariti
3615 771 3873 841 potestati

2256 864 2561 935 subjectae,
2619 864 2871 937 nullaque
2924 879 3054 921 cura
3110 863 3424 924 domestica:
3494 863 3878 933 occupationis

2259 959 2521 1015 astrictar.

2333 1053 2459 1109 Non
2489 1053 2658 1109 solum
2688 1055 2891 1120 otioste,
2923 1052 3013 1109 sed
3054 1060 3101 1108 et
3145 1052 3389 1117 verbosa,
3420 1059 3470 1106 et
3515 1051 3767 1117 curiostz,
3802 1052 3880 1106 lo-

2259 1158 2490 1220 quentes,
2516 1165 2632 1219 qua:
2652 1166 2755 1204 non
2778 1157 3000 1221 oportet.
3025 1147 3163 1203 Dum
3186 1148 3484 1203 voluntatis
3511 1162 3631 1203 sua:
3654 1147 3883 1216 cupiunt

2259 1243 2510 1314 praebere
2534 1243 2867 1313 exemplum.

2342 1335 2475 1391 Volo
2500 1346 2671 1391 autem
2688 1339 2931 1411 juniores
2960 1336 3171 1401 nubere,
3197 1333 3336 1406 filios
3362 1349 3667 1405 procreare.
3705 1332 3844 1389 Volo
3870 1350 3881 1385 :

2263 1432 2387 1504 quia
2416 1448 2643 1489 necesse
2668 1441 2752 1489 est
2773 1443 2833 1487 ut
2863 1432 2996 1488 tales
3025 1439 3151 1487 ante
3175 1432 3277 1487 hoc
3300 1430 3521 1496 faciant,
3549 1444 3717 1500 quam
3747 1427 3879 1483 illud

2264 1527 2584 1597 promittant
2608 1526 2765 1582 :inde
2778 1526 2823 1580 si
2839 1533 3194 1596 transgressa:
3214 1523 3440 1592 iuerint,
3464 1521 3874 1577 damnationem

2265 1621 2573 1693 acquirunt.

2338 1712 2538 1768 Matres
2564 1713 2793 1783 familias
2819 1730 2948 1768 esse.
2982 1712 3180 1769 Matres
3221 1709 3455 1766 familias
3480 1708 3591 1766 dici
3619 1718 3871 1779 possunt,

2192 1797 2242 1859 B
2269 1805 2435 1863 etiam
2461 1821 2583 1878 quae
2612 1806 2748 1861 duos
2780 1806 3005 1873 habent,
3039 1805 3127 1861 vel
3158 1813 3269 1859 tres
3294 1817 3525 1860 servos:
3578 1802 3683 1858 hoc
3728 1801 3877 1866 dicit,

2266 1915 2335 1956 ne
2362 1915 2433 1955 ex
2468 1900 2574 1955 hoc
2603 1900 2823 1955 nomine
2854 1899 3077 1953 avaritia
3108 1896 3453 1953 defendatur.

2340 1993 2563 2049 Nullam
2585 1994 2903 2047 occasionem
2926 1992 3052 2046 dare
3070 1990 3394 2058 adversario,
3410 1988 3683 2042 maledicti
3697 1987 3885 2061 gratia.

2266 2088 2325 2145 Si
2357 2087 2755 2145 incontinentes
2784 2097 2913 2142 sunt
2940 2104 2952 2140 :
2985 2085 3069 2141 vel
3103 2100 3170 2141 ne
3202 2099 3301 2155 per
3330 2082 3452 2139 illas
3491 2081 3687 2152 religio
3725 2080 3872 2137 blas-

2268 2182 2578 2254 phemetur.

2288 2262 2292 2267 ’
2337 2274 2461 2329 Jam
2482 2274 2615 2330 enim
2636 2274 2874 2343 quaedam
2896 2288 3158 2329 conversa:
3173 2282 3293 2327 sunt
3309 2280 3445 2327 retro
3469 2280 3587 2341 post
3609 2269 3882 2326 Satanam.

2268 2364 2469 2422 Reddit
2496 2380 2691 2420 causas
2720 2381 2889 2438 quare
2921 2381 3010 2420 eas
3043 2365 3250 2421 nubere
3282 2363 3422 2420 velle
3445 2362 3790 2433 praedixerit,
3822 2379 3883 2417 ne

2270 2473 2396 2516 eum
2436 2468 2756 2530 putaremus
2799 2470 3024 2530 optare:
3080 2460 3208 2531 quia
3256 2457 3505 2529 quzedam
3556 2456 3880 2528 promissum

2269 2550 2609 2622 propositum
2641 2550 2751 2605 Deo
2785 2566 2889 2604 non
2918 2550 3227 2618 reddentes,
3260 2544 3809 2605 fuerant'iornicatze.

2342 2645 2408 2702 Si
2434 2646 2554 2718 quis
2584 2644 2759 2713 fidelis
2806 2644 2958 2700 habet
3003 2646 3211 2710 viduas,
3258 2645 3611 2701 subministret
3655 2642 3788 2710 illis,
3834 2653 3885 2695 ut

2272 2755 2378 2795 non
2395 2747 2637 2811 gravetur
2658 2738 2919 2793 Ecclesia.
2945 2736 3001 2792 In
3024 2737 3188 2794 domo
3205 2738 3442 2808 propria,
3464 2746 3523 2791 ut
3541 2734 3880 2807 parentibus.

2348 2828 2416 2885 Ut
2445 2830 2523 2885 his
2548 2846 2663 2901 qua:
2688 2846 2801 2887 vere
2824 2832 2999 2884 viduae
3018 2838 3161 2897 sunt,
3189 2829 3425 2900 sufﬁciat.
3451 2827 3586 2897 Quae
3610 2836 3745 2884 sunt
3768 2842 3880 2885 om-

2274 2924 2423 2981 nium
2453 2924 2655 2982 auxilio
2685 2925 2969 2981 desolatas.

2348 3020 2455 3087 Qui
2482 3021 2603 3077 bene
2631 3028 2861 3090 praesunt
2883 3018 3187 3093 presbyteri.
3233 3017 3337 3088 Qui
3373 3019 3605 3090 implent
3642 3016 3876 3075 ofﬁcium

2272 3129 2454 3174 suum.

568 3206 624 3262 Si
653 3205 776 3277 quis
805 3204 995 3259 viduas
1021 3202 1228 3274 abiicit.
1258 3178 1353 3257 aui
1379 3201 1636 3271 pupillos.
1681 3200 1768 3255 vel
1796 3199 2030 3256 maxime
2071 3178 2244 3270 pa-C
2346 3208 2559 3281 Duplici
2617 3208 2811 3264 honore
2867 3206 3013 3281 digni
3071 3206 3382 3264 habeantur.
3439 3204 3511 3261 m
3561 3202 3775 3272 ofﬁcii,
3828 3212 3875 3259 et

568 3307 754 3354 rentes
785 3306 839 3353 et
871 3309 1157 3367 pauperes,
1187 3293 1429 3351 deterior
1452 3301 1538 3349 est
1569 3290 1809 3348 inﬁdeli:
1840 3292 1964 3364 quia
1991 3300 2047 3349 et
2086 3291 2169 3348 illi

565 3390 770 3446 habent
807 3390 1125 3445 naturaliter
1152 3388 1294 3444 circa
1326 3387 1605 3458 proximos
1632 3386 1908 3457 pietatem.
1944 3386 2091 3453 Sive,
2123 3386 2169 3441 si

566 3499 671 3556 qua
702 3483 859 3538 vidua
891 3482 1031 3538 ﬁlios
1060 3480 1335 3552 orphanos
1377 3480 1634 3553 negligat,
1683 3478 1841 3549 hujus
1885 3479 2170 3535 sententia:

569 3576 774 3633 crimen
808 3575 1054 3630 incurrit.
1092 3572 1261 3629 Simul
1310 3573 1626 3639 notandum,
1673 3572 1933 3645 quosdam
1982 3570 2171 3628 ﬁdeles

570 3668 813 3734 nomine,
842 3668 932 3737 qui
960 3666 1271 3722 inﬁdelibus
1300 3666 1713 3721 conversatione
1762 3664 1974 3736 pejores
2018 3674 2166 3719 sunt.

648 3760 819 3812 Vidua
843 3761 1063 3829 eligatur
1093 3776 1194 3815 non
1224 3760 1389 3813 minus
1427 3761 1697 3830 sexaginta
1733 3775 2011 3825 annorum,
2056 3773 2171 3830 aute

571 3852 728 3922 fuerit
768 3850 921 3906 unius
948 3853 1044 3905 viri
1072 3867 1221 3906 uxor.
1254 3851 1413 3907 Tales
1441 3853 1613 3908 voluit
1637 3851 1763 3923 eligi
1808 3852 2166 3924 diaconissas,

573 3961 693 4016 qua:
719 3944 972 4001 omnibus
1000 3954 1181 4002 essent
1204 3946 1517 4017 exemplum
1546 3946 1786 4003 vivendi.

642 4037 711 4095 In
738 4040 974 4112 operibus
1011 4039 1177 4095 bonis.
1226 4039 1281 4097 Si
1325 4056 1391 4096 ex
1445 4051 1687 4113 tempore
1735 4040 2010 4099 viduitatis
2057 4057 2169 4099 sua:

568 4133 673 4189 ista
701 4131 879 4189 omnia
906 4132 1221 4187 custodivit.

639 4228 1010 4284 Testimonium
1038 4228 1245 4284 habens.
1275 4227 1426 4285 Sicut
1451 4228 1703 4285 Tabitha.

640 4321 700 4377 Si
728 4322 865 4391 ﬁlios
895 4321 1154 4376 educavit.
1186 4320 1544 4390 Subauditur,
1583 4323 1711 4378 Deo.

640 4414 705 4471 Si
732 4412 956 4485 hospitio
977 4415 1186 4487 recepit,
1218 4415 1262 4468 si
1292 4424 1591 4469 sanctorum
1620 4413 1774 4484 pedes
1797 4414 1940 4469 lavit.
1974 4413 2033 4471 Si
2057 4429 2164 4472 non

563 4509 741 4563 solum
789 4506 1110 4563 humilitatis
1150 4504 1313 4562 habet
1358 4504 1623 4578 insignia:
1672 4505 1760 4561 cui
1814 4521 1918 4560 non
1964 4504 2168 4563 sufﬁcit

2273 3302 2554 3359 doctrinm.

2346 3396 2578 3451 Maxime
2599 3396 2687 3467 qui
2714 3396 2949 3451 laborant
2973 3396 3025 3450 in
3050 3394 3224 3461 verbo,
3247 3403 3293 3449 et
3316 3393 3572 3449 doctrina.
3597 3391 3723 3447 Non
3745 3389 3875 3447 dixit

2272 3492 2536 3558 omnium,
2570 3492 2661 3562 qui
2704 3491 2904 3548 habent
2947 3490 3195 3556 verbum,
3245 3487 3343 3543 sed
3386 3486 3477 3557 qui
3526 3484 3777 3541 laborant
3824 3484 3874 3539 in

2273 3585 2459 3641 verbo.
2492 3582 2760 3640 Caeterum
2793 3598 2981 3639 omnes
3010 3581 3275 3638 habentes
3303 3577 3553 3649 praecipit
3599 3576 3870 3632 ordinare.

2276 3682 2294 3737 ἶ
2344 3678 2485 3732 Dicit
2514 3678 2650 3733 enim
2680 3677 2998 3748 Scriptura:
3032 3674 3155 3730 Non
3181 3671 3465 3745 infrenabis
3492 3688 3548 3725 os
3581 3670 3697 3725 bovi
3724 3670 3873 3724 tritu-

2272 3775 2449 3829 ranti:
2478 3782 2552 3840 et,
2588 3772 2794 3846 Dignus
2820 3780 2893 3827 est
2924 3769 3193 3842 aperarius
3220 3765 3456 3822 mercede
3485 3782 3603 3820 sua.
3629 3763 3757 3820 Vult
3797 3763 3872 3818 illi

2271 3876 2535 3941 praestare
2577 3866 2834 3935 carnalia,
2876 3881 2907 3921 a
2954 3865 3149 3936 quibus
3195 3862 3289 3919 alii
3337 3862 3643 3932 Spiritualia
3687 3875 3874 3917 conse-

2271 3967 2545 4032 quuntur:
2577 3960 2702 4031 quia
2730 3958 2976 4029 occupati
3008 3959 3060 4013 in
3106 3956 3375 4023 doctrina,
3417 3953 3729 4010 necessaria
3770 3952 3869 4008 sibi

2270 4052 2560 4125 providere
2588 4066 2693 4107 non
2728 4060 2975 4123 possunt.

2343 4146 2600 4200 Adversus
2648 4147 3002 4216 presbyterum
3050 4142 3430 4197 accusationem
3470 4139 3582 4195 noli
3627 4140 3870 4211 recipere,

2269 4237 2371 4293 nisi
2397 4236 2491 4292 sub
2514 4235 2713 4291 duobus
2741 4244 2832 4290 aut
2859 4234 3023 4289 tribus
3050 4233 3284 4289 testibus.
3313 4231 3574 4303 lnjustum
3604 4238 3690 4286 est
3714 4230 3871 4285 etiam

2269 4331 2531 4388 adversus
2562 4330 2757 4386 laicum
2786 4329 3183 4385 accusationem
3207 4326 3473 4396 recipere,
3497 4338 3619 4379 cum
3644 4322 3751 4379 hoc
3776 4339 3875 4378 nec

2268 4424 2557 4479 szeculares
2608 4421 2841 4477 faciant:
2894 4428 3099 4493 quanto
3148 4420 3321 4490 magis
3364 4419 3617 4476 adversus
3655 4416 3871 4472 Domini

2269 4513 2609 4572 sacerdotem
2635 4515 2650 4568 t

565 4601 800 4672 hOSpitio
830 4600 1128 4671 suscipere,
1159 4601 1255 4659 sed
1297 4602 1458 4658 etiam
1508 4614 1670 4656 manu
1717 4601 1932 4671 propria
1986 4574 2245 4659 lavareD
2344 4606 2630 4662 Peccantes
2659 4621 2836 4661 coram
2856 4605 3095 4661 omnibus
3121 4618 3299 4677 argue.
3344 4599 3402 4659 Si
3443 4599 3515 4657 de
3557 4599 3665 4657 illis
3710 4598 3871 4656 fuerit

563 4693 835 4764 hospitum
868 4694 1051 4765 pedes.

636 4787 699 4844 Si
728 4788 1112 4843 tribulationem
1133 4788 1441 4859 patientibus
1460 4788 1886 4844 subministravit.
1914 4789 2028 4846 Hoc
2053 4799 2157 4861 est,

561 4881 617 4937 in
653 4896 875 4938 carcere
903 4882 1116 4953 positis,
1145 4882 1231 4938 vel
1263 4884 1501 4954 aegrotis.

632 4972 696 5027 Si
725 4988 872 5029 omne
901 4990 1030 5046 opus
1056 4975 1244 5030 bonum
1292 4974 1564 5033 subsecuta
1607 4980 1704 5031 est.
1751 4974 1997 5035 Breviter
2038 4977 2159 5034 uni-

556 5079 717 5123 versa
742 5068 1029 5123 conclusit.

628 5159 1067 5215 Adolescentiores
1114 5168 1284 5216 autem
1326 5162 1506 5217 viduas
1554 5162 1739 5217 devita.
1804 5163 1987 5219 Devita
2032 5164 2155 5223 aliis

553 5252 858 5310 ministerio
876 5253 1194 5310 diaconatus
1217 5269 1553 5327 praeponere,
1579 5272 1647 5313 ne
1670 5260 1868 5312 malum
1890 5274 1987 5330 pro
2007 5258 2151 5317 bono

546 5348 709 5406 detur
735 5348 1067 5420 exemplum.

623 5446 752 5501 Cum
780 5446 919 5501 enim
943 5445 1227 5501 lnxuriatce
1253 5447 1467 5517 fuerint,
1520 5449 1574 5503 in
1605 5448 1809 5505 Christo
1833 5450 2023 5505 nubere
2059 5466 2147 5505 vo-

543 5539 680 5594 lunt.
713 5538 847 5594 Cum
878 5541 981 5597 sub
1023 5554 1090 5596 eo
1139 5548 1382 5612 tempore
1432 5540 1707 5612 religionis
1758 5542 2145 5600 abundantiam

542 5628 856 5699 habuerint,
887 5648 1009 5703 qua:
1035 5648 1179 5702 Step0
1207 5633 1345 5689 solet
1376 5647 1640 5704 generare
1674 5636 1961 5689 luxuri-im.

616 5717 876 5774 Habentes
902 5722 1311 5793 damnationem,
1340 5726 1461 5794 quia
1491 5727 1711 5796 primam
1747 5728 1899 5796 fidem
1941 5728 2143 5784 irritam

532 5806 795 5872 fecerunt.
826 5810 959 5877 Quae
992 5824 1055 5871 se
1089 5813 1283 5872 viduas
1330 5818 1695 5889 promiserant
1732 5834 2139 5891 permansuras.

2270 4699 2705 4770 comprobatum.
2784 4768 2805 4775 ,γ
2832 4765 2868 4774 _
3098 4765 3105 4771 _
3596 4767 3604 4771 _

2345 4799 2413 4856 Ut
2458 4800 2629 4856 caeteri
2672 4800 2910 4855 timorem
2950 4798 3193 4854 habeant.
3245 4794 3505 4853 Videntes
3560 4803 3616 4852 te
3666 4794 3867 4852 nemini

2263 4905 2593 4976 pepercisse.

2337 4988 2517 5063 Testor
2542 5020 2717 5060 coram
2744 5003 2878 5072 Deo,
2905 5013 2953 5060 et
2980 5001 3186 5059 Christo
3209 5000 3357 5066 Jesu,
3387 5004 3433 5051 et
3465 4996 3643 5051 electis
3664 4996 3868 5071 angelis

2260 5112 2397 5184 ejus,
2449 5118 2507 5165 ut
2550 5108 2660 5166 lucc
2705 5106 2967 5162 custodias
3012 5106 3123 5160 sine
3169 5098 3486 5175 pratjudicio.
3539 5095 3867 5154 Obtestatur

2260 5212 2412 5269 illum
2444 5212 2621 5268 divina
2651 5221 2706 5267 et
2730 5208 2941 5266 caelesti
2972 5205 3368 5272 testiﬁcatione,
3403 5210 3464 5258 ut
3492 5199 3648 5258 nulla
3674 5200 3758 5257 illi
3781 5216 3866 5258 res

2258 5314 2575 5387 praejudicet
2615 5312 2680 5368 ad
2722 5312 2823 5368 ista
2868 5307 3155 5374 servanda,
3194 5320 3296 5362 nec
3337 5304 3497 5363 electi
3536 5303 3747 5376 angeli,
3777 5301 3863 5374 qui

2257 5420 2427 5475 sacris
2456 5418 2718 5473 assistunt
2745 5411 3028 5468 altaribus.

2328 5520 2481 5575 Nihil
2505 5520 2700 5590 faciens
2729 5518 2780 5572 in
2807 5515 3025 5573 alteram
3058 5522 3254 5581 partem
3297 5509 3640 5566 declinando.
3683 5507 3859 5581 Neque

2248 5622 2307 5679 in
2334 5621 2632 5686 dexteram,
2663 5634 2838 5690 neque
2866 5618 2921 5673 in
2949 5615 3245 5672 sinistram.

2321 5722 2509 5778 Manus
2532 5722 2635 5776 cito
2656 5720 2845 5777 nemini
2865 5714 3189 5790 imposuerit.
3218 5711 3330 5771 Nisi
3357 5711 3531 5768 talem
3560 5710 3855 5779 inveneris,

2244 5824 2462 5900 qualem
2491 5822 2624 5882 dixi.
