4008 6188
220 268 328 326 885

831 265 1374 327 COMMENTARIUS
1413 266 1479 325 IN
1522 261 1911 325 EPISTOLAM
1948 264 1970 322 Ι
2013 266 2106 322 AD
2146 266 2584 327 TIMOTHEUM.
2623 269 2776 327 CAP.
2822 271 2911 328 Vl.

3422 276 3527 335 886

292 391 480 465 Neque
518 392 966 449 communicaveris
1008 389 1226 459 peccatis
1262 389 1468 444 alienis.
1508 387 1822 445 Communi-
1852 384 1908 448 A
2008 384 2427 443 Existimantium
2457 397 2709 459 quaestum
2750 406 2858 445 esse
2897 391 3158 462 pietatem.
3208 392 3309 461 Qui
3340 403 3533 464 putant

219 497 348 539 care
382 500 507 541 eum
535 486 666 543 dicit
696 486 961 557 peccatis,
993 480 1084 553 qui
1113 496 1219 537 non
1250 481 1509 552 probatus
1539 481 1704 539 fuerit
1732 496 1826 537 or-

218 574 461 633 dinatus.

293 669 536 742 Teipsum
566 679 764 726 castum
785 670 1002 724 custodi.
1027 668 1144 724 Non
1177 668 1315 726 alios
1339 667 1610 724 custodire
1640 666 1829 740 prmci-

219 762 332 832 pit,
376 770 433 816 ut
480 762 648 831 possit
678 760 937 816 audenter
967 776 1194 832 arguere
1220 760 1617 831 delinquentes.

296 851 425 907 Noli
467 852 643 906 adhuc
672 868 862 922 aquam
892 853 1092 918 bibere,
1121 853 1211 908 sed
1255 854 1459 907 modico
1489 854 1605 906 vino
1652 861 1825 918 utere,

221 957 437 1019 propter
457 945 778 1000 stomachum
811 955 954 999 tuum
976 987 990 1012 ,
1017 956 1062 1000 et
1087 946 1375 1017 frequentes
1404 954 1522 998 luas
1547 944 1827 1011 inﬁrmita-

219 1048 319 1093 tes.
343 1036 421 1094 Ne
452 1046 667 1107 putaret
689 1038 851 1092 etiam
884 1036 1226 1093 abSIinentim
1253 1050 1311 1093 se
1339 1034 1568 1090 formam
1595 1033 1825 1086 inﬁrmis

216 1127 352 1185 dare
392 1129 630 1184 debere:
664 1130 899 1185 maxime
944 1144 1064 1184 cum
1110 1128 1345 1183 audierit
1373 1142 1403 1181 a
1436 1126 1695 1196 magistro
1742 1122 1825 1178 di-

216 1231 413 1277 cente:
447 1222 701 1277 omnibus
728 1221 929 1276 bonum
959 1235 1082 1277 esse
1112 1235 1218 1274 non
1264 1218 1451 1273 bibere
1480 1218 1683 1270 vinum.
1719 1215 1819 1269 Dat

217 1328 352 1382 ergo
375 1311 424 1368 ei
448 1312 755 1380 consilium,
777 1320 835 1364 ut
852 1311 966 1379 plus
980 1310 1242 1365 doctrina:
1256 1323 1500 1375 causam,
1514 1321 1675 1378 quam
1700 1305 1824 1360 abs-

219 1403 466 1460 tinentia:
517 1413 673 1460 curet
709 1421 722 1457 :
751 1411 807 1459 et
835 1402 996 1459 simul
1032 1402 1269 1457 ostendit
1316 1415 1449 1472 quas
1476 1399 1822 1455 inﬁrmitates

218 1506 595 1552 creaturarum
628 1494 896 1551 medicina
929 1494 1100 1564 possit
1128 1506 1350 1548 sanare.

297 1589 653 1658 Quorumdam
673 1588 942 1643 hominum
969 1595 1176 1660 peccata
1204 1587 1480 1657 manifesta
1509 1593 1663 1651 sunt,
1686 1598 1823 1656 pra:-

212 1682 454 1739 cedentia
473 1682 541 1737 ad
559 1682 843 1757 judicium.
870 1682 1075 1738 Detecti
1101 1679 1641 1737 excomnmnicantur
1665 1697 1677 1733 :
1703 1679 1820 1735 sive

214 1772 394 1844 plagis
426 1772 790 1845 praesentibus
818 1772 1171 1827 damnantur.

290 1866 650 1935 Quorumdam
674 1874 845 1921 autem
872 1876 920 1920 et
948 1865 1345 1935 subsequuntur.
1378 1862 1436 1919 in
1462 1862 1645 1919 futuro
1669 1860 1819 1932 judi-

213 1958 336 2014 cio:
387 1959 503 2013 sive
530 1957 617 2014 hic
641 1957 733 2014 diu
764 1958 930 2014 latere
958 1973 1065 2014 non
1096 1965 1342 2029 possunt.
1391 1954 1510 2011 Non
1561 1968 1692 2026 ergo
1720 1955 1816 2011 de-

215 2051 351 2107 bent
370 2049 530 2106 facile
547 2050 812 2105 ordinari.

292 2142 550 2198 Similiter
573 2150 618 2195 et
650 2145 791 2213 facta
817 2140 951 2195 bona
981 2138 1258 2210 manifesta
1283 2146 1439 2206 sunt,
1464 2146 1513 2192 et
1537 2152 1654 2210 qua
1672 2137 1826 2191 aliter

221 2252 276 2290 se
300 2235 507 2299 habent,
533 2234 784 2288 abscondi
806 2249 910 2288 non
926 2243 1159 2304 possunt.
1187 2231 1302 2287 Non
1329 2230 1477 2286 enim
1504 2237 1687 2301 potest
1708 2228 1825 2283 abs-

220 2328 383 2384 condi
428 2326 621 2382 civitas
654 2340 817 2397 supra
850 2334 1093 2381 montem
1123 2324 1299 2396 posita
1334 2341 1349 2380 :
1381 2323 1476 2379 sed
1508 2322 1673 2379 etiam
1703 2335 1823 2392 qum

224 2420 294 2477 ad
320 2429 532 2493 tempus
558 2420 764 2491 latent,
799 2434 905 2474 non
940 2424 1169 2491 possunt
1201 2416 1403 2473 diutius
1430 2413 1714 2472 occultari.

833 2573 1066 2633 CAPUT
1109 2573 1197 2629 Vl.

303 2712 624 2782 Quicumque
650 2718 774 2764 sunt
802 2709 896 2765 sub
930 2713 1065 2782 jugo
1091 2708 1221 2765 servi
1239 2750 1253 2775 ,
1277 2708 1509 2762 dominos
1538 2723 1658 2762 suos
1685 2706 1829 2761 omni

221 2807 421 2860 honore
471 2804 658 2877 dignos
706 2804 1039 2859 arbitrentur.
1091 2802 1207 2858 Non
1265 2803 1439 2858 solum
1498 2802 1699 2869 bonos,
1728 2801 1823 2857 sed

224 2896 391 2952 etiam
416 2894 686 2952 inﬁdeles.

298 2986 383 3041 Ne
402 3003 587 3041 nomen
617 2986 828 3041 Domini
874 2995 921 3042 et
952 2987 1193 3041 doctrina
1218 2986 1618 3059 blasphematur.
1646 2983 1723 3040 Ne
1746 2984 1827 3040 vi—

225 3078 457 3135 deantur
489 3094 585 3150 per
613 3080 935 3149 religionem
961 3080 1015 3134 in
1045 3080 1285 3134 deterius
1330 3078 1647 3150 profecisse.

1934 490 2175 552 quaestus
2206 481 2291 536 sui
2319 496 2481 537 causa
2499 523 2514 550 ,
2540 497 2742 537 novum
2772 483 2991 539 venisse
3019 484 3452 542 Testamentum.

2005 571 2099 626 Est
2120 582 2291 627 autem
2317 583 2539 643 qutestus
2565 591 2804 645 magnus,
2837 577 2999 645 pietas
3029 594 3144 630 cum
3186 579 3524 649 sufficientia.

1932 664 2151 719 Multum
2184 665 2436 737 inquirit,
2465 668 2553 738 qui
2588 666 2751 722 habet
2780 668 3032 737 pietatem
3059 686 3071 722 :
3096 684 3218 724 cum
3249 670 3527 727 sufﬁcien-

1934 759 2005 814 tia
2030 802 2045 828 ,
2078 775 2186 815 non
2224 759 2481 828 luxuriae,
2528 760 2623 817 sed
2654 771 2860 816 natura:
2892 771 2995 817 est.
3026 760 3151 818 Sive
3187 762 3328 817 sicut
3358 764 3528 833 pictas

1932 863 2017 909 est
2048 854 2256 910 cultura
2283 854 2417 921 Dei;
2448 855 2522 909 ita
2548 852 2800 925 impietas
2828 862 2915 909 est
2939 864 3302 925 contemptus.

2004 947 2156 1003 Nihil
2185 949 2320 1003 enim
2365 948 2630 1002 intulimus
2659 947 2713 1001 in
2739 949 2872 1001 hunc
2900 947 3184 1002 mundum:
3233 948 3374 1001 haud
3424 949 3526 1001 du-

1930 1039 2101 1104 bium,
2123 1040 2243 1110 quia
2289 1055 2381 1093 nec
2410 1045 2617 1111 auferre
2645 1039 2768 1109 quid
2798 1057 3088 1111 possumus.
3117 1040 3258 1097 Nudi
3303 1042 3412 1096 nati
3440 1057 3531 1097 su-

1928 1144 2083 1195 mus,
2132 1129 2258 1183 nudi
2291 1128 2454 1184 etiam
2488 1129 2755 1186 morituri.
2799 1130 3071 1201 Quidquid
3103 1130 3192 1187 hic
3227 1131 3523 1199 invenitur,

1929 1221 2019 1278 hic
2046 1222 2385 1293 relinquetur
2411 1241 2421 1275 :
2450 1238 2561 1278 non
2588 1232 2672 1279 est
2701 1233 2945 1280 nostrum
2964 1268 2978 1291 ,
3006 1225 3150 1296 quod
3181 1240 3286 1281 non
3311 1241 3529 1295 semper

1928 1324 2173 1371 nostrum
2204 1323 2311 1369 est.
2336 1313 2630 1386 Tamquam
2661 1317 2932 1387 peregrini
2960 1332 3088 1386 ergo
3112 1317 3397 1373 sufﬁcienti
3424 1334 3528 1373 usu

1926 1408 2168 1463 contenti
2201 1404 2374 1461 simus
2404 1424 2419 1461 :
2451 1407 2569 1462 illas
2597 1406 2816 1463 divitias
2859 1409 3235 1478 acquiramus,
3264 1425 3398 1481 quas
3426 1427 3529 1465 no-

1925 1497 2135 1553 biscum
2167 1497 2233 1553 ad
2263 1498 2545 1555 cmiestem
2575 1498 2810 1568 patriam
2843 1498 2985 1555 ferre
3018 1499 3307 1569 possimus.

1997 1590 2262 1646 Habentes
2278 1600 2450 1645 autem
2474 1592 2743 1658 alimenta,
2758 1600 2805 1648 et
2828 1592 3011 1661 quibus
3033 1602 3287 1664 tegamur,
3305 1594 3386 1649 his
3407 1610 3531 1649 con-

1925 1686 2053 1740 tenti
2078 1686 2254 1740 simus.
2286 1684 2551 1757 Superius
2573 1685 2788 1742 dixerat
2814 1685 3199 1743 sufﬁcientiam
3228 1706 3242 1743 :
3268 1688 3531 1760 quidquid

1852 1747 1899 1809 Β
1935 1776 2021 1832 his
2051 1776 2289 1847 amplius
2316 1747 2401 1833 est
2421 1819 2436 1843 ,
2471 1776 2684 1832 divitiis
2711 1778 3026 1848 deputatur.

2000 1867 2140 1923 Nunt
2161 1868 2250 1939 qui
2271 1868 2447 1922 volunt
2470 1868 2651 1922 divites
2672 1868 2809 1937 ﬁeri.
2834 1868 3182 1924 Voluntatem
3206 1867 3529 1925 divitiarum

1927 1959 2201 2016 deﬁnivit:
2225 1975 2349 2032 quae
2398 1960 2653 2017 voluntas
2675 2005 2689 2031 ,
2714 1971 2771 2017 et
2812 1962 3138 2021 habentibus
3160 1973 3277 2032 est,
3302 1971 3357 2020 et
3377 1980 3526 2034 qua:-

1929 2053 2195 2110 rentibus.

1999 2144 2248 2200 Incidunt
2277 2147 2331 2199 in
2357 2145 2711 2214 tentationem,
2738 2154 2786 2201 et
2814 2146 2865 2200 in
2895 2145 3134 2218 laqueum
3175 2145 3390 2203 diaboli.
3417 2146 3525 2203 Oc-

1926 2240 2074 2296 casio
2097 2241 2413 2296 tentationis
2435 2249 2520 2296 est
2537 2281 2551 2306 ,
2575 2249 2628 2296 et
2654 2238 2879 2310 laqueus
2902 2239 3137 2307 diaboli,
3161 2239 3303 2297 velle
3326 2239 3528 2296 habere

1926 2337 2171 2394 divitias.

1999 2429 2068 2484 Et
2090 2429 2346 2485 desideria
2379 2426 2561 2491 multa,
2584 2436 2632 2482 et
2661 2426 2891 2495 inutilia,
2924 2436 2970 2483 et
2992 2429 3192 2483 nociva.
3219 2426 3524 2500 Numquam

1926 2537 2057 2592 ergo
2079 2521 2387 2595 divitiarum
2412 2520 2685 2578 desideria
2714 2522 2998 2577 satiantur.

2002 2614 2131 2681 Qua:
2159 2625 2394 2689 mergunt
2426 2614 2656 2669 homines
2682 2615 2737 2668 in
2762 2616 3028 2670 interitum
3061 2624 3107 2670 et
3161 2617 3523 2686 perditionem.

1928 2707 2065 2762 Dum
2094 2707 2396 2763 ambitione
2429 2708 2700 2762 bonorum
2732 2716 3005 2763 tumentes
3029 2750 3043 2773 ,
3080 2707 3145 2763 ad
3194 2709 3364 2764 caelos
3415 2708 3527 2764 cle-

1928 2800 2073 2870 vati,
2102 2816 2271 2872 usque
2298 2800 2366 2856 ad
2394 2801 2598 2857 inferos
2621 2802 3011 2871 demerguntur
3039 2820 3051 2856 :
3076 2802 3192 2857 sive
3214 2802 3531 2859 desideran-

1930 2903 2010 2948 tes
2036 2894 2246 2949 aiienas
2278 2908 2410 2963 opes
2432 2935 2446 2961 ,
2474 2903 2531 2948 ut
2556 2892 2765 2959 Achab,
2791 2908 2963 2963 usque
2993 2892 3060 2947 ad
3093 2892 3375 2948 homicidii
3409 2908 3529 2965 per-

1930 2986 2156 3041 veniunt
2188 2984 2473 3041 factiones.

2001 3076 2179 3131 Radix
2204 3077 2340 3131 enim
2372 3075 2598 3130 omnium
2621 3075 2875 3130 malorunt
2906 3085 2981 3130 est
3004 3076 3281 3147 cupiditas.
3307 3074 3442 3142 Quia
3472 3082 3530 3131 et

489 3126 575 3150 τ--
613 3126 935 3149 "non"---
1048 3126 1284 3134 cum.--
1330 3126 1647 3150 Γηὼν---
2001 3126 2175 3131 --ηψπ
3007 3126 3117 3147 --Γ
3316 3126 3442 3142 ,νη
3478 3126 3528 3131 -_

302 3172 407 3241 Qui
438 3180 608 3226 autem
637 3171 816 3240 ﬁdeles
836 3170 1024 3226 habent
1048 3171 1308 3239 dominos,
1332 3188 1434 3225 non
1461 3177 1786 3225 contemnant
1806 3210 1820 3237 ,
1849 3126 1900 3194 α
1930 3172 2056 3225 lous
2084 3180 2168 3225 est
2196 3211 2210 3235 ,
2238 3176 2293 3224 et
2338 3169 2583 3223 omnium
2615 3168 2903 3223 criminum
2937 3177 3307 3238 augmentum.
3355 3166 3528 3222 Radix

224 3268 349 3339 quia
380 3270 565 3340 fratres
589 3275 725 3322 sunt.
748 3266 826 3322 Ne
852 3266 953 3329 sibi
979 3266 1240 3337 aequalem
1270 3274 1641 3321 contemnant.

302 3360 407 3417 Sed
432 3361 595 3431 magis
626 3363 847 3416 serviant
870 3376 888 3415 .'
911 3361 1033 3431 quia
1060 3360 1238 3429 ﬁdeles
1265 3370 1383 3414 sunt
1407 3369 1455 3415 et
1485 3359 1680 3428 dilecti,
1705 3360 1827 3432 quia

226 3455 461 3524 beneﬁcii
519 3455 797 3527 participes
862 3464 1001 3510 sunt.
1061 3454 1117 3511 Si
1164 3454 1472 3510 serviebant
1518 3453 1826 3509 inﬁdelibus

228 3547 427 3601 timore
457 3546 683 3602 odioso:
730 3556 933 3617 quanto
972 3548 1146 3618 magis
1176 3545 1377 3602 debent
1405 3547 1611 3601 servire
1655 3546 1829 3602 ﬁdeli-

227 3641 351 3707 bus,
375 3655 602 3711 quorum
631 3640 914 3695 charitatis
938 3640 1234 3711 participes
1263 3656 1384 3697 esse
1408 3641 1717 3696 merentur!

304 3732 435 3788 Ilico
463 3732 619 3799 doce,
671 3741 719 3786 et
770 3733 1065 3787 exhortare.
1102 3732 1273 3801 Doce,
1306 3731 1378 3786 ita
1425 3731 1628 3788 debere
1666 3730 1823 3786 ﬁeri:

229 3823 522 3880 exhortare
542 3866 557 3891 ,
584 3824 867 3895 praemium
896 3824 1189 3880 ostendere
1218 3824 1408 3879 Deum.

306 3918 368 3974 Si
398 3919 512 3988 quis
543 3919 696 3973 aliter
738 3919 880 3972 docet
902 3958 918 3985 ,
950 3929 996 3973 et
1028 3936 1131 3972 non
1161 3919 1432 3989 acquiescit
1464 3920 1603 3972 sanis
1634 3933 1828 3973 sermo-

232 4012 380 4065 nibus
407 4010 620 4065 Domlni
645 4010 805 4064 nostri
831 4008 959 4064 Jesu
983 4009 1209 4064 Christi:
1234 4019 1283 4063 et
1313 4010 1383 4077 ei,
1411 4024 1527 4080 qua:
1546 4010 1831 4064 secundum

232 4104 480 4173 pietatem
503 4108 599 4167 est,
628 4102 898 4157 doctrina.
924 4101 1058 4157 Novi
1084 4101 1415 4160 Testamenti
1435 4117 1449 4170 ;
1472 4103 1830 4160 veterisenim

233 4209 431 4251 severa
465 4193 711 4248 doctrina
751 4203 855 4248 est.

308 4285 581 4359 Superbus
631 4294 746 4355 est,
781 4284 914 4340 nihil
956 4285 1141 4341 sciens.
1176 4284 1353 4356 Super
1382 4284 1520 4340 alios
1557 4285 1830 4357 seextol-

236 4379 355 4434 lens
374 4423 389 4447 ,
417 4392 541 4434 cum
570 4376 640 4433 sit
666 4378 953 4435 desursum
980 4379 1203 4435 veniens
1225 4419 1240 4447 ,
1263 4393 1426 4452 quam
1457 4376 1716 4450 pratdicat
1741 4392 1833 4433 sa—

238 4471 525 4542 pientiam.

312 4563 421 4620 Sed
447 4562 701 4637 languens
717 4563 854 4617 circa
876 4564 1202 4633 quaestiones.
1229 4563 1339 4621 Nec
1364 4565 1510 4622 enim
1536 4566 1836 4624 recusando

242 4657 461 4727 penitus
502 4656 699 4727 ﬁdem,
754 4657 1007 4724 moritur,
1066 4672 1166 4714 nec
1216 4660 1558 4715 adversitatis
1613 4661 1838 4719 scientia

240 4750 605 4825 c0nvalescit,
632 4750 727 4806 sed
754 4750 985 4806 diversis
1010 4750 1385 4806 cccasionibus
1419 4752 1657 4824 languet.

315 4842 384 4897 Et
416 4860 616 4915 pugnas
653 4844 945 4898 verborum.
972 4842 1185 4898 Relicto
1215 4858 1375 4899 sensu
1408 4847 1685 4916 veritatis,
1728 4862 1841 4901 ama

244 4934 539 5006 biguitates
582 4934 874 4992 verborum
913 4936 1242 4992 observant:
1287 4938 1426 4993 sicut
1465 4939 1746 4995 Manichrei
1776 4955 1842 4995 ex

245 5028 445 5095 verbo,
470 5028 846 5085 diversitatem
878 5027 1377 5086 Tcstamentorum.

319 5118 406 5175 Et
431 5120 616 5191 quibus
647 5121 887 5177 oriuntur
928 5122 1138 5179 invidiw
1162 5165 1177 5191 ,
1201 5124 1550 5179 contentiones
1570 5166 1585 5192 ,
1608 5123 1849 5196 blasphe-

250 5215 529 5284 miaa.Qum
557 5225 823 5286 generant
870 5217 992 5274 lites
1028 5234 1094 5274 ac
1146 5217 1546 5290 blasphemias,
1597 5220 1649 5275 in
1677 5219 1850 5278 Deum

250 5309 544 5381 pugnando
565 5312 928 5368 sermonibus.

322 5400 660 5473 Suspiciones
690 5404 863 5459 malae.
915 5404 1041 5461 Sive
1082 5404 1337 5461 haeresim
1376 5404 1445 5462 de
1476 5406 1650 5462 altero
1677 5407 1854 5481 suspi-

248 5504 467 5561 cantur,
493 5497 609 5550 sive
637 5495 920 5553 audientes
940 5507 1133 5569 putaut
1164 5497 1383 5556 efﬁcere
1410 5500 1722 5557 veritatem.

322 5587 753 5657 Conﬂictationes
775 5589 1040 5645 hominum
1060 5600 1229 5647 mente
1253 5601 1611 5664 corruptorum
1637 5609 1655 5649 :
1678 5602 1725 5649 et
1746 5593 1871 5666 quia

251 5680 470 5734 veritate
493 5680 685 5751 prirati
712 5689 849 5735 sunt.
875 5680 957 5738 Ab
981 5684 1291 5756 integritate
1319 5685 1598 5757 Evangelii
1627 5728 1641 5752 ,
1664 5687 1749 5743 vel
1777 5700 1871 5745 na-

259 5781 420 5829 tunc.

1927 3261 2147 3318 excisos
2170 3275 2387 3332 semper
2410 3259 2633 3316 densius
2660 3266 2877 3330 reparat
2900 3275 3113 3316 ramos:
3140 3257 3421 3315 evellenda
3443 3265 3530 3314 est

1929 3370 2061 3426 ergo
2093 3356 2277 3421 radix,
2305 3369 2373 3408 ne
2402 3354 2536 3408 rami
2565 3352 2842 3423 superﬂue
2872 3351 3212 3408 excidantur.

2006 3446 2177 3515 Quam
2198 3446 2408 3516 quidam
2434 3452 2728 3515 appetentes
2758 3452 3057 3498 erraverunt
3076 3461 3109 3498 a
3130 3443 3253 3514 fide.
3280 3441 3395 3500 Hoc
3419 3451 3524 3510 est,

1930 3546 2279 3594 recesserunt
2310 3550 2341 3589 a
2368 3536 2474 3591 ﬁde
2506 3534 2894 3606 promissorum
2927 3534 3054 3603 Dei,
3082 3535 3210 3590 dum
3245 3534 3530 3606 praascnti-

1928 3631 2030 3686 bus
2055 3631 2417 3685 obiectantur.

2002 3724 2071 3779 Et
2102 3726 2429 3779 inseruerunt
2454 3740 2508 3779 se
2529 3721 2794 3778 doloribus
2823 3721 3021 3778 multis.
3048 3723 3263 3792 Quanto
3293 3722 3529 3794 amplius

1934 3820 2257 3885 habuerint,
2281 3827 2428 3872 tanto
2454 3818 2635 3887 plures
2658 3816 3088 3872 sollicitudinum
3115 3815 3386 3871 sustinent
3407 3830 3528 3870 cru-

1934 3913 2140 3970 ciatus:
2171 3911 2316 3967 unde
2345 3923 2399 3967 et
2432 3910 2692 3966 Dominus
2720 3908 3034 3965 divitiarum
3081 3924 3353 3964 mrumnas
3383 3910 3527 3964 circa

1931 4006 2140 4076 reliqua
2169 4002 2627 4074 concupiscentia:
2652 4001 2819 4057 verba
2840 4002 3074 4056 asseruit
3094 4000 3379 4056 suﬁ‘oeare.

2007 4096 2085 4153 Tu
2106 4104 2300 4166 autem,
2325 4112 2353 4150 ο
2380 4096 2530 4150 homo
2560 4093 2677 4149 Dei.
2706 4091 2824 4150 Non
2852 4092 3166 4149 divitiarum
3211 4093 3403 4158 homo,
3428 4090 3527 4146 sed

1935 4189 2063 4249 Dei:
2090 4204 2191 4244 nec
2222 4203 2543 4243 mammona:
2572 4200 2796 4253 servus,
2821 4186 2916 4243 sed
2944 4183 3147 4241 Cbrisri
3172 4202 3184 4237 :
3208 4183 3365 4254 cujus
3401 4191 3532 4238 sunt

1934 4286 2115 4340 omnia
2152 4299 2273 4355 qua:
2301 4282 2573 4339 videntur.

2008 4376 2138 4433 Haec
2168 4381 2305 4451 fuge.
2334 4374 2497 4444 Quasi
2529 4390 2719 4431 causas
2750 4374 3025 4447 perﬁdite,
3066 4370 3151 4425 vel
3183 4368 3456 4425 dolorum.

2014 4474 2226 4529 Sectare
2273 4489 2387 4527 vero
2429 4471 2688 4542 justitiam
2715 4512 2730 4538 ,
2761 4470 3019 4542 pietatem,
3049 4465 3223 4536 ﬁdem.
3272 4462 3331 4519 In
3364 4461 3448 4518 his
3481 4472 3533 4521 te

1941 4569 2101 4640 cupio
2130 4569 2333 4624 divitiis
2359 4582 2482 4623 esse
2514 4567 2866 4638 locupletem.

2012 4660 2347 4718 Charitatem.
2370 4659 2465 4715 Dei
2485 4669 2537 4715 et
2566 4659 2818 4729 proximi.

2016 4764 2378 4828 Patientiam,
2429 4759 2893 4816 mansuetudinem.
2966 4754 3289 4816 Patientiam
3374 4753 3543 4811 susti-

1947 4866 2109 4924 nendi
2129 4912 2143 4935 ,
2175 4863 2652 4923 mansuetudinem
2684 4878 2793 4920 non
2816 4859 3071 4919 nocendi.

2021 4965 2173 5021 Certa
2203 4965 2393 5018 bonum
2422 4972 2678 5018 certamen
2707 4962 2849 5031 ﬁdei.
2878 4958 3086 5015 Bonum
3119 4966 3397 5014 certamen
3430 4963 3547 5024 est,

1953 5076 2060 5121 non
2094 5074 2193 5130 pro
2220 5059 2385 5117 rebus
2412 5058 2599 5113 saeculi
2617 5101 2634 5128 ,
2662 5056 2758 5115 sed
2791 5069 2963 5124 usque
2987 5053 3055 5113 ad
3084 5060 3317 5110 mortem
3348 5067 3450 5123 pro
3478 5049 3547 5106 ii-

1952 5163 2039 5218 dei
2067 5161 2297 5217 veritate
2326 5167 2540 5216 certare
2571 5175 2586 5212 :
2618 5158 2760 5215 sicut
2786 5154 3051 5225 scriptum
3080 5162 3167 5211 est
3193 5172 3206 5210 :
3237 5154 3297 5209 1n
3341 5150 3551 5223 iustitia

1956 5264 2244 5336 agonizare
2262 5276 2364 5332 pro
2388 5259 2569 5316 anima
2592 5267 2681 5315 tua
2708 5279 2722 5314 :
2748 5268 2804 5314 et
2832 5271 3003 5327 usque
3014 5257 3099 5312 -ad
3128 5242 3363 5312 mortem
3390 5259 3549 5308 certa

1964 5365 2322 5441 projustitia.
2350 5366 2477 5421 Sive
2520 5371 2582 5419 ut
2632 5362 2712 5419 illi
2742 5361 2960 5419 student
2990 5359 3043 5414 in
3094 5356 3303 5414 divitiis
3372 5351 3558 5411 omnia

1964 5473 2217 5537 vincere,
2256 5468 2330 5522 ita
2360 5474 2419 5522 et
2446 5474 2499 5521 tu
2532 5465 2589 5520 in
2621 5464 2745 5520 ﬁde.

2040 5568 2399 5644 Apprehendq.
2430 5566 2709 5635 Quomodo
2736 5578 2838 5635 ego
2868 5558 3281 5633 comprehendi.

1988 5654 1991 5661 ’
2050 5671 2224 5726 Vitam
2249 5679 2493 5725 wternam
2514 5682 2533 5721 :
2556 5668 2611 5721 in
2640 5682 2789 5738 quam
2814 5673 3022 5721 vocatus
3036 5680 3122 5720 es.
3176 5661 3247 5723 Ut
3276 5660 3354 5721 illi
3383 5670 3577 5736 gerere

1991 5774 2215 5846 cupiunt
2245 5770 2618 5843 temporalem.
