4004 6304
1328 160 1353 183 \

613 267 719 326 887
1623 268 1682 325 S.
1721 265 2428 337 ilIERO-NYMLOPERUM
2468 265 2836 326 MANTISSA.
3774 282 3841 343 333

687 386 754 440 Et
782 388 1046 459 confessus
1077 403 1128 441 cs
1178 385 1362 439 bonam
1393 384 1787 455 confessionem.
1821 383 1880 439 1n
1938 382 2211 455 baptismo
2240 388 2293 446 Α
2320 382 2497 453 tetigit
2520 383 2792 439 morbum.
2819 383 3052 441 Difﬁcile
3080 385 3295 444 divitem
3322 387 3567 445 invenies
3590 404 3685 445 non
3707 407 3841 464 super.
3912 382 3913 421 θ

615 477 1051 533 abrenuntiando
1072 476 1344 531 smculoct
1366 475 1575 546 pompis
1603 476 1741 545 ejus.
2312 475 2439 530 bum
2463 517 2476 541 ,
2518 476 2609 547 qui
2646 492 2943 547 pauperes,
2996 479 3081 535 vel
3125 492 3383 551 parentes
3410 492 3691 553 agnoscat:
3718 496 3763 541 et
3783 492 3839 558 qui

684 570 874 625 Coram
904 570 1078 623 multis
1108 570 1337 624 testibus.
1364 568 1754 626 Sacerdotibus
1772 609 1787 637 ,
1813 567 1897 623 vel
1923 566 2204 635 ministris,

602 661 1002 731 virtutibusque
1031 661 1375 717 cmlestibus.

679 754 940 824 Prwcipio
970 754 1060 809 tibi
1088 770 1264 810 coram
1293 752 1426 811 Deo.
1459 752 1716 825 Prmcipit
1742 752 2066 810 auctoritate
2093 766 2210 809 ma-

609 849 785 920 gistri.

676 943 779 1010 Qui
808 941 1251 1010 viviﬁcatomnia.
1302 940 1493 995 Omnia
1546 955 1673 1010 quae
1722 941 1939 1010 vivunt,
1992 939 2207 996 etiamsi

605 1037 841 1091 areﬁant
862 1077 875 1100 ,
921 1051 1017 1104 per
1042 1036 1161 1104 ejus
1190 1036 1487 1105 potentiam
1518 1036 1875 1091 reviviscunt.

676 1126 745 1181 Et
779 1126 983 1183 Christo
1009 1125 1155 1194 Jesu,
1186 1127 1275 1197 qui
1300 1128 1643 1181 testimonium
1685 1127 1911 1183 reddidit
1940 1127 2034 1182 sub
2066 1127 2209 1183 Pon-

602 1223 673 1276 tio
700 1221 899 1287 Pilato,
930 1222 1116 1275 bonam
1143 1222 1539 1291 confessionem.
1588 1221 1790 1277 Dicens
1819 1221 1886 1276 ad
1929 1221 2161 1276 Pilatum
2188 1237 2203 1276 :

602 1316 720 1386 Ego
763 1315 831 1369 ad
859 1314 963 1372 hoc
992 1314 1116 1369 veni
1146 1314 1197 1368 in
1249 1314 1391 1369 hunc
1423 1312 1716 1378 mundum,
1749 1320 1809 1366 ut
1836 1312 2205 1368 testimonium

598 1408 925 1479 perhibeam
954 1408 1169 1462 veritati
1198 1426 1210 1458 :
1236 1407 1445 1462 scilicet
1476 1421 1575 1476 pro
1604 1421 1669 1461 ea
1700 1406 1866 1462 etiam
1895 1406 2202 1463 moriendo.

673 1499 742 1554 Ut
772 1516 939 1554 serves
973 1500 1296 1554 mandatum.
1350 1499 1504 1554 Sicut
1533 1498 1624 1554 ille
1653 1514 1825 1571 usque
1851 1499 1918 1555 ad
1948 1509 2201 1557 mortem.

674 1592 801 1645 Sine
860 1592 1067 1643 macula
1137 1591 1597 1658 irreprehensibili.
1656 1593 1891 1649 Maculat
1935 1596 2203 1664 quodam-
2306 1606 2566 1668 praestat,
2609 1606 2667 1652 ut
2694 1598 2970 1664 vivamus,
3003 1599 3167 1657 etiam
3198 1602 3319 1657 aliis
3352 1602 3777 1673 largietttesznon
3801 1618 3836 1663 ut

596 1684 764 1739 modo
785 1725 800 1747 ,
846 1692 900 1737 et
929 1684 1260 1752 reprehendi
1293 1685 1419 1739 facit
1443 1685 1697 1740 mandata
1720 1728 1734 1752 ,
1759 1688 1849 1758 qui
1881 1698 2091 1757 peccat.
2304 1694 2494 1764 grandi
2524 1693 2713 1751 labore
2742 1694 3090 1753 destruentes
3110 1738 3124 1763 ,
3156 1697 3366 1767 majora
3393 1698 3589 1756 horrea
3613 1700 3831 1756 iaciamus.

674 1773 849 1845 Usque
882 1774 937 1827 in
960 1774 1239 1828 adventum
1267 1774 1481 1830 Domini
1510 1778 1673 1832 nostri
1697 1775 1823 1831 Iesu
1852 1775 2065 1833 Christi.
2096 1778 2197 1848 Qui
2229 1791 2276 1852 Β
2373 1787 2456 1842 Ad
2483 1787 2783 1860 fruendum.
2809 1789 2926 1846 Non
2952 1790 3019 1846 ad
3049 1790 3443 1849 occultandam
3465 1833 3482 1863 ,
3505 1794 3587 1851 vel
3614 1796 3832 1869 negotian-

596 1866 1031 1937 perseveraverit
1057 1881 1230 1937 usque
1260 1867 1316 1921 in
1358 1868 1541 1935 linem,
1572 1869 1660 1923 hic
1688 1869 1869 1925 salvus
1899 1871 2024 1926 erit.
2309 1881 2461 1938 dum,

673 1960 839 2028 Quem
867 1960 974 2014 suis
1006 1962 1322 2028 temporibus
1352 1962 1583 2017 ostendet
1613 1962 1814 2029 beatus,
1847 1971 1895 2017 et
1924 1964 2068 2019 solus
2111 1980 2205 2034 ρο·
2378 1974 2516 2030 Bene
2544 1990 2696 2046 agere
2720 1990 2738 2029 :
2759 1974 2942 2031 divites
2972 1974 3091 2045 ﬁeri
3135 1975 3189 2031 in
3216 1976 3462 2047 operibus
3487 1975 3644 2032 bouis.
3672 1974 3764 2032 Non
3796 1975 3833 2030 in

593 2061 724 2119 tens,
748 2067 841 2103 rex
861 2067 1060 2120 regum,
1078 2062 1127 2107 et
1152 2051 1405 2107 Dominus
1428 2054 1835 2109 dominantium.
1860 2055 2089 2124 Quando
2110 2072 2203 2112 νο·
2305 2083 2441 2125 auro
2470 2077 2526 2124 ει
2572 2078 2820 2138 argento,

591 2142 789 2211 luerit,
816 2143 907 2213 qui
939 2143 1043 2198 hoc
1074 2144 1253 2198 solum
1276 2154 1458 2214 ροιεει
1484 2146 1650 2201 Deus.
2373 2158 2556 2215 Facile
2608 2160 2848 2226 tribuere,
2898 2158 3297 2213 communicare.
3343 2158 3449 2227 Qui
3478 2158 3631 2216 facile
3656 2160 3825 2226 tribuit,

666 2235 769 2301 Qui
796 2236 939 2289 solus
968 2234 1119 2289 habet
1166 2236 1625 2292 immortalitatem.
1673 2237 1773 2294 Ille
1799 2237 1947 2293 solus
1978 2239 2180 2309 proprit

2303 2253 2411 2311 cito
2432 2252 2585 2309 dives
2613 2267 2735 2309 esse
2764 2252 3019 2309 cessabit.
3046 2252 3313 2309 Tribuere
3334 2295 3350 2320 ,
3380 2252 3581 2311 donare
3600 2263 3701 2311 est:
3722 2269 3827 2330 com-

590 2328 786 2393 liabet,
812 2328 903 2398 qui
937 2329 1177 2398 angelis,
1209 2338 1265 2383 et
1309 2329 1402 2400 qui
1428 2329 1741 2387 hominibus
1790 2331 1941 2387 dedit
1970 2332 2173 2389 habere

2303 2349 2585 2405 municare
2608 2363 2759 2415 vero,
2784 2347 3014 2403 multum
3055 2346 3212 2403 dare.

591 2419 704 2475 Nos
737 2429 916 2475 autem
946 2436 1047 2476 nec
1073 2420 1175 2475 soli
1207 2437 1309 2477 nec
1329 2438 1357 2475 a
1382 2422 1541 2478 nobis
1575 2424 1839 2480 habemus
1867 2433 1924 2479 ut
1953 2426 2180 2482 ille.llo<

2368 2441 2743 2497 Thesaurizare
2772 2442 2869 2495 sibi
2897 2440 3294 2511 fundamentum
3320 2443 3514 2496 bonum
3544 2442 3593 2497 in
3621 2445 3814 2514 futurum.

588 2520 785 2567 contra
814 2512 1175 2581 Manicha'os,
1198 2516 1288 2585 qui
1318 2516 1446 2571 mali
1474 2524 1719 2572 naturam
1751 2528 1941 2588 putant
1968 2518 2194 2575 immor.
2298 2533 2447 2590 vado
2469 2552 2483 2589 ε
2508 2534 2696 2589 vende
2725 2535 2935 2598 omnia,
2970 2551 3092 2605 qua;
3120 2533 3320 2600 habes,
3354 2544 3409 2589 et
3441 2535 3510 2589 da
3538 2537 3824 2606 pauperibus,

589 2608 751 2661 ῑίιιθῐη
783 2616 944 2677 a“lue
974 2616 1319 2677 Perpetua!“-
2303 2634 2359 2682 ct
2383 2627 2610 2683 habebis
2643 2628 2955 2683 thesaurum
2988 2630 3038 2682 in
3066 2628 3207 2683 cmlo
3235 2645 3246 2681 :
3272 2636 3326 2682 et
3354 2629 3502 2697 veni,
3530 2644 3727 2700 sequere
3749 2645 3821 2697 me,

658 2701 727 2755 Et
760 2701 923 2756 lucem
977 2702 1173 2756 habitat
1224 2705 1651 2759 inaccessibilem.
1696 2705 1855 2761 Omni
1904 2716 2186 2763 creaturae.
2294 2720 2440 2792 quod
2472 2721 2820 2791 perfectionis
2852 2732 2936 2778 est
2982 2721 3425 2778 fundamentum,

582 2792 762 2848 Nemo
792 2795 935 2847 enim
967 2796 1117 2848 novit
1146 2795 1361 2853 Patrem
1410 2798 1511 2851 nisi
1546 2798 1731 2854 Flius:
1785 2815 1958 2872 neque
1988 2801 2189 2857 Filium

586 2882 695 2937 nisi
746 2882 929 2949 Pater,
984 2893 1037 2937 et
1084 2885 1320 2954 Spiritus
1371 2898 1622 2958 sanctus;
1678 2903 1964 2964 utrumque
2017 2895 2184 2951 etiam

584 2983 863 3030 scrutatur
892 2975 1158 3046 profunda
1196 2979 1312 3033 Dei.

2292 3002 2440 3056 enim
2470 3000 2571 3056 sub
2592 2975 2709 3057 sole
2729 3044 2743 3069 ,
2770 3000 2901 3057 dicit
2931 2975 3318 3057 Ecclesiastes.

660 3066 827 3131 Quem
858 3066 1042 3122 nullus
1072 3067 1343 3125 hominum
1365 3074 1492 3128 vidit
1514 3091 1532 3128 :
1555 3075 1645 3129 sed
1670 3092 1761 3128 nec
1786 3076 1959 3131 videre
1987 3088 2189 3149 potest:
2367 3092 2412 3147 0
2448 3066 2752 3160 Timotheo,
2799 3094 3090 3166 depositum
3121 3092 3348 3148 custodi.
3383 3087 3775 3149 Commendatum
3795 3098 3815 3137 ἃ

582 3165 667 3219 cui
696 3172 770 3218 est
795 3163 983 3231 honor,
1006 3174 1055 3220 et
1081 3167 1355 3239 imperium
1387 3169 1779 3240 sempiternum.
1803 3172 1983 3227 Amen.
2014 3173 2186 3232 Nemo
2212 3175 2259 3242 ο
2292 3184 2480 3252 nobis,
2513 3184 2839 3242 servandum
2866 3163 2968 3241 tibi
2994 3226 3011 3254 ,
3045 3185 3169 3241 ﬁdei
3200 3184 3511 3254 depositum
3540 3178 3739 3237 ουειοόὶο

583 3258 758 3325 novit,
783 3257 881 3313 sed
912 3260 1281 3331 unusquisque
1311 3276 1411 3328 pro
1433 3261 1910 3333 meritointelligit.
1934 3263 2068 3319 Nam
2091 3281 2179 3323 so-
2375 3275 2622 3331 Devitans
2666 3276 2915 3349 profanas
2961 3294 3141 3332 vocum
3196 3277 3469 3332 novitates.
3518 3272 3654 3342 Quod
3695 3286 3717 3324 a
3756 3282 3814 3323 me

579 3350 687 3406 lem
720 3359 873 3407 tanto
928 3352 1164 3423 amplius
1219 3351 1405 3407 vident
1457 3351 1690 3422 singuli,
1741 3363 1945 3425 quanto
1991 3359 2180 3427 purior

577 3442 744 3499 fuerit
760 3445 903 3499 acies
926 3446 1232 3500 oculorum.

650 3535 910 3590 Divitibus
930 3535 1090 3609 hujus
1120 3537 1299 3592 steculi
1322 3534 1566 3608 principe.
1590 3536 1729 3594 Sunt
1747 3546 1804 3595 et
1829 3539 2050 3596 alterius
2074 3558 2179 3598 sa:-

577 3625 687 3679 culi
716 3626 947 3691 divites,
996 3628 1085 3696 qui
1118 3638 1305 3683 emunt
1347 3629 1451 3684 sibi
1480 3643 1672 3684 aurum
1700 3631 1927 3702 ignitum
1956 3649 1986 3689 a
2015 3634 2167 3690 Deo:

575 3725 632 3769 et
660 3716 753 3784 qui
780 3716 988 3772 habent
1015 3734 1207 3775 aurum
1238 3722 1295 3777 in
1319 3723 1482 3791 emlo,
1509 3737 1719 3779 necnon
1764 3725 1857 3796 qui
1885 3728 2170 3797 proferunt

576 3820 723 3863 nova
752 3815 808 3860 οι
830 3814 1040 3861 vetera.

649 3896 776 3951 Non
804 3897 1020 3954 sublime
1044 3917 1243 3974 sapere.
1290 3906 1349 3962 In
1381 3907 1569 3977 primis
1598 3911 1951 3984 principalem
1978 3931 2167 3974 eorum

2311 585 2420 625 non
2452 571 2693 640 graviter
2714 571 2855 629 ferat
2886 572 3111 632 minime
3133 576 3236 632 sibi
3264 577 3332 634 ab
3364 577 3621 635 inferiore
3643 578 3838 641 honorem

2311 660 2534 718 deferri.

2385 755 2570 829 Neque
2620 774 2853 828 sperare.
2886 758 3006 815 Non
3039 761 3314 833 sperando
3346 762 3615 820 vilescunt
3652 787 3663 823 :
3690 774 3737 824 et
3759 783 3841 826 cum

2311 860 2671 922 spernuntur,
2699 861 3017 924 erogantur.

2379 942 2587 999 Incerto
2613 946 2932 1000 divitiarum.
2966 947 3045 1003 De
3071 947 3269 1018 quibus
3316 948 3586 1005 incertum
3616 962 3688 1007 est
3711 965 3837 1012 utrum

2308 1035 2415 1091 illa:
2440 1037 2530 1091 tibi
2550 1078 2566 1103 ,
2593 1052 2661 1093 au
2688 1048 2743 1092 tu
2772 1039 2879 1094 illis
2906 1040 3142 1096 celerius
3169 1040 3508 1096 subtrabaris
3530 1061 3543 1096 :
3567 1044 3727 1101 multis
3741 1048 3838 1105 enim

2309 1144 2431 1186 cum
2457 1132 2564 1186 vita
2594 1131 2823 1187 sublatae
2850 1143 2998 1188 sunt.
3024 1131 3132 1190 Alii
3159 1135 3406 1205 propriis
3438 1152 3531 1192 eas
3556 1138 3732 1196 auferri
3751 1157 3840 1197 ecu-

2308 1224 2376 1281 lis
2397 1224 2651 1282 viderunt
2677 1244 2693 1282 :
2719 1229 2969 1285 nonnulli
2997 1230 3159 1285 etiam
3192 1230 3346 1287 inviti
3371 1233 3640 1292 extraneis
3660 1236 3835 1310 relique-

2310 1327 2460 1374 runt.

2380 1410 2488 1467 Sed
2514 1410 2570 1464 in
2591 1408 2699 1464 Deo
2730 1410 2860 1465 vivo.
2888 1410 3056 1481 Cujus
3083 1420 3213 1468 sunt
3236 1414 3447 1473 omnia.

2382 1504 2485 1573 Qui
2515 1512 2723 1576 praestat
2750 1505 2899 1559 nobis
2930 1508 3104 1561 omnia
3130 1509 3358 1566 abunde.
3388 1509 3497 1578 Qui
3525 1510 3639 1568 ideo
3676 1513 3835 1572 abunde

2295 2923 2423 2965 vera
2454 2910 2564 2964 vita
2590 2952 2606 2974 ,
2649 2925 2770 2980 quae
2801 2910 2853 2965 in
2884 2925 2983 2965 suo
3014 2925 3125 2965 non
3155 2920 3443 2981 permanet
3484 2918 3632 2967 statu.
3658 2905 3821 2962 Vanitas

2289 3471 2396 3515 tas.

2354 3549 2423 3605 Et
2448 3550 2799 3621 appositiones
2825 3550 2950 3622 falsi
2971 3553 3194 3607 nominis
3219 3553 3481 3609 scientiae:
3497 3548 3809 3623 quamquidam

2281 3644 2637 3715 promittentes
2657 3685 2672 3709 ,
2698 3643 2837 3697 circa
2858 3644 3015 3713 ﬁdem
3037 3645 3357 3700 exciderunt.
3384 3647 3532 3702 Artis
3550 3642 3804 3705 dialectica),

2279 3750 2378 3806 per
2424 3749 2559 3806 quas
2611 3734 2716 3791 sibi
2758 3735 3024 3790 inﬁnitam
3070 3752 3256 3793 rerum
3306 3738 3579 3794 scientiam
3622 3729 3808 3790 heretici

2278 3829 2629 3899 promittunt,
2662 3828 2784 3885 ideo
2815 3844 2845 3884 a
2876 3829 3004 3886 ﬁdei
3038 3832 3267 3887 veritate
3296 3832 3517 3888 cadunt.

2347 3920 2533 3976 Gratia
2562 3930 2747 3977 tecum.
2766 3924 3293 3981 AmenJ’ermaneat
3320 3925 3377 3981 in
3409 3936 3659 3982 mtcrnum.

581 4044 3793 4083 ———————_________.____________________________

880 4121 1007 4205 IN
1079 4121 1729 4214 SECUNDAM
1800 4135 2469 4229 EPISTOLAM
2540 4143 2701 4225 AD
2776 4090 3540 4232 TIMOTHEUM.

1084 4351 1314 4412 CAPUT
1352 4356 1647 4415 PRIMUM.

634 4440 836 4498 Paulus
862 4446 1125 4517 apostolus
1155 4447 1284 4503 Jesu
1312 4448 1501 4505 Christi
1538 4467 1633 4520 per
1669 4450 2006 4522 voluntatem]
2034 4454 2153 4510 Dei.

566 4532 684 4589 Non
713 4536 848 4591 meis
871 4538 1081 4595 meritis
1110 4555 1126 4595 :
1159 4540 1273 4597 sive
1302 4556 1332 4596 a
1363 4541 1583 4601 Christo
1624 4544 1823 4601 missus
1848 4586 1864 4615 ,
1903 4561 2009 4604 non
2040 4547 2161 4607 sine

568 4626 665 4684 Dei
701 4629 1001 4688 voluntate.

634 4721 934 4779 Secundum
964 4727 1355 4796 promissionem
1380 4732 1520 4800 vitm,
1552 4747 1670 4805 quia
1721 4742 1796 4788 est
1847 4735 1902 4789 in
1951 4732 2156 4792 Christo

556 4811 705 4869 Iesu.
729 4815 1066 4888 Condignum
1097 4835 1165 4876 ex
1176 4821 1368 4879 bibens
1390 4826 1753 4895 promissione
1773 4826 2079 4884 servitium.

2041 4276 2406 4298 ᾗ

2190 4368 2248 4429 1)
2346 4363 2501 4433 Quod
2532 4368 2642 4424 sine
2665 4370 3044 4430 intermissione
3096 4378 3312 4433 habeam
3357 4380 3435 4434 tui
3477 4370 3798 4435 ntemoriamin

2267 4462 2587 4517 orationibus
2613 4467 2758 4533 meis,
2786 4478 2933 4524 nocte
2973 4487 3034 4525 ac
3090 4471 3178 4528 die
3230 4474 3525 4529 desiderans
3564 4480 3607 4527 te
3648 4467 3794 4523 videre.

2263 4550 2334 4607 Et
2374 4552 2696 4616 charitatem
2727 4563 3008 4634 ostendit,
3058 4573 3113 4622 et
3156 4564 3360 4638 jugiter
3414 4563 3595 4623 orandi
3638 4558 3794 4634 prabet

2261 4646 2595 4718 exemplum.

2331 4737 2535 4795 Memor
2562 4742 2914 4816 lacrymarttm
2960 4753 3217 4820 tuarum,
3269 4761 3328 4807 ut
3371 4751 3556 4824 gaudio
3599 4744 3789 4817 impleat.

2256 4831 2403 4902 Quas
2424 4849 2522 4905 pro
2553 4852 2642 4893 me
2665 4840 2879 4897 abunde
2904 4842 3239 4913 proiudisti,‘
3262 4854 3324 4901 ut
3351 4857 3406 4903 et
3437 4862 3521 4903 me
3561 4843 3621 4899 ad
3663 4835 3791 4895 tristi-

633 4906 900 5013 i‘imotheo
927 4910 1231 4999 charissima
1257 4916 1389 4986 filio.
1422 4918 1779 4992 Charissimo,
1820 4920 1876 4977 id
1898 4928 2003 4993 est,
2040 4937 2151 4980 σω·
2257 4925 2383 4982 tiam
2414 4943 2743 4999 provocares
2763 4952 2776 4989 :
2797 4906 2929 5006 quas
2947 4946 3035 4993 tua
3050 4906 3252 5009 adopto
3275 4941 3558 5013 praesentia
3581 4929 3786 4993 revelari-

559 4998 691 5107 ιεξξί
715 5001 975 5107 et.lal'im‘i:
1184 4998 1189 4999 γ
2100 5064 2103 5067 .
2323 4998 2761 5082 Recordationem
2784 4998 3049 5100 accipiens
3071 4998 3185 5106 ejus
3215 4998 3339 5105 fidei
3361 5076 3377 5103 ,
3412 5048 3524 5107 qua:
3566 5038 3631 5085 est
3674 5028 3717 5080 in
3753 5028 3790 5073 τε

624 5090 877 5196 Gratia'et
903 5099 1260 5196 misericordia
1288 5145 1302 5171 ,
1349 5113 1398 5160 et
1448 5124 1554 5177 pax
1608 5126 1641 5163 a
1679 5109 1789 5165 Deo
1840 5109 2008 5168 Patre
2040 5153 2057 5180 ,
2096 5122 2148 5169 et
2249 5129 2353 5169 non
2375 5116 2501 5187 ﬁcta
2531 5133 2550 5173 :
2576 5136 2690 5191 qua:
2714 5128 2761 5176 et
2790 5090 3039 5178 habitavit
3062 5090 3491 5196 primumin'avia
3528 5137 3609 5179 tua
3634 5115 3784 5174 ιοίιία·

552 5178 760 5287 Christo
783 5183 1159 5291 ΙεειιρΒηιὶηο
1188 5203 1385 5250 nostra.
1408 5197 1559 5254 Talis
1581 5209 1665 5255 est
1687 5200 1944 5258 salutatio
1966 5178 2142 5275 Pauli,
2248 5178 2387 5277 Quas.
2406 5226 2535 5268 vere
2559 5178 2611 5269 te
2638 5230 2760 5272 esse
2781 5217 2835 5271 in
2855 5178 3112 5289 operibus
3131 5221 3449 5291 comprobat
3477 5239 3489 5275 :
3514 5220 3641 5274 sicut
3662 5211 3788 5268 Jaco-

546 5286 606 5330 ut
622 5275 681 5380 in
699 5292 767 5380 ea
782 5280 959 5334 omnia
973 5281 1148 5380 I:atris
1175 5286 1451 5343 etChristi
1467 5289 1730 5348 beneﬁcia
1745 5305 2138 5356 memorentur.
2245 5275 2347 5357 bus
2370 5302 2612 5362 deﬁnivit
2644 5316 2738 5363 :et
2762 5275 2973 5380 quaead
3005 5322 3057 5369 te
3086 5329 3154 5369 ex
3185 5275 3343 5370 avitas
3373 5307 3709 5371 successionis
3722 5302 3785 5358 ia-

617 5366 829 5479 Gratias
856 5387 954 5477 apo
976 5370 1247 5479 Deo-meo.
1273 5379 1389 5435 Deo
1417 5380 1511 5451 qui
1533 5398 1636 5439 nos
1666 5384 1827 5443 talem
1865 5386 1923 5444 in
1971 5388 2140 5446 alter-
2243 5395 2548 5467 stitutione,
2578 5401 2733 5472 quasi
2756 5366 3107 5461 limreditario
3133 5407 3257 5479 jure
3286 5406 3582 5465 descendit.

2312 5485 2384 5541 Et
2408 5498 2570 5545 matre
2598 5501 2684 5547 tua
2707 5493 2925 5551 Eunice.
2960 5496 3092 5566 Quia
3123 5499 3274 5570 prior
3294 5499 3539 5557 credidit.

2312 5576 2490 5635 Certus
2510 5598 2625 5637 sum
2653 5595 2822 5642 autem
2843 5588 2980 5657 quod
3005 5590 3132 5645 et.in
3156 5599 3223 5646 te.
3271 5591 3495 5665 Propter
3519 5600 3663 5661 quant
3684 5594 3783 5635 cau-

2236 5686 2349 5726 sum
2374 5673 2625 5731 admoneo
2652 5686 2717 5732 te.
2745 5680 2882 5750 Quia
2903 5685 3250 5755 comprobavi
3281 5685 3439 5745 ﬁdem
3468 5694 3602 5741 tuam
3623 5720 3638 5751 ,
3658 5687 3781 5737 com-

538 5734 793 5809 volentia,
819 5741 916 5804 sed
941 5744 1076 5815 legis
1096 5750 1453 5833 aemulatione
1473 5759 1769 5817 vastabam.
1958 5836 1983 5841 ἡ
2032 5838 2039 5841 Α
2070 5840 2075 5841 ί
2235 5768 2448 5825 moneri
2480 5769 2705 5845 indiges,
2740 5734 2847 5835 rion
2878 5734 3084 5837 docerri.

608 6260 803 6275 mut-*5“

3906 2500 3914 2799 ι

2371 2815 2441 2870 Ut
2471 2816 2865 2889 apprehendant
2906 2832 3077 2871 verum
3107 2818 3282 2871 vitam.
3310 2818 3442 2873 llaec
3472 2817 3604 2873 enim
3648 2830 3733 2869 non
3766 2819 3822 2867 est

3905 2982 3914 3257 ς

2283 3382 2392 3424 non
2421 3368 2642 3439 audisti,
2673 3384 2774 3427 nec
2790 3370 2859 3426 ab
2879 3370 3074 3443 angelo
3102 3370 3147 3426 si
3173 3352 3410 3440 dicatur,
3435 3369 3650 3425 libenter
3668 3361 3813 3420 admit—
