4008 6188
278 201 385 262 889

910 199 1458 261 COMMEATARIUS
1496 199 1561 257 IN
1602 196 1993 257 EPISTOLAM
2034 198 2080 255 ll
2117 200 2211 258 AD
2248 200 2675 262 TlilOTllEUif.
2717 205 2873 262 CAP.
2914 206 2977 263 ll.

3474 211 3583 271 890

349 320 417 378 Ut
448 318 717 380 resuscites
760 320 985 397 gratiam
1037 318 1157 375 Dei.
1205 316 1373 388 Quasi
1425 314 1868 374 tribulationibus
1895 313 1949 374 A
1975 322 2118 371 ctum
2143 317 2545 387 commendavi,
2570 318 2840 390 adjutorio
2862 320 2980 390 eius
3017 321 3320 394 depositum
3343 326 3579 383 custodi.

272 414 687 471 dormitantem.

349 510 477 576 Qua:
501 510 650 565 estin
678 516 726 563 te
763 525 854 580 per
890 505 1271 577 impositionem
1315 518 1561 559 manuum
1612 518 1865 559 mearum.

268 601 352 659 Ad
380 603 753 675 episc0patum
777 601 1007 658 scilicet.

2048 410 2165 467 Scis
2187 411 2323 466 enim
2345 411 2463 478 hoc,
2486 414 2624 483 quod
2655 415 2819 468 aversi
2845 426 2963 469 sunt
3007 433 3037 469 a
3076 434 3155 471 me
3198 435 3371 474 omnes
3405 419 3495 492 qui
3524 421 3579 477 in

1972 506 2099 560 Asia
2126 516 2243 561 sunt
2274 522 2291 561 :
2318 523 2381 561 ex
2406 508 2590 578 quibus
2620 517 2693 563 est
2741 508 3009 580 Phygelus
3039 553 3054 579 ,
3103 523 3151 567 et
3199 514 3577 589 Hermogenes.

1972 600 2183 657 Idcirco
2205 610 2258 657 te
2290 617 2636 674 commoneo,
2661 604 2783 675 quia
2816 620 2953 676 quos
2985 621 3092 663 non
3136 609 3393 680 putabam
3422 656 3437 681 ,
3487 628 3576 670 me

343 694 468 750 Non
489 697 625 750 enim
654 694 797 748 dedit
826 693 973 748 nobis
1010 691 1150 747 Deus
1190 691 1434 761 spiritum
1478 690 1681 746 timoris
1711 732 1728 761 ,
1777 690 1869 746 sed
1970 692 2400 766 dereliquerunt.

266 788 494 844 virtutis.
534 786 935 843 Contemnendi
990 800 1201 857 pinnas.
1250 784 1333 839 llli
1382 784 1579 839 merito
1628 784 1862 839 humana

2040 784 2141 841 Det
2189 787 2605 843 misericordiam
2658 788 2916 845 Dominus
2976 789 3289 862 Onesiphori
3333 794 3512 849 domus
3554 808 3576 852 .‘

266 883 531 956 supplicia
562 881 812 938 videntur
829 879 1122 936 formidare
1146 878 1238 951 qui
1285 883 1515 950 peccant
1561 891 1577 932 :
1629 887 1689 934 ιιι
1732 878 1865 935 alibi
1966 882 2089 947 quia
2110 900 2245 954 saepe
2270 900 2349 939 me
2374 885 2736 956 refrigeravit,
2764 895 2810 939 et
2848 894 3084 941 catenam
3116 905 3281 943 meam
3316 907 3417 945 non
3457 908 3576 947 eru-

266 977 399 1032 dicit
436 995 447 1029 :
491 975 550 1032 Si
578 984 759 1030 autem
789 972 1151 1043 malefeceris,
1184 972 1339 1029 time.

337 1066 408 1122 Et
433 1067 748 1131 dilectionis,
772 1076 819 1120 et
846 1065 1157 1121 sobrietatis.
1194 1062 1322 1120 Sive
1360 1078 1462 1136 pro
1487 1078 1554 1119 eo
1588 1062 1855 1127 Domino,

264 1159 381 1216 sive
423 1174 524 1230 pro
553 1159 836 1215 alterutro.
895 1157 1155 1213 Libenter
1191 1156 1356 1213 etiam
1409 1154 1745 1219 moriamur,
1800 1162 1861 1210 ut

263 1254 448 1309 omnia
473 1253 659 1309 sobria
692 1259 879 1307 mente
920 1250 1209 1305 faciamus.

335 1345 467 1400 Noli
488 1346 657 1415 itaque
676 1344 971 1399 erubescere
1000 1339 1345 1395 testimonium
1394 1337 1606 1393 Domini
1644 1338 1856 1394 nostri:

262 1458 425 1512 neque
445 1456 525 1495 me
553 1441 781 1494 vinctum
808 1442 945 1511 ejus.
968 1435 1103 1503 Quia
1130 1434 1269 1491 nihil
1289 1434 1612 1491 confusione
1634 1434 1856 1506 dignum

262 1531 513 1588 Christus
540 1529 786 1587 exercuit
817 1546 832 1585 :
858 1529 954 1584 sed
979 1542 1083 1583 nec
1111 1541 1232 1599 ego,
1258 1540 1420 1597 quem
1454 1526 1620 1591 nosti,
1663 1526 1733 1583 ob
1755 1525 1855 1581 ali-

260 1626 403 1693 quod
431 1624 663 1690 crimen,
685 1621 781 1679 sed
805 1629 1032 1693 propter
1060 1621 1228 1677 Deum
1256 1618 1372 1675 hare
1400 1621 1583 1674 omnia
1609 1634 1727 1690 qua:
1755 1634 1855 1692 pa-

260 1718 389 1786 tior,
418 1717 686 1773 sustineo.

330 1809 439 1865 Sed
461 1808 726 1864 collabora
750 1805 1059 1879 Evangelia.
1088 1804 1202 1862 Tua
1241 1804 1660 1862 conversatione
1684 1844 1699 1873 ,
1740 1804 1856 1863 sive

253 1900 527 1957 doctrina.

328 1993 635 2047 Secundum
664 1992 907 2047 virtutem
928 1990 1046 2048 Dei.
1087 1990 1221 2061 Qua:
1268 2005 1371 2048 sua
1419 2004 1583 2048 causa
1636 1989 1857 2063 adjuvat

262 2084 598 2142 laborantes.

334 2179 435 2248 Qui
462 2195 557 2234 nos
584 2176 841 2247 liberavit,
863 2186 912 2233 et
949 2178 1147 2234 vocavit
1188 2178 1455 2236 vocatione
1500 2194 1601 2234 sua
1648 2188 1849 2235 sancta.

255 2271 483 2328 Scilicet
510 2286 539 2326 a
572 2271 835 2343 peccatis.

328 2363 454 2419 Non
481 2363 763 2419 secundum
792 2380 951 2435 apera
981 2373 1190 2435 nostra,
1232 2365 1325 2419 sed
1345 2366 1627 2421 secundum
1666 2381 1854 2437 propo-

254 2460 410 2515 situm
438 2476 611 2527 suum,
642 2468 691 2514 et
712 2460 955 2531 gratiam,
982 2476 1101 2532 qua:
1119 2460 1244 2515 data
1263 2469 1341 2515 est
1372 2461 1517 2515 nobis
1552 2460 1606 2514 in
1645 2458 1853 2515 Christo

252 2551 539 2622 Jesu.Quo
572 2555 853 2625 proposuit
875 2568 977 2609 nos
1006 2554 1176 2623 gratis
1204 2555 1418 2610 salvare
1435 2571 1531 2625 per
1548 2554 1847 2610 Christum.

325 2648 459 2704 Ante
485 2657 717 2720 tempora
736 2648 1029 2704 sweulana.
1058 2648 1329 2717 Quantum
1357 2648 1426 2704 ad
1454 2650 1851 2719 prtescientiam

252 2740 371 2808 Dei,
405 2753 529 2799 ante
556 2742 752 2797 smcula
774 2742 886 2812 jam
913 2742 1157 2798 donavit.
1204 2742 1340 2799 Nam
1386 2744 1636 2800 homines
1674 2746 1853 2804 solent

253 2834 383 2889 liliis
411 2850 603 2905 parare
634 2834 860 2906 prmdia,
891 2835 1205 2906 priusquam
1234 2843 1553 2891 nascantur.

325 2928 668 3000 Manifestata
698 2939 775 2985 est
804 2938 978 2985 autem
1007 2946 1169 2986 nunc.
1200 2930 1331 2999 Quae
1352 2941 1485 2988 ante
1515 2931 1739 2989 latebat.

322 3024 427 3081 Per
446 3026 884 3083 illuminationem
915 3026 1208 3083 Saluatoris
1242 3027 1410 3084 nostri
1452 3025 1580 3084 Iesu
1628 3018 1847 3087 Christi.

248 3116 444 3174 Verbis
463 3118 671 3175 scilicet
690 3128 744 3176 et
765 3120 1052 3189 exemplis.

322 3208 426 3277 Qui
446 3209 699 3265 destruxit
724 3211 929 3281 quidem
947 3218 1164 3266 mortem
1185 3227 1206 3268 :
1229 3211 1545 3269 illuminavit
1563 3225 1740 3270 autem
1769 3216 1845 3271 vi-

242 3311 349 3359 tam
370 3312 418 3358 et
444 3304 911 3373 incorruptionem.
970 3305 1229 3361 Doctrina
1266 3321 1405 3376 sua,
1453 3316 1506 3363 et
1553 3322 1846 3365 conversa-

240 3395 390 3451 tione
414 3394 687 3452 destruxit
710 3404 956 3467 peccata,
993 3412 1115 3469 quae
1144 3405 1377 3454 mortem
1409 3398 1645 3455 hominis
1679 3416 1842 3472 gene-

242 3488 439 3544 rabant
477 3507 489 3543 :
522 3498 579 3545 et
605 3488 844 3545 ostendit
874 3492 1150 3562 quomodo
1175 3491 1286 3548 vita
1319 3532 1336 3560 ,
1394 3500 1451 3549 et
1497 3492 1839 3567 incorruptio

238 3590 538 3652 quaeratur.

310 3674 417 3731 Per
429 3673 1059 3748 Evangelinm.Volentes
1072 3679 1279 3748 docuit,
1296 3695 1405 3736 non
1416 3680 1593 3753 coegit
1611 3682 1833 3741 invitos.

308 3766 377 3821 In
404 3784 506 3837 quo
531 3770 731 3840 positus
752 3786 869 3825 sum
890 3786 982 3841 ego
1006 3772 1341 3842 pradicator,
1375 3782 1426 3827 ct
1450 3774 1716 3845 apostolus
1737 3819 1753 3844 ,
1786 3787 1837 3832 et

232 3862 480 3934 magister
503 3863 758 3935 gentium.
788 3862 871 3918 Ad
910 3864 1376 3934 comparationem
1424 3866 1654 3923 aliorum
1698 3884 1832 3939 pos-

230 3964 361 4013 sunt
382 3957 490 4016 dici
517 3957 783 4029 magistri.
805 3956 886 4013 Ad
909 3959 1377 4030 comparationem
1401 3977 1561 4018 nemo
1574 3963 1834 4035 magister

230 4064 418 4106 νοτυς.

303 4140 383 4197 0b
409 4157 567 4212 quam
595 4158 808 4197 causam
838 4144 995 4198 etiam
1016 4142 1130 4199 htec
1152 4145 1342 4216 patior.
1368 4145 1486 4202 Non
1509 4147 1582 4203 ob
1609 4147 1828 4220 aliquod

226 4235 467 4304 crimen,
489 4234 649 4290 sicuti
677 4250 777 4291 nos
789 4236 898 4307 pati
923 4237 1118 4293 Petrus
1147 4238 1395 4295 hortatur
1420 4238 1611 4295 dicens
1629 4256 1642 4295 :
1659 4240 1828 4297 Nemo

225 4336 475 4383 vestrum
525 4327 764 4398 patiatur
811 4330 966 4400 quasi
1020 4328 1284 4387 homicida
1341 4347 1357 4394 ;
1409 4329 1493 4388 sic
1530 4340 1713 4387 autem
1768 4342 1828 4389 ut

224 4417 604 4488 Christianus,
637 4434 744 4475 non
771 4420 1078 4477 erubescat.

1964 973 2094 1033 buit.
2123 974 2406 1047 Vituperat
2432 976 2748 1034 desertores
2773 1018 2786 1043 ,
2834 986 2890 1034 et
2920 979 3108 1036 laudat
3151 996 3571 1052 permanentes:

1964 1074 2024 1122 ut
2051 1066 2423 1125 deterreatab
2452 1070 2756 1128 imitatione
2784 1071 2973 1140 mala,
3034 1081 3089 1130 et
3139 1072 3207 1129 ad
3262 1074 3572 1146 exemplum

1968 1167 2235 1230 provocet
2257 1159 2517 1216 bonumJ
2600 1154 2601 1157 “

2035 1249 2146 1306 Sed
2181 1268 2299 1305 cum
2328 1252 2550 1307 Romam
2581 1256 2831 1321 venisset,
2855 1256 3078 1313 sollicite
3118 1272 3199 1313 me
3226 1262 3459 1329 qumsivit
3480 1307 3494 1331 ,
3524 1270 3572 1317 et

1960 1344 2175 1399 invenit.
2199 1344 2301 1399 Det
2326 1346 2407 1400 illi
2439 1346 2694 1403 Dominus
2723 1349 3377 1406 inveniremisericordiam
3405 1370 3436 1406 a
3458 1354 3571 1408 Do-

1961 1436 2102 1490 mino
2125 1437 2182 1492 in
2210 1436 2305 1491 illa
2333 1438 2440 1494 die.
2476 1438 2547 1493 Et
2579 1449 2777 1510 quanta
2818 1438 3015 1513 Ephesi
3053 1443 3363 1497 ministravit
3410 1446 3569 1512 mihi,

1960 1536 2018 1581 tu
2050 1528 2237 1583 melius
2269 1530 2426 1584 nosti.
2451 1530 2663 1586 idcirco
2694 1533 2923 1601 invenit,
2958 1536 3083 1603 quia
3113 1534 3343 1591 sollicite
3370 1537 3569 1607 quarsi-

1960 1619 2037 1673 vit
2063 1636 2074 1672 :
2108 1620 2253 1676 unde
2280 1630 2336 1677 et
2361 1624 2689 1694 ostenditur,
2720 1626 2846 1697 quia
2864 1625 3067 1682 idcirco
3088 1642 3194 1683 non
3219 1644 3408 1687 omnes
3422 1645 3573 1703 quae.

1885 1710 1937 1771 B
1962 1722 2148 1769 rentes
2177 1713 2482 1785 inveniunt,
2512 1718 2641 1789 quia
2669 1719 3007 1789 negligenter
3035 1721 3336 1791 inquirunt.

2595 1808 2825 1868 CAPUT
2870 1811 2932 1865 ll.

2032 1897 2115 1953 Tu
2139 1915 2282 1971 ergo,
2314 1899 2397 1970 ﬁli
2424 1901 2515 1969 mi,
2545 1907 2843 1975 con/artare
2871 1904 2925 1958 in
2964 1905 3137 1975 gratia
3167 1946 3183 1974 ,
3230 1923 3347 1976 qua:
3391 1920 3468 1966 est
3514 1912 3569 1968 in

1959 1992 2166 2049 Christo
2189 1992 2315 2049 Jesu
2342 2012 2361 2051 :
2391 2004 2438 2051 et
2460 2012 2577 2068 qua:
2599 1998 2792 2053 audisti
2834 2014 2867 2052 a
2918 2014 2997 2054 me
3033 2016 3124 2071 per
3169 2001 3362 2057 multos
3392 2013 3563 2061 testes.

1960 2084 2091 2141 Sive
2115 2088 2484 2158 prmsentibus
2515 2090 2726 2159 multis,
2755 2090 2850 2145 tibi
2869 2090 2995 2147 dedi
3025 2092 3303 2159 mandata,
3327 2096 3566 2167 qualiter

1956 2176 2156 2236 docere
2182 2179 2382 2236 debeas
2412 2198 2426 2236 :
2458 2182 2573 2237 sive
2610 2196 2731 2253 quae
2756 2181 2903 2250 dixi,
2936 2184 3123 2241 multis
3164 2184 3563 2257 Prophetarum

1956 2272 2241 2342 exemplis,
2272 2281 2328 2327 et
2360 2274 2691 2332 testimoniis
2714 2276 3056 2330 conﬁrmavi.

2032 2366 2159 2422 Hazc
2181 2370 2489 2423 commenda
2517 2368 2759 2438 ﬁdelibus
2814 2369 3131 2425 hominibus.
3176 2370 3279 2440 Qui
3328 2371 3563 2430 ﬁdeliter

1957 2469 2185 2529 possunt
2214 2462 2444 2531 gratiam
2474 2462 2569 2518 Dei
2602 2461 2923 2533 dispensare
2949 2478 2963 2515 :
2997 2463 3100 2519 hoc
3130 2472 3234 2532 est,
3261 2464 3432 2521 solius
3461 2465 3559 2523 Dei

1956 2566 2119 2607 causa
2152 2552 2480 2621 prtedicare.

2029 2644 2133 2712 Qui
2154 2646 2324 2699 idonei
2349 2655 2497 2700 erunt
2519 2654 2565 2699 et
2590 2644 2725 2699 alios
2750 2644 2954 2702 docere.
2984 2645 3103 2704 Non
3138 2648 3315 2703 solum
3349 2648 3453 2721 ipsi
3479 2649 3558 2707 fa-

1955 2751 2103 2807 cere,
2129 2738 2223 2793 sed
2249 2747 2304 2793 et
2334 2740 2471 2794 alios
2496 2738 2735 2795 erudire.

2027 2831 2231 2887 Labora
2259 2834 2394 2888 sicut
2426 2835 2587 2888 bonus
2609 2834 2756 2887 miles
2775 2831 2970 2888 Christi
2994 2833 3141 2890 Jestt.
3176 2833 3305 2892 Ideo
3347 2834 3552 2893 milites

1954 2924 2205 2995 dicimur,
2228 2928 2353 2998 quia
2385 2927 2572 2983 hostes
2598 2925 3091 2994 habemus,contra
3117 2944 3252 3000 quos
3274 2929 3551 2988 laboriose

1954 3015 2219 3073 debemus
2248 3018 2533 3076 dimicare.

1870 3104 1919 3170 C
2023 3112 2195 3168 Nemo
2225 3114 2459 3170 militans
2489 3115 2632 3183 Deo,
2665 3115 2903 3188 implicat
2935 3132 2991 3173 se
3030 3117 3248 3189 negotiis
3284 3122 3555 3177 surculari-

1949 3206 2063 3276 bus,
2084 3216 2140 3261 ut
2169 3207 2377 3280 placeat
2404 3211 2450 3264 ei
2480 3211 2563 3264 cui
2589 3226 2645 3266 se
2670 3211 2925 3283 probavit.
2957 3208 3378 3282 Comparatione
3405 3216 3554 3272 mili-

1945 3299 2175 3354 tanlium
2206 3301 2397 3365 utitur,
2433 3312 2489 3357 ut
2518 3303 2771 3359 ostendat
2798 3302 2967 3359 multo
2990 3304 3162 3374 magis
3191 3320 3292 3360 nos
3321 3321 3352 3361 a
3380 3322 3551 3380 nego-

1946 3392 2037 3447 tiis
2063 3394 2419 3449 saecularibus
2449 3395 2651 3451 liberos
2680 3410 2803 3450 esse
2836 3395 3060 3463 debere,
3093 3406 3154 3452 ut
3183 3398 3408 3456 Christo
3436 3401 3551 3471 pla-

1941 3497 2164 3540 ceamus
2197 3503 2208 3537 :
2240 3502 2361 3539 cum
2384 3488 2551 3542 etiam
2575 3488 2759 3541 saeculi
2793 3485 2993 3543 milites
3026 3502 3055 3543 a
3080 3489 3307 3563 reliquis
3328 3492 3543 3550 actibus

1941 3587 2156 3639 vacent.
2192 3588 2249 3633 ut
2276 3580 2487 3650 possint
2514 3580 2831 3650 imperatori
2862 3595 2963 3637 suo
3007 3583 3229 3653 placere
3272 3584 3534 3655 perfecte.

2014 3671 2155 3725 Nam
2181 3682 2227 3726 et
2251 3674 2341 3742 qui
2371 3683 2532 3728 certat
2554 3676 2606 3729 in
2631 3692 2817 3748 agone,
2844 3670 2947 3731 rion
2971 3678 3308 3734 coronabitur
3339 3681 3440 3735 nisi
3470 3682 3547 3737 le-

1937 3763 2113 3835 gitime
2142 3767 2430 3820 certaverit.
2468 3766 2587 3821 Alia
2628 3769 3037 3836 comparatione
3083 3769 3136 3826 id
3185 3772 3359 3843 ipsum
3387 3772 3541 3831 dicit.

1936 3855 2087 3912 Multi
2119 3858 2262 3913 enim
2294 3868 2507 3915 certant
2538 3875 2552 3913 :
2580 3859 2676 3917 sed
2709 3861 2797 3917 ille
2833 3862 3011 3930 solus,
3039 3864 3132 3936 qui
3186 3875 3291 3922 tota
3342 3868 3542 3926 virtute

1933 3950 2148 4020 vicerit,
2173 3962 2485 4010 coronatur.

2006 4045 2352 4103 Laboranlem
2374 4050 2658 4120 agricolam
2690 4061 2891 4122 oportet
2920 4053 3146 4122 primum
3187 4057 3251 4109 de
3284 4056 3539 4125 fructibus

1931 4141 2184 4211 accipere.
2214 4142 2291 4198 Ne
2322 4141 2545 4208 diceret,
2582 4142 2737 4200 Unde
2767 4161 2897 4216 ergo
2918 4146 3162 4202 victurus
3188 4162 3339 4215 sum,
3372 4148 3417 4203 si
3445 4164 3536 4207 me

1931 4242 2102 4290 totum
2137 4250 2477 4305 occupavero
2505 4236 2556 4290 in
2581 4235 2862 4291 doctrina?
2905 4238 3138 4294 ostendit
3170 4254 3293 4294 eum
3344 4241 3533 4309 primi-

1932 4326 2036 4382 tias
2063 4327 2335 4383 fructuum
2364 4343 2394 4382 a
2429 4328 2630 4399 populo
2653 4329 2853 4386 debere
2877 4331 3148 4401 accipere,
3174 4340 3372 4399 praeter
3384 4348 3531 4390 mer-

1926 4419 2138 4489 cedem,
2166 4435 2328 4492 quam
2356 4435 2386 4475 a
2409 4420 2640 4477 Domino
2669 4423 2897 4491 accipiet
2924 4423 2975 4477 in
3006 4422 3203 4479 futuro.

300 4512 407 4568 Sed
433 4529 536 4568 non
567 4514 882 4584 confundor.
917 4514 1017 4571 Hic
1046 4530 1155 4571 non
1181 4515 1455 4573 erubescit
1484 4518 1539 4574 in
1574 4521 1819 4592 catenis,
1850 4487 1905 4548 Β
2000 4514 2245 4587 Intellige
2263 4531 2378 4587 quia
2398 4516 2534 4571 dico.
2563 4515 2719 4571 Dabit
2740 4518 2875 4570 enim
2899 4516 2993 4569 tibi
3014 4514 3268 4571 Dominus
3315 4518 3369 4573 in
3413 4537 3529 4576 om-

223 4620 349 4661 cum
379 4621 481 4661 nos
512 4606 567 4662 in
597 4607 731 4664 solis
762 4609 1070 4679 opprobriis
1098 4610 1513 4668 confundamur.

299 4697 423 4755 Scio
442 4698 580 4753 enim
601 4699 685 4753 cui
707 4700 926 4767 credidi,
958 4709 1005 4754 et
1029 4710 1198 4756 certus
1222 4719 1359 4771 sum,
1383 4704 1507 4775 quia
1529 4714 1710 4776 potens
1722 4714 1819 4761 est.

223 4789 353 4848 Scio
370 4791 515 4847 enim
545 4809 668 4848 eum
699 4792 910 4849 ﬁdelem
941 4802 994 4849 et
1022 4802 1329 4866 potentem.

297 4882 596 4957 Depositum
617 4902 788 4941 meum
805 4903 1006 4942 servare
1040 4887 1094 4941 in
1125 4887 1275 4942 illum
1317 4890 1470 4947 diem.
1525 4891 1683 4962 Apud
1732 4909 1820 4950 me

216 4974 368 5048 ipse,
401 4977 544 5048 quod
576 4978 869 5049 deposuit,
923 4980 1271 5036 conservabit
1320 4997 1336 5037 :
1384 4983 1501 5039 sive
1539 4986 1684 5057 quod
1716 5000 1815 5058 ego

215 5067 361 5143 apud
394 5069 545 5125 illum
573 5070 921 5138 commendo,
953 5071 1201 5129 restituet
1230 5072 1287 5129 in
1315 5073 1519 5133 futuro.
1633 5147 1636 5150 ἢ

293 5160 545 5218 Formam
565 5164 693 5221 habe
717 5182 965 5221 sanorum
993 5167 1286 5236 verborum,
1316 5186 1433 5241 qua:
1459 5188 1491 5223 a
1516 5188 1596 5226 me
1622 5174 1817 5228 audisti

210 5255 267 5309 iu
297 5254 444 5324 ﬁdei,
475 5264 524 5311 et
553 5256 603 5309 in
645 5256 921 5314 dilectione
968 5260 1021 5313 in
1055 5257 1263 5315 Christo
1306 5259 1455 5317 Jesu.
1504 5262 1811 5321 Secundum

217 5362 401 5402 meam
428 5346 658 5404 formam
679 5349 803 5407 vide
823 5358 879 5407 ct
901 5350 1058 5418 doce,
1086 5368 1246 5425 quam
1269 5370 1299 5410 a
1332 5370 1418 5412 me
1445 5354 1686 5413 breviter
1718 5373 1812 5416 ac-

212 5436 431 5509 cepisti,
457 5441 735 5511 quomodo
766 5442 977 5517 integre
1006 5445 1234 5505 credere
1284 5458 1339 5506 et
1378 5448 1699 5523 alterutrum
1731 5451 1814 5508 di-

205 5529 383 5602 ligere
410 5530 731 5591 debeamus.

275 5621 489 5679 Bonum
519 5627 813 5699 depositum
842 5634 1065 5702 custodi,
1098 5654 1187 5709 per
1238 5638 1499 5712 Spiritum
1539 5648 1806 5709 sanctum,

200 5716 301 5790 qui
328 5717 527 5776 habitat
554 5722 607 5777 in
634 5726 801 5780 nobis.
826 5726 979 5796 Quod
1010 5731 1151 5803 apud
1184 5740 1234 5791 te
1264 5748 1361 5806 per
1385 5732 1647 5807 Spiritum
1676 5749 1803 5791 san-

1928 4608 2083 4663 nibus
2107 4608 2451 4664 intellectum.
2479 4610 2681 4665 Eorum
2707 4624 2827 4682 quae
2860 4617 3081 4679 promer
3101 4618 3407 4681 quaerentes
3436 4628 3531 4669 oc-

1926 4702 2237 4770 casionem,
2278 4701 2705 4772 comparationis
2748 4701 3021 4757 velamine
3073 4702 3292 4759 fuerant
3345 4705 3530 4762 obum-

1922 4795 2099 4852 brata.
3024 4868 3029 4873 η

1996 4890 2196 4946 Memor
2224 4900 2329 4946 esto
2352 4888 2635 4945 Dominum
2662 4890 2842 4947 Jesum
2870 4889 3136 4946 Christum
3180 4895 3526 4951 resurrea'isse

1923 5003 1955 5041 a
1975 4987 2213 5055 mortuis,
2244 5000 2310 5039 ea:
2335 4985 2529 5039 semine
2558 4984 2749 5038 David.
2785 4984 2898 5039 Hoc
2922 4994 3110 5039 contra
3143 4985 3263 5040 illos
3290 4988 3380 5058 qui
3410 5004 3526 5045 car-

1924 5078 2007 5133 nis
2035 5075 2491 5132 resurrectionem
2514 5084 2728 5148 negant,
2754 5086 3156 5148 consequenter
3176 5080 3338 5135 etiam
3367 5079 3526 5136 Chri-

1922 5171 1990 5226 sti
2022 5170 2319 5241 negabant;
2344 5168 2438 5223 sed
2469 5177 2525 5224 et
2555 5168 2817 5224 adversus
2838 5168 2982 5235 illos,
3008 5170 3101 5243 qui
3134 5179 3335 5243 negant
3363 5172 3522 5228 Chri-

1922 5272 2064 5320 stum
2093 5263 2146 5318 in
2177 5277 2343 5319 carne
2367 5261 2582 5318 venisse
2636 5278 2648 5315 :
2690 5277 2829 5332 quos
2880 5262 3119 5321 Joannes
3170 5264 3519 5321 antichristos

1921 5359 2178 5433 appellat.

1991 5452 2283 5509 Secundum
2312 5451 2653 5523 Evangelium
2683 5467 2869 5507 meum.
2903 5451 3214 5510 Secundum
3252 5452 3398 5525 quod
3429 5469 3515 5513 me

1916 5546 2214 5618 praedicare
2244 5561 2353 5603 non
2384 5547 2627 5602 nescitis.

1986 5642 2052 5695 In
2077 5658 2179 5713 quo
2200 5640 2376 5696 laboro
2400 5656 2557 5712 usque
2580 5641 2651 5697 ad
2682 5640 2892 5697 vincula
2916 5640 3068 5715 quasi
3106 5644 3241 5697 male
3270 5658 3513 5715 operatts.

1912 5733 2032 5792 Non
2056 5744 2236 5795 tamen
2265 5735 2421 5791 male.
