4008 6188
465 280 565 337 8Ίὶ

1494 280 1553 337 S.
1599 281 1983 339 HIERONYSII
2022 283 2311 344 OPERUM
2352 287 2724 347 llANTlSSA.

3660 295 3773 355 893

538 396 648 453 Sed
679 398 882 453 verbum
905 395 1001 451 Dei
1033 412 1132 450 non
1163 405 1236 449 est
1258 394 1557 466 alligatum.
1581 394 1717 463 Quia
1739 406 1793 451 et
1826 412 2065 466 praesen-
2091 403 2143 461 Α
2174 416 2280 456 non
2310 412 2437 456 sunt
2472 403 2707 471 seducti,
2740 402 2821 459 vel
2865 406 2995 460 moti
3027 422 3041 459 :
3074 414 3130 460 et
3172 404 3275 461 hoe
3305 406 3431 476 quia
3466 406 3561 463 Dei
3590 418 3781 467 essent

468 498 553 546 tes
586 490 906 547 ﬁducialiter
927 489 1128 557 doceo,
1156 498 1209 543 et
1235 488 1431 543 litteris
1451 489 1705 544 absentes
1734 490 2059 545 conﬁrmare

469 591 577 640 non
608 598 786 638 cesso.

541 679 674 733 Ideo
703 678 875 733 omnia
902 676 1132 731 sustineo
1165 684 1379 746 propter
1410 675 1620 730 electos.
1682 675 1806 730 ideo
1860 674 2062 729 tribuni

470 772 730 828 auxilium
765 769 953 841 petivi,
990 783 1052 823 ac
1079 781 1265 839 postea
1282 767 1554 823 Caesarem
1584 767 1947 839 appellavi,ut
1970 781 2065 837 per

472 882 559 922 me
585 864 1001 929 conﬁrmentur,
1027 878 1149 918 cum
1186 862 1282 917 has
1313 862 1593 931 passiones
1641 861 1911 933 potuerim
1953 875 2067 916 mo-

472 959 662 1016 riendo
696 959 875 1013 linire.

547 1051 614 1106 Ut
636 1062 683 1105 et
711 1052 811 1121 ipsi
839 1049 1058 1104 salutem
1084 1058 1496 1118 consequantur,
1528 1065 1643 1118 qua:
1678 1057 1750 1101 est
1782 1047 1837 1100 in
1861 1046 2069 1101 Christo

470 1143 595 1200 Iesu
624 1162 742 1198 cum
773 1145 941 1215 gloria
969 1144 1184 1198 caelesti.
1221 1142 1353 1211 Qua:
1384 1142 1531 1197 salus
1572 1141 1625 1195 in
1668 1140 1885 1195 Christo
1938 1150 2017 1194 est
2053 1180 2069 1207 ,

472 1254 581 1293 non
606 1238 771 1305 nuda,
800 1236 894 1292 sed
926 1236 1096 1308 gloria
1117 1236 1313 1291 vestita
1342 1253 1352 1287 :
1386 1250 1486 1289 nec
1512 1241 1729 1288 terrena
1754 1232 1947 1304 gloria,
1978 1232 2071 1289 sed

472 1330 701 1385 ctelesti.

548 1422 747 1477 Fidelis
776 1436 945 1477 sermo
972 1436 990 1475 :
1014 1436 1134 1475 nam
1161 1419 1206 1473 si
1229 1418 1530 1473 commortui
1561 1434 1739 1472 sumus
1766 1460 1781 1485 ,
1814 1427 1861 1471 et
1894 1419 2073 1473 couri-

473 1516 945 1572 vemus.\"critatis
968 1517 1177 1571 ratione
1208 1515 1492 1569 subnixus.
1540 1515 1594 1570 Si
1653 1516 1798 1570 enim
1852 1530 1882 1569 a
1933 1514 2079 1567 vitiis

474 1616 530 1663 et
556 1607 924 1676 voluptatibus
950 1622 1139 1662 sumus
1161 1606 1486 1661 commortui
1545 1606 1800 1674 Christo,
1832 1607 2081 1660 vivemus

478 1716 600 1755 cum
624 1699 737 1754 illo.
771 1698 1024 1770 Alioquin
1054 1698 1326 1769 quomodo
1351 1713 1576 1771 sperare
1608 1697 1907 1769 poterimus
1935 1698 2078 1753 hoc?

2166 492 2431 549 habentes
2459 496 2750 565 judicium,
2782 496 2925 551 sicut
2957 498 3124 568 Moysi
3160 506 3403 568 tempore
3436 498 3557 565 fuit,
3582 499 3637 555 in
3666 516 3777 572 quo

2164 586 2375 641 Datban
2402 597 2456 642 et
2488 589 2689 643 Abiron
2721 589 2969 645 subversi
3000 600 3124 644 sunt
3152 608 3165 646 :
3197 607 3305 646 non
3334 592 3494 645 simul
3517 607 3642 648 cum
3674 593 3779 649 im-

2168 681 2270 750 piis
2311 682 2612 750 perierunt,
2652 683 2763 738 Deo
2800 683 2921 738 illos
2951 698 3072 739 esse
3102 685 3339 754 Optimos
3385 696 3774 759 cognoscente,

2167 786 2224 830 ut
2256 775 2306 830 in
2341 776 2558 832 Numeri
2590 778 2851 846 scriptum
2884 788 2969 834 est
2999 779 3162 833 libro.

2241 867 2488 937 Coyuorit
2522 868 2778 924 Dominus
2802 870 2888 939 qui
2909 882 3029 924 sunt
3058 873 3171 943 ejus
3206 887 3224 924 :
3253 882 3299 926 et
3325 871 3554 926 discedet
3582 871 3645 925 ab
3677 871 3778 926 iui-

2169 962 2363 1032 quitate
2394 964 2556 1015 omnis
2585 965 2674 1033 qui
2708 963 2910 1018 invocat
2941 980 3127 1020 nomen
3170 964 3399 1020 Domini.
3436 963 3507 1021 Ut
3537 963 3669 1021 Sion
3699 966 3777 1020 si-

2175 1055 2284 1109 mul
2313 1062 2499 1125 pereat
2528 1070 2651 1110 cum
2681 1056 2904 1128 iniquis.

2248 1145 2312 1201 In
2344 1165 2533 1219 magna
2563 1159 2733 1202 autem
2760 1150 2930 1205 domo.
2966 1149 3213 1220 Magnam
3241 1150 3489 1218 domum,
3537 1165 3650 1208 non
3678 1150 3780 1208 Ec-

2174 1239 2399 1295 clcsiam
2421 1241 2571 1305 dicit,
2609 1250 2666 1295 ut
2689 1242 2909 1312 quidam
2934 1251 3148 1314 putant,
3176 1260 3299 1316 qua:
3330 1261 3439 1302 non
3471 1245 3638 1302 habet
3669 1263 3781 1302 ma-

2177 1332 2353 1387 culam
2401 1348 2575 1403 neque
2615 1349 2825 1404 rugam,
2864 1335 2959 1391 sed
2999 1337 3281 1392 mundum.
3326 1337 3482 1395 Unde
3524 1339 3599 1394 ait
3626 1338 3779 1396 lere-

2181 1425 2316 1478 mias
2350 1443 2361 1479 :
2396 1425 2441 1480 0
2472 1426 2669 1493 lsrael,
2696 1443 2856 1497 qnam
2898 1444 3094 1500 magna
3124 1429 3423 1493 estdomus
3451 1432 3698 1488 Domini!
3726 1441 3782 1489 et

2180 1527 2398 1574 eastern.
2431 1519 2486 1573 In
2518 1536 2635 1589 qua:
2663 1530 2789 1576 sunt
2820 1521 3029 1577 zizania
3062 1523 3229 1576 mixta
3258 1540 3381 1579 eum
3410 1524 3780 1584 tritieomam

2184 1613 2638 1671 resurrectionem
2670 1625 2953 1687 negantes,
2987 1616 3045 1672 in
3078 1616 3321 1674 Ecclesia
3354 1632 3478 1675 esse
3504 1631 3617 1674 non
3652 1633 3779 1690 pos-

2184 1714 2331 1759 sunt.

556 1802 615 1856 Si
639 1801 969 1863 sustinemus,
1002 1810 1049 1854 et
1080 1801 1529 1871 conregnabimus.
1566 1800 1625 1855 Si
1653 1801 2073 1855 sustinuerimus
2108 1787 2153 1846 Β
2254 1798 2375 1854 Non
2407 1800 2575 1855 solum
2596 1810 2715 1856 sunt
2744 1817 2868 1857 rasa
2894 1816 3053 1856 aurea
3078 1810 3126 1857 et
3151 1811 3418 1875 argentea.
3451 1803 3695 1863 Pretiostt
3726 1814 3781 1861 et

479 1910 600 1951 cum
634 1908 857 1950 necesse
888 1894 1073 1961 fuerit,
1103 1894 1246 1964 quod
1275 1894 1364 1948 ille
1392 1892 1670 1959 sustinuit,
1703 1900 1832 1947 tunc
1856 1892 2072 1949 demum

481 2003 710 2059 regnare
742 1987 1039 2056 poterimus
1064 1985 1249 2041 simul.
1318 2016 1335 2023 ι

553 2080 614 2137 Si
641 2080 1018 2153 negaverimus,
1035 2088 1081 2133 et
1101 2079 1192 2134 ille
1218 2079 1421 2151 negabit
1444 2095 1537 2133 nos
1563 2094 1581 2132 :
1606 2078 1651 2133 si
1669 2093 1771 2133 non
1795 2078 2075 2145 credimur,

479 2174 567 2229 ille
597 2173 767 2245 fidelis
794 2186 1055 2244 permanet
1082 2190 1099 2227 :
1128 2190 1315 2243 negare
1341 2174 1567 2244 seipsum
1589 2188 1691 2225 non
1722 2181 1904 2245 potest.
1952 2171 2081 2231 Sive

481 2268 795 2331 credamus,
825 2268 941 2323 sive
968 2282 1075 2322 non
1107 2267 1428 2323 credamus:
1460 2282 1568 2320 non
1598 2264 1746 2319 aliud
1777 2272 1954 2334 potest
1980 2278 2080 2318 cx-

484 2359 673 2417 hibere
693 2360 943 2432 singulis,
974 2375 1135 2432 quam
1168 2359 1435 2430 promisit.
1466 2358 1600 2427 Quia
1646 2357 1844 2413 veritas
1891 2366 2078 2415 contra

482 2468 542 2507 se
573 2466 679 2506 non
706 2450 887 2517 faciet,
918 2468 987 2508 ne
1008 2468 1067 2508 se
1095 2466 1294 2522 negare
1337 2450 1612 2507 videatur.

560 2542 683 2599 llwc
715 2545 1279 2615 commonetestiﬁeans
1302 2560 1478 2598 coram
1519 2540 1651 2597 Deo.
1684 2541 1795 2598 Sub
1826 2544 2081 2600 testiﬁca-

486 2638 631 2693 tione
650 2640 743 2695 Dei
767 2640 1104 2712 constringe.

556 2731 684 2786 Noli
708 2732 1015 2787 contendere
1036 2733 1234 2797 verbis;
1264 2731 1333 2784 ad
1364 2730 1496 2787 nihil
1522 2733 1659 2785 enim
1693 2732 1818 2786 utile
1844 2740 1945 2798 est,
1980 2733 2082 2787 nisi

482 2824 552 2876 ad
571 2823 952 2879 subversionem
979 2824 1325 2878 audientium.
1353 2824 1482 2880 Sine
1497 2822 1819 2879 testimoniis
1834 2822 2080 2893 Scriptu-

486 2929 670 2970 rarum
707 2914 1012 2986 ltujusmodi
1032 2914 1200 2970 etiam
1232 2916 1507 2973 contentio
1539 2930 1646 2971 non
1688 2914 1917 2970 :edilicat
1940 2958 1953 2982 ,
1986 2914 2081 2971 sed

489 3006 725 3062 destruit
750 3007 1031 3063 audientes
1080 3024 1092 3061 :
1130 3017 1322 3078 putant
1361 3010 1506 3065 enim
1539 3014 1723 3070 omnia
1752 3014 1999 3069 acumine
2028 3023 2085 3069 et

489 3102 792 3161 subtilitate
823 3102 1147 3159 subsistere.
1172 3102 1301 3160 Sive
1326 3119 1340 3158 :
1372 3104 1483 3159 noli
1504 3106 1691 3161 verbis
1714 3108 1959 3177 vincere,
1986 3106 2079 3163 sed

486 3194 663 3249 factis.

562 3288 796 3345 Sollicite
823 3301 994 3345 autem
1043 3307 1168 3346 cura
1201 3300 1247 3345 te
1284 3292 1453 3363 ipsum
1489 3293 1805 3365 probabilem
1850 3293 2086 3349 exhibere

493 3382 622 3438 Deo.
648 3381 789 3438 Ante
817 3384 1002 3439 omnia
1033 3384 1135 3439 hoc
1161 3383 1367 3452 labora,
1397 3394 1455 3440 ut
1488 3386 1649 3441 talem
1684 3396 1733 3440 te
1755 3386 1894 3454 apud
1919 3387 2086 3442 Deum

490 3473 767 3535 exhibeas.
803 3492 910 3547 quo
941 3477 1135 3530 merito
1160 3476 1337 3547 possit
1366 3478 1459 3532 tibi
1490 3478 1721 3548 populus
1742 3476 2030 3534 ohaudire.

568 3564 877 3637 Operarium
901 3568 1340 3639 inconfusibilem.
1373 3570 1447 3624 lla
1482 3571 1624 3636 vive,
1658 3586 1728 3627 ne
1758 3570 1900 3626 dicta
1934 3570 2089 3628 factis

493 3656 873 3713 deﬁcientibus
898 3659 1243 3716 erubescant.

565 3754 718 3810 Recte
739 3766 1043 3813 tractantem
1076 3761 1281 3815 verbum
1300 3764 1549 3820 veritatis.
1581 3763 1675 3821 ille
1708 3774 1854 3822 recte
1875 3775 2092 3836 tractat,

496 3846 584 3918 qui
608 3848 873 3917 exemplis
902 3864 996 3904 sua
1027 3852 1168 3906 dicta
1195 3856 1503 3910 conﬁrmat.
1526 3856 1914 3915 Ornamentum
1948 3862 2092 3917 enim

497 3941 640 4004 vitae,
673 3939 920 3995 doctrina
953 3959 965 3996 :
999 3942 1399 4001 ﬁrmamentum
1436 3950 1606 4017 verbi,
1632 3965 1788 4022 opus.

568 4031 805 4104 Profuna
836 4046 1010 4090 autem
1040 4046 1085 4090 et
1123 4038 1420 4111 vaniloquia
1453 4042 1643 4098 devita.
1689 4042 1917 4099 Multum
1961 4048 2098 4103 enim

496 4127 772 4198 proﬁciunt
813 4128 881 4181 ad
930 4128 1263 4202 impietatem.
1327 4133 1664 4205 lrreligiosas
1719 4136 2101 4199 haereticorum

493 4221 727 4289 fabulas,
756 4222 845 4294 qui
875 4232 1074 4293 negant
1100 4229 1578 4296 resurrectionem,
1611 4243 1705 4299 per
1736 4245 1891 4301 quas,
1919 4234 2104 4305 utique

489 4314 688 4384 judicis
721 4316 915 4371 timore
947 4317 1161 4373 sublato
1194 4359 1208 4385 ,
1239 4318 1304 4374 ad
1337 4335 1551 4377 omnem
1585 4323 1922 4393 impietatem
1953 4333 2008 4381 et
2035 4324 2103 4385 ad

497 4419 689 4465 cuncta
720 4410 949 4466 crimina
982 4412 1318 4482 pervenitur.

572 4502 754 4559 Sermo
784 4520 961 4559 eorum
992 4514 1045 4561 ut
1075 4522 1260 4562 cancer
1286 4508 1465 4581 serpit.
1502 4505 1710 4565 Cancer
1749 4511 1946 4567 dicitur
1981 4512 2102 4566 vul-

512 4609 642 4661 nus,
695 4596 840 4664 quod
883 4596 935 4652 in
986 4598 1242 4655 mamillis
1290 4602 1531 4659 nascitur
1585 4601 1906 4658 feminarum
1952 4622 1963 4656 :

503 4685 607 4741 nisi
648 4687 757 4743 cito
806 4690 1132 4746 subventum
1181 4690 1361 4758 fuerit,
1405 4708 1528 4749 eum
1564 4695 1714 4753 virus
1758 4695 1826 4751 ad
1861 4711 1954 4752 cor
1992 4710 2105 4752 ser-

506 4778 681 4848 pendo
708 4782 1034 4850 pervenerit,
1070 4785 1276 4839 nullum
1310 4787 1610 4843 remedium
1646 4796 1748 4845 ρει.
1790 4788 1866 4844 lta
1907 4798 1961 4845 et
1992 4789 2106 4844 ba:-

506 4873 799 4929 reticorum
832 4884 959 4931 sunt
998 4877 1211 4935 vitanda
1245 4879 1515 4952 colloquia
1544 4923 1558 4949 ,
1606 4897 1675 4941 ne
1706 4897 1804 4953 per
1847 4896 2005 4939 aures
2036 4882 2109 4939 ir-

508 4964 935 5024 remediabiliter
964 4968 1251 5027 vulnerent
1282 4982 1516 5029 mentes.

579 5066 666 5122 Ea:
690 5069 872 5139 quibus
898 5080 973 5127 est
1004 5071 1316 5144 Hymemeas
1345 5084 1392 5132 et
1421 5074 1659 5134 Philetas
1682 5119 1696 5146 ,
1721 5078 1809 5146 qui
1836 5095 1869 5133 a
1903 5078 2110 5135 veritate

507 5159 830 5217 exciderunt.
878 5162 1107 5222 Nomina
1146 5167 1345 5240 signat,
1380 5177 1440 5225 ut
1479 5172 1715 5240 noverit,
1741 5187 1877 5243 quos
1918 5171 2113 5228 debeat

512 5267 845 5322 praecavere.

581 5346 821 5402 Dicentes
847 5350 1269 5405 resurrectionem
1288 5353 1405 5423 jam
1436 5353 1650 5423 factam,
1681 5363 1727 5409 et
1755 5356 2113 5413 subuerterant

508 5442 851 5509 quorumdam
896 5442 1074 5513 ﬁdem.
1128 5444 1187 5499 In
1238 5445 1382 5514 ﬁliis,
1434 5448 1549 5506 sive
1586 5463 1709 5506 ossa
1752 5450 2013 5507 viviﬁcata
2058 5452 2109 5507 in

512 5531 799 5592 Ezechiele
842 5535 1079 5601 Israelis,
1138 5537 1636 5607 interpretabantur
1685 5542 1752 5598 de
1800 5544 2115 5615 captivitate

517 5626 769 5696 collecta,
803 5630 956 5699 quasi
989 5630 1380 5690 resurrexisse.

592 5714 696 5765 Sed
724 5718 928 5781 ﬁrmum
959 5720 1349 5789 fundamentum
1376 5725 1473 5780 Dei
1496 5737 1618 5796 stat,
1655 5728 1845 5785 habens
1876 5730 2116 5801 signacu-

518 5799 628 5855 lum
656 5802 776 5859 hoc.
809 5807 867 5866 la
890 5822 1124 5878 quorum
1145 5815 1311 5875 corde
1339 5816 1474 5878 ﬁdes
1494 5818 1699 5880 ChriSti
1722 5830 1840 5882 erat
1869 5799 2111 5894 fundata,

2182 1889 2359 1944 fortia.

2254 1981 2361 2037 Sed
2388 1992 2433 2035 et
2464 1984 2635 2053 lignea
2663 1992 2708 2039 et
2739 1985 2943 2053 ﬁctilia.
2973 1984 3213 2041 lulirma.

2256 2077 2322 2131 Et
2349 2080 2581 2149 qua’dam
2610 2083 2816 2150 quidem
2851 2083 2902 2135 in
2943 2081 3210 2149 honorem,
3242 2082 3485 2154 quadam
3520 2095 3692 2141 autem
3732 2086 3783 2139 in

2180 2172 2567 2226 contumeliam.
2605 2173 2666 2229 Si
2695 2174 2806 2242 quis
2836 2191 2956 2245 ergo
2985 2193 3038 2229 se
3064 2176 3408 2231 emendaverit
3438 2177 3501 2231 ab
3533 2178 3666 2245 istis,
3689 2180 3781 2235 erit

2182 2280 2270 2317 vas
2299 2264 2350 2317 in
2376 2263 2623 2333 honorem
2644 2266 3047 2335 sanctiﬁcatum,
3081 2277 3125 2320 et
3153 2269 3277 2321 utile
3299 2266 3524 2323 Domino
3552 2268 3619 2322 ad
3642 2286 3785 2324 cinae

2182 2372 2311 2425 apus
2344 2355 2533 2409 bonum
2562 2367 2825 2427 paratum.
2865 2357 2921 2414 Si
2946 2359 3067 2428 quis
3106 2374 3165 2414 se
3204 2374 3234 2414 a
3267 2359 3584 2416 doctoribus
3614 2361 3784 2417 luere-

2186 2449 2305 2503 ticis
2355 2448 2717 2517 mandaverit,
2771 2460 2824 2505 et
2872 2450 3169 2507 crediderit
3220 2452 3272 2507 in
3324 2454 3780 2511 resurrectionem

2184 2540 2440 2609 futuram,
2487 2541 2757 2611 judicium
2794 2544 2886 2599 Dei
2926 2560 3023 2616 per
3052 2560 3216 2603 omne
3265 2561 3403 2619 opus
3442 2547 3649 2605 bonum
3689 2550 3785 2604 im-

2186 2634 2333 2704 plere
2360 2635 2564 2691 studet.

2254 2727 2515 2783 Juvenilia
2545 2738 2713 2784 autem
2744 2731 3001 2786 desideria
3029 2736 3167 2804 fuge.
3198 2732 3333 2801 Quia
3366 2731 3422 2787 hi
3461 2748 3529 2788 ex
3560 2732 3784 2789 seniori-

2185 2822 2284 2878 hus
2305 2838 2425 2878 esse
2448 2838 2553 2879 non
2581 2836 2825 2894 possunt,
2857 2825 2900 2880 si
2925 2825 3043 2882 haec
3063 2835 3226 2898 agant
3252 2842 3374 2896 quae
3397 2826 3652 2898 gravitati
3681 2841 3785 2882 non

2187 2918 2521 2972 conveniunt
2558 2916 2905 2984 Christianae,
2935 2928 2993 2974 et
3022 2936 3049 2974 a
3074 2919 3365 2991 juvenibus
3398 2919 3712 2987 vincuntur,
3742 2919 3785 2973 si

2189 3010 2435 3065 habeant
2462 3008 2762 3067 levitatem.

2264 3102 2476 3159 Sectare
2500 3120 2615 3157 vero
2630 3105 2910 3174 justitiant,
2936 3104 3113 3174 ﬁdem,
3142 3120 3307 3176 spem,
3340 3104 3662 3161 charitatem.
3695 3105 3789 3163 Hic.

2111 3178 2155 3241 (ἶ
2191 3195 2352 3252 ﬁdem
2387 3196 2755 3268 integritatem
2789 3196 2942 3253 dicit.

2261 3287 2329 3343 Et
2360 3304 2557 3361 pacem.
2590 3289 2739 3344 Illam
2770 3305 2980 3361 pacem,
3012 3306 3136 3362 qua:
3163 3290 3413 3363 religioni
3443 3292 3694 3349 debetur.

2262 3378 2391 3433 Cum
2420 3380 2499 3434 Itis
2525 3381 2612 3452 qui
2634 3382 2874 3436 invocant
2901 3381 3179 3437 Dominum
3204 3382 3267 3438 de
3287 3385 3441 3440 corde
3463 3401 3615 3458 puro.
3642 3384 3789 3442 Beati

2193 3472 2395 3527 mundo
2438 3473 2607 3528 corde
2638 3492 2648 3526 :
2682 3475 2753 3530 de
2794 3475 2992 3546 quibus
3020 3475 3245 3543 dicitur,
3288 3477 3420 3549 quid
3458 3494 3545 3533 me
3590 3479 3791 3534 vocatis

2196 3566 2390 3630 Deum,
2418 3576 2472 3621 et
2502 3582 2606 3622 non
2640 3565 2821 3622 facitis
2851 3583 2970 3635 qua:
3000 3568 3163 3623 diCti?

2269 3661 2471 3716 Stultus
2507 3672 2679 3715 autem
2705 3671 2755 3715 et
2794 3663 2904 3716 sine
2934 3662 3209 3735 disciplina
3253 3663 3562 3733 qurestiones
3604 3663 3790 3731 devita,

2196 3755 2361 3809 sciens
2390 3796 2405 3821 ,
2438 3755 2562 3825 quia
2586 3762 2831 3827 generant
2864 3755 2996 3809 lites.
3032 3755 3227 3811 Stulta:
3252 3770 3443 3810 omnes
3474 3764 3530 3811 et
3556 3755 3675 3811 sine
3714 3755 3792 3810 di-

2199 3846 2428 3914 sciplina
2460 3846 2594 3916 legis
2622 3856 2745 3900 sunt
2778 3848 3132 3917 quaestiones.

2275 3938 2492 3993 Servum
2522 3949 2695 3991 autem
2724 3936 2939 3992 Domini
2970 3956 3071 3992 non
3103 3947 3298 4011 oportet
3329 3938 3557 4010 litigare.
3603 3938 3793 3995 Servus

2202 4041 2283 4089 est
2333 4033 2580 4099 Christi,
2631 4033 2721 4103 qui
2772 4048 2881 4087 non
2929 4031 3203 4099 clamavit,
3253 4047 3428 4103 neque
3479 4032 3790 4097 contendit,

2207 4140 2380 4195 neque
2410 4125 2615 4179 audivit
2637 4126 2923 4195 quisquam
2950 4140 3139 4182 vocem
3164 4125 3303 4196 ejus,
3337 4126 3634 4182 secundum
3657 4124 3789 4196 quod

2210 4216 2354 4286 Doeg
2388 4215 2649 4287 propheta
2675 4216 2944 4287 prardixit.

2280 4309 2386 4365 Sed
2419 4318 2742 4364 mansuetum
2774 4325 2879 4364 esse
2908 4308 2977 4362 ad
2996 4324 3192 4364 omnes.
3220 4307 3341 4366 Non
3364 4308 3542 4366 solum
3570 4307 3636 4364 ad
3665 4306 3794 4364 ami-

2208 4416 2324 4457 COS.

2286 4495 2589 4562 Docibilem,
2639 4497 2915 4565 patientem
2940 4537 2956 4566 ,
2996 4513 3114 4551 cum
3155 4495 3402 4551 modestia
3450 4494 3819 4565 corripientem‘

2013 4602 2101 4659 ε-ιιί
2137 4572 2185 4632 D
2210 4604 2294 4643 eos
2320 4588 2409 4659 qui
2446 4590 2689 4641 resistunt
2724 4588 2944 4641 veritati.
2978 4586 3180 4643 Omnes
3228 4600 3447 4656 semper
3477 4587 3674 4642 docere
3708 4599 3797 4654 pa-

2212 4682 2429 4751 tienter,
2466 4696 2571 4736 non
2599 4682 2652 4735 in
2678 4681 2884 4749 furore,
2915 4680 3009 4737 sed
3034 4695 3159 4736 eum
3191 4680 3475 4737 modestia.

2285 4783 2369 4839 Ne
2393 4782 2600 4850 quando
2622 4782 2708 4837 det
2732 4781 2841 4836 illis
2869 4781 3004 4837 Deus
3028 4781 3379 4855 paenitentiam
3405 4781 3473 4834 ad
3502 4796 3807 4853 cognoscen-

2213 4875 2333 4929 dam
2372 4874 2650 4940 veritatem,
2680 4883 2727 4928 et
2756 4874 3055 4945 resipiscam
3096 4891 3129 4927 a
3166 4873 3358 4927 diaboli
3384 4872 3606 4943 laqueis,
3647 4890 3678 4925 a
3710 4890 3805 4944 quo

2215 4967 2401 5039 captivi
2424 4975 2653 5021 tenentur
2685 4966 2753 5019 ad
2787 4966 2947 5038 ipsius
2980 4965 3313 5020 voluntatem.
3342 4962 3458 5019 Non
3492 4963 3561 5017 de
3591 4962 3688 5017 Dei
3714 4961 3810 5017 bo-

2221 5058 2389 5114 nitate
2436 5056 2670 5123 dubitat,
2706 5056 2800 5112 sed
2844 5057 2909 5112 de
2951 5056 3337 5125 accipientium
3380 5052 3662 5125 pravitate.
3712 5051 3812 5108 Det

2221 5152 2327 5208 illis
2354 5152 2495 5207 Deus
2524 5159 2862 5221 perpetuam,
2892 5152 3103 5215 mitem,
3127 5149 3485 5219 blandamque
3509 5143 3811 5216 correptio—

2220 5259 2366 5309 nem,
2393 5253 2451 5299 ut
2478 5252 2698 5315 accepta
2730 5244 2965 5310 ratione,
2991 5240 3524 5313 resipiscant.Simul
3546 5247 3600 5294 et
3629 5247 3810 5294 contra

2220 5335 2548 5393 Novatianos
2574 5336 2909 5407 poenitentia:
2936 5344 3243 5406 negatores,
3264 5333 3356 5407 qui
3382 5332 3668 5389 haereticos
3689 5343 3809 5385 con-

2222 5443 2407 5487 versos
2441 5427 2656 5485 veniam
2690 5444 2797 5484 non
2821 5443 2980 5500 posse
3001 5426 3263 5500 consequi
3294 5424 3603 5497 perhibent.

2851 5527 3075 5586 CAPUT
3107 5526 3193 5584 IIl.

2296 5633 2409 5687 Hoc
2438 5639 2611 5687 autem
2637 5631 2786 5703 scito,
2817 5632 2938 5704 quia
2960 5632 3015 5685 in
3035 5628 3325 5687 novissimis
3347 5627 3528 5683 diebus
3558 5624 3816 5683 instabunt

2218 5738 2452 5800 tempora
2484 5725 2796 5800 periculosa.
2829 5725 2943 5783 Non
2971 5724 3041 5780 sit
3072 5722 3165 5782 tibi
3209 5723 3433 5789 mirum,
3466 5717 3611 5792 quod
3647 5717 3819 5792 quoﬁ-

2218 5822 2306 5880 dic
2336 5820 2518 5893 pejora
2544 5819 2792 5877 veniunt.
