4008 6188
335 304 441 363 895

950 303 1493 364 COMMENTARIUS
1532 292 1598 361 IN
1642 303 2034 362 EPISTOLAM
2079 302 2119 359 11
2164 304 2253 360 ΑΙ)
2295 304 2725 363 TIMOTIIEL‘M.
2765 309 2916 364 CAP.
2962 309 3051 365 lV.

3531 313 3638 370 89‘

407 420 471 475 Et
498 430 643 477 erunt
667 421 898 479 homines
920 422 1116 494 seipsos
1138 432 1386 478 amantes.
1418 421 1535 478 Non
1560 422 1653 479 Dei
1680 422 1930 494 gloriam,
1967 424 2003 479 Λ
2040 424 2443 489 persecutionem
2498 424 2780 493 patientur.
2834 424 2951 481 Non
3008 427 3185 483 solum
3238 443 3340 501 ego
3369 470 3383 495 ,
3437 431 3534 486 sed
3584 440 3642 488 et

328 513 425 572 sed
446 530 542 571 sua
564 526 892 587 quaerentes.

401 605 610 677 Cupidi,
644 608 785 662 elati.
816 608 1012 672 Avari,
1045 616 1100 664 et
1132 607 1183 661 in
1215 609 1439 664 avaritia
1460 608 1797 679 jactabundi.

402 698 650 769 Superbi,
674 700 980 772 blasphemi.
1006 698 1140 757 Cum
1162 700 1337 756 nolint
1358 702 1590 771 discere,
1623 702 1926 757 doctrinam

327 801 606 861 usurpant.

402 882 711 939 Parentibus
738 900 842 937 non
867 883 1179 951 obedientes,
1210 885 1425 956 ingrati,
1455 887 1679 954 scelesti,
1712 887 1821 941 sine
1847 886 1924 957 af-

327 977 564 1046 fectione.
599 975 888 1033 Veteribus
933 977 1531 1046 scilicet.doctoribus,
1573 979 1665 1050 qui
1706 992 1800 1033 eos
1833 994 1928 1048 per

236 1082 239 1085 ‘
328 1068 678 1140 Evangelium
707 1080 1031 1140 genuerunt.

399 1162 525 1216 Sine
550 1179 699 1232 pace,
730 1163 1111 1218 criminatores.
1146 1162 1299 1219 Pacis
1326 1170 1657 1219 sanctorum.

398 1254 804 1325 Incontinentes,
829 1257 1072 1324 immites,
1102 1257 1213 1312 sine
1239 1257 1569 1326 benignitate.
1594 1252 1654 1310 ln
1675 1251 1924 1310 omnibus

326 1349 495 1404 vitiis.

393 1441 650 1508 Protervi,
677 1442 882 1508 tumidi,
905 1449 950 1494 et
970 1441 1290 1513 voluptatum
1310 1449 1562 1494 amatores
1584 1447 1747 1511 magis
1769 1455 1922 1509 quam

322 1535 443 1592 Dei.
477 1535 801 1592 Sollicitudo
832 1534 1089 1590 indicium
1118 1545 1200 1590 est
1242 1533 1651 1589 abundantioris
1682 1534 1919 1588 amoris:

320 1631 411 1699 qui
450 1630 595 1685 enim
626 1629 811 1683 saeculi
842 1630 1145 1698 voluptates
1172 1671 1184 1693 ,
1218 1643 1380 1699 quam
1412 1628 1622 1683 Domini
1651 1635 1918 1697 praecepta

321 1722 580 1777 libentius
607 1720 776 1785 audit,
804 1730 897 1775 aut
923 1721 1187 1791 loquitur,
1220 1720 1340 1775 talis
1365 1728 1471 1775 est.

2035 530 2225 571 omnes
2258 558 2271 581 ,
2329 518 2421 588 qui
2468 533 2575 572 non
2637 518 2894 574 occidunt
2966 520 3175 576 animas
3232 521 3286 577 in
3336 522 3637 581 adulando.
3680 538 3685 543 '

2034 608 2358 666 Timendum
2385 629 2514 683 ergo
2545 613 2704 668 nobis
2729 622 2834 681 est,
2884 630 2953 671 ne
2986 630 3097 672 non
3128 618 3219 690 pie
3247 620 3513 689 vivamus,
3543 622 3640 691 qui

2033 701 2169 757 nihil
2194 703 2429 773 patimur
2461 716 2684 776 pr0pter
2716 706 2911 762 Deum.

2104 793 2239 848 Mali
2286 805 2455 849 autem
2508 798 2780 866 homines,
2826 807 2877 852 et
2912 800 3231 868 seductores,
3282 801 3552 872 proficient
3582 804 3638 858 in

2032 890 2200 959 pejus,
2258 898 2521 956 errantes,
2578 901 2629 944 et
2678 891 2731 944 in
2772 907 2998 947 errorem
3056 892 3329 948 mittentes.
3402 894 3515 951 Hoc
3566 897 3634 952 de

2029 979 2398 1037 adulatoribus
2455 981 2621 1048 dicit,
2674 984 2763 1053 qui
2813 984 2941 1040 dum
2993 1000 3026 1040 a
3081 986 3260 1041 stultis
3317 985 3628 1045 hominibus

2030 1071 2347 1143 diliguntur,
2399 1074 2568 1145 magis
2618 1074 2834 1147 decepti
2877 1076 3157 1148 decipiunt
3197 1095 3211 1133 :
3249 1078 3365 1134 sive
3410 1078 3479 1135 de
3520 1078 3631 1136 ha:-

2028 1166 2211 1220 reticis
2240 1166 2632 1237 accipiendum.

2102 1256 2177 1311 Tu
2207 1273 2323 1311 vero
2361 1274 2601 1329 permane
2640 1261 2695 1313 in
2742 1259 2844 1328 his,
2874 1276 2989 1331 qua:
3040 1262 3317 1317 didicistis.
3351 1261 3486 1318 Nolo
3525 1262 3626 1318 ista

2029 1358 2081 1403 to
2113 1357 2375 1416 terreant,
2411 1350 2495 1405 vel
2527 1350 2811 1408 seducant.

2100 1440 2165 1495 Et
2194 1443 2390 1496 credita
2420 1452 2540 1497 sunt
2570 1443 2681 1497 tibi.
2718 1446 2758 1499 A
2794 1444 2902 1498 Deo
2931 1456 3027 1516 per
3058 1461 3177 1502 nos.

2098 1534 2278 1589 Sciens
2315 1552 2347 1588 a
2387 1552 2488 1605 quo
2518 1536 2782 1591 didiceris.
2824 1536 2893 1589 Et
2934 1539 3057 1608 quia
3097 1540 3159 1591 ab
3200 1539 3420 1609 infantia
3456 1559 3633 1598 sacras

2025 1625 2224 1682 litteras
2254 1614 2421 1682 nosti.
2458 1627 2584 1684 Sive
2622 1643 2653 1683 a
2683 1644 2813 1684 vero
2844 1629 3117 1700 apostolo,
3160 1630 3275 1686 sive
3316 1648 3413 1703 per
3452 1634 3629 1704 legem

2025 1733 2055 1772 a
2082 1719 2213 1773 Deo.

396 1813 658 1868 Habentes
697 1814 919 1885 speciem
956 1813 1162 1883 quidem
1210 1813 1437 1883 pietatis.
1472 1813 1530 1868 In
1576 1811 1784 1878 habitu,
1832 1810 1917 1867 vel
1947 1809 1997 1871 B
2095 1811 2225 1877 Quae
2272 1821 2319 1866 te
2365 1823 2578 1881 possunt
2622 1814 2877 1868 instruere
2920 1815 2988 1867 ad
3016 1815 3267 1880 salutem,
3311 1832 3405 1888 per
3448 1815 3630 1886 ﬁdem,

320 1906 588 1963 doctrina.

400 2000 654 2055 Virtutem
680 2009 854 2055 autem
883 2002 993 2073 ejus
1022 2000 1345 2075 abnegantes.
1377 1999 1553 2071 ipsam
1586 2014 1700 2056 rem
1738 2001 1920 2071 operi-

323 2092 424 2149 bus
450 2092 804 2161 abnegantes.

395 2184 458 2239 Et
490 2184 582 2239 hos
612 2183 800 2240 devita.
833 2183 910 2241 Ne
939 2193 1290 2257 corrumpant
1326 2198 1506 2242 mores
1540 2183 1714 2241 bonos
1754 2185 1919 2242 collo-

320 2282 443 2352 quia
473 2296 660 2351 prava.

392 2372 476 2427 Ea:
513 2374 593 2427 his
628 2373 764 2426 enim
806 2381 922 2426 sunt
955 2372 1044 2441 qui
1072 2380 1338 2443 penetrant
1368 2370 1583 2439 domos,
1615 2380 1661 2426 et
1690 2374 1917 2446 captivas

319 2469 514 2521 ducunt
566 2464 898 2519 mulierculas
941 2474 1182 2520 oneratas
1222 2466 1461 2536 peccatis.
1502 2464 1626 2520 Illas
1672 2467 1915 2535 capiunt,

320 2574 441 2629 quae
486 2568 614 2613 sunt
650 2565 890 2614 onerata:
937 2558 1178 2627 peccatis
1227 2575 1242 2612 :
1290 2556 1670 2629 impunitatem
1704 2557 1811 2615 illis
1852 2574 1916 2615 ac

321 2652 534 2707 veniam
592 2651 979 2721 promittentes
1016 2666 1032 2709 :
1070 2650 1185 2707 sive
1234 2650 1475 2707 inﬁrmas
1518 2660 1750 2719 mentes,
1797 2668 1935 2724 quae

322 2741 543 2799 feminis
570 2754 972 2813 comparantur.

394 2836 523 2901 Quae
567 2835 831 2891 ducuntur
868 2837 1025 2892 variis
1069 2836 1363 2893 desideriis.
1404 2835 1552 2893 Nova
1583 2851 1800 2908 semper
1836 2836 1919 2893 di-

318 2943 472 2985 scere
494 2930 794 2998 cupientes.

391 3023 605 3094 Semper
630 3024 902 3089 discentes,
937 3031 985 3078 et
1015 3040 1297 3093 numquam
1337 3026 1406 3078 ad
1432 3024 1697 3080 scientiam
1734 3027 1918 3081 verita-

317 3118 379 3170 tis
407 3118 771 3187 pervenientes.
807 3117 939 3186 Quia
970 3117 1103 3171 nihil
1132 3117 1415 3173 deﬁnitum
1449 3126 1655 3182 tenent,
1687 3120 1917 3190 quisque

2023 1921 2141 1975 qua:
2171 1916 2241 1960 est
2270 1900 2326 1959 in
2352 1904 2555 1961 Christo
2579 1904 2731 1962 Iesu.
2766 1908 2897 1964 Sine
2940 1908 3048 1965 ﬁde
3077 1910 3221 1965 enim
3247 1907 3477 1976 Christi,
3515 1909 3628 1981 jam

2024 2014 2129 2054 non
2158 1999 2431 2056 sufﬁciunt
2461 2002 2525 2056 ad
2555 2001 2809 2057 salutem.

2098 2094 2277 2149 Omnis
2300 2096 2437 2150 enim
2469 2084 2743 2168 Scriptura
2766 2094 3013 2150 divinitus
3039 2096 3293 2165 inspirata
3317 2136 3331 2161 ,
3366 2095 3511 2149 utilis
3557 2104 3629 2153 est

2022 2188 2090 2240 ad
2137 2187 2448 2254 docendum,
2490 2189 2560 2240 ad
2597 2188 2947 2258 urguendum,
2998 2186 3067 2241 ad
3112 2187 3518 2258 corripiendum,
3562 2189 3631 2242 ad

2022 2279 2364 2333 erudiendum
2391 2280 2446 2333 in
2464 2280 2673 2351 justitia
2699 2295 2717 2334 :
2747 2290 2803 2333 ut
2830 2281 3103 2351 perfectius
3144 2281 3208 2334 sit
3246 2279 3401 2334 homo
3430 2279 3530 2334 Dei
3559 2280 3629 2335 ad

2023 2386 2171 2424 omne
2199 2386 2330 2440 apus
2357 2370 2543 2424 bonum
2596 2372 2901 2425 instructus.
2945 2370 3071 2426 ideo
3100 2372 3225 2425 data
3254 2379 3341 2427 est
3376 2372 3515 2444 legis
3544 2373 3629 2427 in-

2020 2465 2272 2534 structio,
2295 2475 2355 2522 ut
2378 2466 2495 2538 ejus
2518 2466 2749 2522 consilio
2772 2473 2964 2522 cuncta
2999 2464 3283 2531 facientes,
3315 2464 3457 2536 iuste
3481 2464 3630 2536 justa

2021 2557 2304 2614 iaciamus.

2645 2691 2875 2750 CAPUT
2906 2691 2998 2749 IV.

2093 2854 2364 2924 Testiﬁcor
2394 2869 2569 2910 coram
2600 2853 2708 2909 Deo
2746 2863 2792 2909 et
2824 2852 3031 2909 Christo
3057 2850 3207 2921 Iesu,
3238 2852 3326 2923 qui
3355 2853 3629 2924 judicatu-

2020 2966 2109 3005 rus
2139 2960 2211 3005 est
2237 2951 2375 3005 vivos
2416 2960 2462 3005 et
2506 2958 2761 3017 mortuos,
2806 2959 2855 3004 et
2902 2965 2994 3021 per
3038 2949 3315 3003 adventum
3349 2948 3537 3016 ipsius,
3579 2953 3628 3002 et

2021 3061 2235 3117 regnum
2286 3049 2420 3118 ejus.
2472 3042 2823 3099 Contestatur
2869 3041 3017 3097 illum
3064 3056 3158 3113 per
3200 3042 3452 3096 universa
3506 3054 3627 3109 quas

2020 3137 2193 3192 credit
2236 3137 2428 3207 religio
2473 3135 2803 3200 Christiana,
2854 3143 2911 3190 ut
2958 3134 3181 3189 verbum
3226 3132 3323 3188 Dei
3360 3133 3628 3188 instanter

318 3211 633 3266 ιτθάίιίοηθε
670 3211 786 3265 VU“
830 3221 1019 3267 ιθηθτθ
1064 3210 1327 3277 diversas,
1363 3228 1469 3267 ηοη
1520 3212 1792 3282 Ρτοδίιῑθε·
1831 3199 1986 3269 Abc
2018 3199 2451 3298 atinuntiet.qui
2492 3228 2832 3299 judicalurm
2884 3236 2968 3284 est
3014 3228 3167 3281 vivos
3218 3234 3273 3282 et
3328 3234 3622 3280 mortuos:

314 3318 423 3359 uno
450 3302 594 3358 enim
624 3303 787 3367 dicta,
818 3304 886 3357 ab
916 3303 1027 3359 alio
1058 3303 1435 3359 destruuntur.

386 3396 831 3463 Quemadmodum
871 3405 1041 3451 autem
1084 3398 1298 3450 Jamnes
1344 3405 1391 3449 et
1434 3396 1673 3451 Jambres
1715 3399 1913 3452 restite-

308 3499 430 3543 runt
466 3487 637 3560 Moysi
664 3506 681 3542 :
713 3490 784 3542 ita
823 3498 866 3543 et
896 3488 951 3542 hi
977 3490 1224 3543 resistunt
1263 3490 1485 3543 ueritati.
1517 3489 1669 3544 Sicut
1700 3489 1774 3545 illi
1816 3506 1911 3559 per

309 3580 536 3652 magica:
567 3584 700 3638 artis
737 3581 1041 3652 prmstigias
1075 3599 1086 3634 :
1119 3582 1188 3635 ita
1221 3589 1273 3636 et
1301 3580 1388 3635 isti
1429 3598 1523 3650 per
1555 3592 1907 3652 argumento-

310 3689 433 3728 rum
480 3673 769 3728 fallaciam.
821 3673 1101 3744 Simulquc
1139 3671 1373 3728 ostendit
1411 3672 1632 3745 Moysen
1666 3676 1908 3730 veritatis

305 3765 473 3822 fuisse
502 3766 805 3836 doctorem,
829 3767 1093 3823 adversus
1124 3767 1521 3823 obtrectatores
1566 3769 1767 3824 veteris
1798 3767 1901 3823 Te-

304 3862 584 3916 stamenti.

376 3953 627 4009 flamines
657 3953 885 4021 corrupti
914 3962 1079 4007 mente
1116 3966 1134 4006 :
1160 3953 1365 4023 reprobi
1397 3954 1536 4006 circa
1561 3953 1735 4023 ﬁdem.
1769 3952 1903 4008 Tam

299 4047 548 4102 moribus
576 4045 842 4115 corrupti,
865 4061 1024 4115 quam
1051 4046 1197 4101 circa
1229 4045 1390 4100 ﬁdem
1424 4048 1666 4115 reprobi.

372 4138 479 4193 Sed
522 4138 658 4191 ultra
706 4153 808 4191 non
852 4136 1142 4208 proﬁcient.
1192 4136 1268 4190 De
1333 4137 1585 4191 omnibus
1629 4136 1900 4195 haereticis

296 4232 430 4287 dicit
469 4248 484 4285 :
518 4229 611 4286 sed
641 4230 710 4286 de
740 4230 823 4285 his
863 4246 999 4300 quos
1028 4239 1158 4286 tunc
1186 4230 1296 4286 cito
1328 4241 1556 4287 noverat
1598 4232 1652 4286 in
1705 4233 1898 4303 spiritu

295 4324 681 4383 destruendos.
734 4325 1001 4381 Cmterum
1054 4327 1172 4397 ipse
1230 4325 1454 4383 inferius
1520 4327 1779 4399 quosdam
1843 4330 1896 4384 in

296 4420 448 4490 pejus
480 4417 777 4489 profecisse
807 4417 1078 4491 praedixit.

366 4511 675 4583 Insipientia
697 4512 832 4565 enim
859 4524 1030 4566 eorum
1048 4511 1328 4582 manifesta
1356 4512 1453 4565 erit
1481 4513 1719 4568 omnibus
1744 4528 1760 4566 :
1787 4514 1890 4567 sic-

294 4613 346 4657 ut
387 4614 435 4659 et
474 4604 685 4659 illorum
721 4605 842 4677 fuit.
892 4602 1135 4660 Confessi
1181 4612 1309 4659 sunt
1348 4618 1409 4661 se
1456 4605 1552 4661 Dei
1585 4604 1752 4678 digito
1797 4619 1885 4661 su-

293 4708 533 4767 peratos.

362 4787 443 4843 Tu
480 4798 650 4845 autem
680 4798 945 4846 assecutus
973 4805 1025 4844 es
1066 4805 1231 4843 meam
1260 4789 1566 4859 doctrinam,
1608 4791 1894 4847 institutio-

291 4898 429 4951 nem,
478 4885 821 4954 propositum,
878 4882 1063 4951 fidem,
1110 4880 1594 4955 longanimitatem,
1654 4885 1890 4940 dilectio-

290 4992 425 5041 nem,
461 4977 781 5044 patientiam.
818 4976 947 5032 Plus
980 4974 1073 5031 tibi
1096 4975 1260 5033 crede
1286 4976 1355 5032 de
1390 4992 1497 5045 me,
1530 4992 1692 5048 quam
1736 4977 1845 5034 illis
1873 4995 1888 5033 :

285 5068 405 5123 sive
436 5066 640 5123 idcirco
667 5067 764 5123 tibi
804 5082 912 5124 non
948 5068 1133 5133 timeo,
1169 5067 1292 5137 quia
1335 5068 1449 5122 scio
1493 5077 1545 5124 te
1580 5067 1887 5125 doctrinam

288 5171 344 5218 et
372 5161 627 5218 virtutem
657 5176 838 5218 meam
869 5162 1075 5232 Optime
1102 5161 1450 5232 cognovisse.

362 5252 773 5319 Persecutiones,
826 5256 1093 5325 passiones
1136 5270 1155 5307 :
1184 5255 1359 5325 qualia
1399 5255 1526 5309 mihi
1581 5259 1722 5328 facta
1770 5268 1887 5313 sunt

286 5347 595 5417 Antiochiae,
624 5346 816 5417 Iconii,
856 5347 1057 5421 Lystris
1088 5365 1107 5403 :
1135 5351 1311 5420 quales
1353 5352 1735 5420 persecutiones
1774 5369 1888 5407 sus-

284 5440 440 5494 tinui.
483 5438 564 5494 Ex
606 5440 689 5495 his
716 5441 937 5511 potuisti
968 5456 1297 5514 cognoscere
1318 5484 1332 5510 ,
1368 5458 1453 5497 me
1482 5442 1616 5498 nihil
1663 5454 1886 5515 propter

282 5532 541 5591 homines
568 5533 772 5601 facere,
804 5535 928 5606 quia
953 5544 1100 5591 tanta
1126 5550 1245 5591 sum
1273 5549 1483 5606 passus.

353 5625 423 5681 Et
471 5642 536 5682 ea:
561 5627 796 5684 omnibus
837 5628 1024 5700 eripuit
1076 5644 1157 5684 me
1201 5627 1480 5686 Dominus.
1528 5630 1606 5688 Ita
1642 5640 1697 5687 et
1739 5638 1792 5689 te
1812 5630 1880 5688 de

279 5719 541 5776 omnibus
570 5720 787 5790 eripiet,
818 5720 865 5775 si
892 5722 1159 5792 sequaris.

353 5813 423 5868 Et
477 5829 651 5871 omnes
699 5815 787 5885 qui
815 5815 897 5887 pie
940 5816 1117 5873 volunt
1163 5818 1325 5875 vivere
1363 5818 1417 5874 in
1459 5818 1667 5877 Christo
1720 5818 1870 5893 Iesu,

2017 3325 2139 3395 quia
2168 3326 2324 3381 vivos
2357 3324 2623 3391 inveniet,
2656 3330 2901 3378 mortuos
2927 3319 3233 3376 suscitabit.

2087 3416 2327 3473 Praedico
2356 3418 2564 3473 verbum
2602 3432 2621 3470 :
2656 3417 2794 3470 insta
2818 3423 3128 3486 opportune,
3164 3414 3479 3482 importune.
3512 3411 3625 3480 0p—

2016 3521 2303 3577 portunum
2348 3520 2460 3576 est,
2513 3508 2744 3564 libenter
2800 3506 3010 3563 audire.
3061 3506 3432 3576 Importunum
3490 3512 3620 3569 est,

2012 3604 2187 3657 invito
2216 3603 2535 3671 prmdicare.

2080 3697 2273 3768 Argue,
2327 3695 2554 3761 obsecra,
2584 3694 2793 3766 increpa
2836 3692 2889 3746 in
2932 3692 3070 3746 omni
3109 3689 3361 3763 patientia
3401 3698 3451 3743 et
3495 3689 3622 3743 doc-

2006 3789 2162 3845 trina.
2193 3788 2375 3858 Argue
2399 3796 2686 3857 peecantes
2713 3829 2727 3853 ,
2782 3794 3102 3841 conteStare
3139 3798 3208 3838 ne
3236 3791 3483 3853 peccent.
3516 3781 3621 3838 ln-

2005 3897 2167 3951 crepa
2191 3881 2511 3937 resistentes
2539 3897 2553 3939 :
2608 3879 2702 3935 sed
2748 3878 2865 3935 hazc
2894 3878 3075 3935 omnia
3104 3892 3225 3934 cum
3256 3876 3517 3947 patientia
3558 3885 3617 3933 et

2006 3973 2306 4029 secundum
2344 3972 2672 4027 doctrinam.

2082 4066 2192 4121 Erit
2224 4067 2360 4121 enim
2402 4075 2600 4135 tempus
2633 4082 2749 4121 cum
2776 4080 2960 4117 sanam
2989 4063 3277 4116 doctrinam
3317 4079 3420 4116 non
3458 4064 3619 4117 susti-

2003 4157 2213 4213 nebunt.
2236 4158 2432 4215 Veram
2464 4166 2518 4213 et
2549 4156 2845 4229 perfectam
2875 4173 2888 4211 :
2922 4154 3064 4211 sicut
3086 4153 3255 4209 Israel
3286 4153 3477 4209 audire
3508 4170 3612 4209 no-

2004 4252 2101 4307 luit
2132 4249 2446 4321 prophetas.

2074 4344 2180 4401 Sed
2201 4343 2269 4399 ad
2308 4360 2407 4398 sua
2450 4341 2705 4396 desideria
2748 4338 3119 4394 coacervabunt
3164 4337 3263 4391 sibi
3310 4338 3608 4410 magistros.

1999 4433 2158 4491 Tales
2188 4436 2477 4505 magistros
2521 4432 2814 4503 inquirent,
2855 4429 2947 4502 qui
2992 4444 3053 4484 ea
3080 4428 3287 4496 dicunt,
3330 4444 3451 4501 quae
3500 4430 3602 4502 ipsi

1998 4528 2188 4584 audire
2217 4526 2551 4590 desiderant,
2586 4535 2643 4580 ut
2674 4523 2853 4580 securi
2883 4522 3220 4593 delinquant.

2074 4622 2374 4677 Prurientes
2418 4619 2652 4674 auribus.
2683 4618 2784 4686 Qui
2815 4616 3087 4673 delectare
3112 4614 3447 4684 desiderant,
3493 4632 3601 4673 non

1996 4727 2381 4787 compungere.
2938 4702 2943 4709 ’

2070 4807 2140 4861 Et
2178 4824 2211 4861 a
2262 4805 2472 4860 ueritate
2512 4802 2720 4875 quidem
2759 4798 2995 4855 auditum
3031 4806 3256 4853 avertent
3297 4815 3315 4853 :
3354 4799 3423 4853 ad
3457 4799 3610 4872 fabu-

1996 4900 2075 4954 las
2126 4906 2297 4952 autem
2351 4903 2733 4951 convertentur.
2782 4894 2823 4948 A
2864 4892 3094 4948 veritate
3134 4891 3291 4964 legis,
3334 4909 3452 4963 quae
3480 4894 3611 4951 vitia

1994 4991 2219 5047 damnat
2249 5030 2267 5058 ,
2319 4988 2385 5043 ad
2415 4988 2652 5043 rationes
2689 4986 2974 5054 humanas,
3010 5000 3132 5057 quae
3170 4985 3340 5042 Deum
3375 4997 3430 5042 ut
3464 4987 3609 5059 pium

1998 5102 2107 5141 non
2139 5083 2536 5139 vindicaturum
2559 5096 2702 5147 esse,
2730 5082 3079 5138 concinnant.

2067 5175 2145 5231 Tu
2172 5192 2293 5232 vero
2324 5175 2481 5247 vigila
2519 5190 2538 5230 :
2579 5176 2635 5229 in
2675 5174 2910 5229 omnibus
2941 5173 3141 5230 labora.
3174 5174 3309 5244 Quae
3356 5174 3421 5231 ad
3456 5174 3606 5231 utili-

1992 5276 2156 5324 tatem
2187 5266 2464 5339 pertinent
2489 5264 2845 5323 audientium.

2068 5361 2210 5434 Opus
2264 5362 2351 5431 fac
2399 5358 2768 5431 Evangelistw.
2832 5358 3069 5415 Verbum
3122 5367 3271 5417 tuum
3342 5358 3597 5433 operibus

1991 5454 2378 5511 conformetur.

2061 5545 2414 5600 Ministerium
2446 5555 2589 5599 tuum
2619 5544 2776 5615 imple
2808 5560 2825 5599 :
2854 5544 3057 5600 sobrius
3083 5554 3211 5599 esto.
3244 5544 3604 5617 Episcopatus

1984 5638 2211 5696 scilicet.
2238 5640 2356 5695 Non
2387 5639 2532 5697 enim
2564 5653 2781 5709 semper
2808 5653 2905 5695 ero
2938 5638 2995 5693 in
3021 5652 3278 5711 corpore,
3315 5647 3371 5695 ut
3396 5639 3603 5698 valeam

1980 5746 2356 5789 commonere.

2053 5826 2166 5900 Ego
2208 5828 2348 5886 enim
2386 5830 2503 5900 jam
2530 5824 2749 5897 delibor,
2790 5834 2837 5881 et
2866 5830 3066 5897 tempus
3107 5823 3436 5882 resolutionis
3475 5841 3601 5880 mea:
