4008 6188
368 237 475 296 895

1404 230 1464 285 S.
1508 224 1887 283 lllERONYMl
1926 221 2213 283 OPERUM
2253 227 2626 287 MANTISSA.

3560 228 3664 288 896

369 356 550 411 instat.
584 351 1010 419 Mortcm'suam,
1031 346 1359 406 sacriﬁcium
1394 342 1503 401 Deo
1535 343 1770 399 futurum
1802 342 1955 410 dixit,
1986 344 2037 403 A
2136 346 2431 402 Alexander
2451 347 2668 401 terarius
2699 346 2861 401 multa
2889 348 3027 402 mala
3048 346 3176 401 mihi
3201 348 3465 403 ostendit:
3491 347 3664 404 reddet

373 456 433 503 ut
454 462 580 503 eum
612 446 681 502 ad
712 444 1029 517 martyrium
1060 448 1341 512 provocet.

444 540 652 594 Bonum
731 547 983 592 certamen
1034 533 1265 600 certavi,
1317 547 1523 586 cursum
1598 529 1960 585 consummavi.

374 630 536 688 Modo
561 631 673 701 jam
703 628 1036 684 conﬁdenter
1057 626 1162 683 hoc
1192 624 1345 689 dicit,
1388 625 1442 679 in
1467 632 1713 680 extremo
1742 623 1865 677 vita:
1884 621 1971 702 ,Ιί-

373 723 505 779 mite
561 720 911 777 constitutus.
978 716 1401 790 Comparatione
1446 716 1969 805 attt‘emvutiturnin

373 830 549 892 agone
577 800 973 872 certantium."
1183 802 1226 810 ’”
1278 806 1283 809 ’
1372 796 1545 809 Mm“
1576 796 1925 807 Clu-“unum

448 908 642 963 Fidem
685 906 907 963 servavi.
960 905 1149 963 Fidem
1193 906 1430 979 suscepti
1485 906 1653 964 ofﬁcii
1705 908 1760 963 in
1811 904 1971 962 linem

376 1015 548 1074 usque
568 1000 802 1057 servavi.

447 1092 516 1147 In
544 1093 746 1165 reliquo
784 1096 1009 1167 reposita
1048 1105 1122 1150 est
1152 1096 1279 1150 mihi
1320 1110 1512 1150 corona
1542 1094 1788 1168 justitice,
1822 1110 1977 1163 quant

377 1184 555 1241 reddet
587 1184 714 1240 mihi
740 1185 998 1243 Dominus
1026 1189 1079 1241 in
1099 1187 1196 1243 illa
1225 1188 1308 1242 die
1333 1190 1503 1257 justus
1522 1186 1709 1258 judex.
1743 1184 1845 1253 Qui
1878 1200 1977 1240 no-

381 1279 459 1335 vit
487 1294 575 1336 me
601 1296 770 1352 usque
794 1282 861 1337 ad
894 1292 1121 1338 mortem
1152 1296 1249 1352 pro
1270 1281 1479 1352 justitia
1506 1280 1813 1335 dimicasse.

453 1373 576 1429 Non
596 1376 765 1430 solum
792 1385 963 1431 autent
993 1376 1141 1431 mihi.
1172 1376 1306 1442 Quia
1341 1389 1449 1430 non
1478 1372 1730 1445 personis
1755 1371 1983 1429 debetur

383 1466 641 1521 meritum
664 1512 678 1536 ,
708 1467 806 1523 sed
835 1468 1032 1523 labori.

455 1558 562 1614 Sed
598 1569 645 1612 et
682 1560 762 1613 Itis
792 1561 877 1630 qui
902 1560 1131 1632 diligunt
1152 1561 1430 1614 adventum
1456 1561 1592 1631 ejus.
1622 1558 1723 1625 Qui
1749 1557 1985 1630 gaudent

381 1649 670 1705 advenisse
699 1649 1005 1717 Christum,
1039 1661 1093 1707 et
1112 1652 1381 1721 justitiam
1408 1651 1679 1707 docuisse.
1710 1652 1865 1715 Sive,
1892 1650 1983 1722 qui

2069 440 2150 494 illi
2200 438 2452 495 Dominus
2498 441 2781 495 secundum
2832 458 2986 517 Opera
3026 443 3156 513 ejus.
3188 440 3460 509 Quoniam
3488 441 3667 497 verbis

2072 534 2165 590 Dei
2194 534 2430 589 restitit:
2454 549 2577 590 cum
2602 534 3173 592 habebantrationem.

2148 628 2311 695 Quem
2334 637 2379 681 et
2412 636 2470 681 tu
2499 627 2688 683 devita.
2722 628 2904 682 Monet
2932 628 3110 683 caveri
3143 627 3456 683 latrantes:

2084 723 2093 729 '
2157 719 2323 775 Valde
2351 721 2485 775 enim
2511 722 2695 776 restitit
2717 720 2879 776 verbis
2905 722 3115 776 nostris.
3140 720 3197 776 Si
3225 720 3427 776 nostris
3452 720 3669 789 restitit,

2075 824 2279 886 quanto
2309 814 2478 885 magis
2511 814 2614 868 tuis
2648 815 2662 869 ι

2149 905 2219 961 In
2270 908 2438 977 prima
2476 923 2589 961 mea
2636 906 2933 975 defensione
2971 922 3118 960 nemo
3170 904 3297 958 mihi
3351 903 3533 971 affuit,
3583 909 3673 958 sed

2079 1017 2252 1055 omnes
2281 1017 2360 1054 me
2391 1000 2773 1071 dereliquerunt
2807 1016 2826 1055 :
2854 1016 2955 1055 non
2988 1001 3093 1054 illis
3119 1000 3419 1069 imputetur.
3452 997 3675 1065 Quando

2080 1095 2312 1163 primum
2340 1093 2482 1164 εαξρὶ
2514 1092 2869 1163 Evangelium
2890 1092 3205 1149 defendere.

2154 1185 2409 1240 Dominus
2438 1194 2608 1239 autem
2637 1184 2764 1239 mihi
2791 1187 2984 1255 astitit,
3012 1196 3060 1240 et
3089 1186 3397 1255 confortavit
3423 1203 3521 1243 me.
3539 1187 3674 1245 Cum

2083 1279 2215 1335 dicit
2241 1279 2340 1334 sibi
2368 1279 2664 1336 Dominum
2692 1278 2747 1334 in
2786 1278 3041 1335 omnibus
3078 1277 3327 1347 atl‘u'tsse,
3384 1295 3453 1336 ne
3495 1280 3681 1336 timeat

2085 1373 2424 1429 cohortatur.

2161 1466 2229 1523 Ut
2268 1483 2360 1539 per
2390 1482 2468 1521 me
2510 1465 2807 1533 prwdicatio
2839 1466 3145 1540 impleatur,
3179 1473 3228 1522 et
3267 1467 3485 1522 audiant
3513 1484 3681 1524 omnes

2086 1569 2282 1631 gentes.
2314 1558 2431 1614 Non
2458 1558 2602 1629 quod
2633 1573 2736 1629 ego
2764 1559 2901 1613 mori
2935 1560 3212 1616 timerem.

2162 1650 2229 1705 Et
2259 1650 2501 1704 liberatus
2530 1666 2643 1704 sum
2665 1648 2729 1703 de
2758 1665 2846 1704 ore
2875 1649 3061 1705 leonis.
3079 1650 3476 1708 Persecutoris.

380 1740 461 1795 sic
492 1749 691 1810 agunt,
726 1749 785 1796 ut
823 1742 1118 1797 adventum
1149 1743 1359 1798 Domini
1389 1743 1621 1798 libenter
1647 1753 1983 1813 exspectent.
2017 1744 2066 1806 Β
2162 1740 2419 1796 Liberavit
2466 1758 2543 1796 me
2593 1739 2854 1795 Dominus
2902 1740 2964 1795 ab
3012 1741 3152 1796 onmi
3209 1759 3360 1815 apere
3402 1741 3563 1798 malo.
3606 1742 3688 1799 Ab

446 1829 666 1888 Festina
685 1834 754 1889 ad
776 1850 855 1889 me
875 1837 1045 1889 venire
1067 1836 1186 1890 cito.
1220 1835 1406 1889 Demas
1429 1836 1564 1889 enim
1589 1853 1667 1889 me
1696 1837 1985 1907 dereliquit,

386 1924 609 1998 diligens
629 1926 725 1980 hoc
740 1925 988 1980 saeculum
1008 1966 1021 1991 ,
1052 1935 1099 1979 et
1128 1925 1253 1979 abiit
1285 1925 1725 1980 Thessalonicam.
1754 1926 1991 1983 Necesse

388 2026 540 2085 erat,
600 2026 659 2071 ut
700 2018 934 2088 diligens
964 2019 1227 2074 sacculum
1271 2033 1377 2074 non
1423 2030 1697 2075 amantem
1728 2020 1989 2076 saeculum

391 2110 741 2181 relinqueret.
758 2111 931 2168 Omne
959 2111 1105 2167 enim
1134 2112 1334 2167 animal
1360 2111 1426 2167 ad
1451 2110 1552 2167 sibi
1566 2112 1744 2167 simile
1766 2112 1992 2183 conjun-

391 2200 554 2271 gitur.

463 2294 706 2351 Crescens
732 2296 787 2351 in
813 2296 1072 2352 Galatiam
1096 2314 1115 2352 :
1148 2296 1296 2352 Titus
1326 2297 1377 2352 in
1408 2296 1726 2353 Dalmatiam
1762 2314 1781 2353 :
1823 2298 1993 2354 Lucas

390 2396 466 2444 est
493 2406 692 2444 mecum
736 2392 899 2446 solus.
948 2391 1037 2447 Isti
1073 2392 1222 2447 missi
1256 2402 1411 2461 sunt,
1467 2408 1572 2447 non
1608 2393 1991 2449 deseruerunt.

466 2482 708 2538 Marcum
753 2501 989 2553 assume,
1022 2494 1070 2540 et
1115 2485 1291 2541 adduc
1339 2494 1550 2541 tecum:
1583 2496 1656 2541 est
1694 2489 1827 2541 enim
1869 2488 1997 2541 mihi

398 2575 536 2630 utilis
574 2576 627 2630 in
668 2577 979 2633 ministerio.
1014 2576 1299 2648 Tychicnm
1343 2589 1513 2633 autem
1556 2579 1671 2633 misi
1709 2577 1993 2649 Ephesum.

399 2665 562 2724 Verbi
598 2669 721 2736 Dei,
758 2669 844 2724 vel
875 2668 1169 2740 cujuslibet
1197 2669 1559 2726 necessitatis.

472 2762 731 2819 Penulam
793 2782 951 2835 quant
1018 2766 1203 2837 reliqui
1266 2765 1468 2819 Troade
1534 2767 1675 2838 apud
1736 2764 1997 2835 Carpam,

397 2859 603 2912 veniens
630 2858 761 2926 affer
790 2868 985 2925 tecum,
1017 2870 1065 2913 et
1095 2860 1252 2914 libros
1271 2903 1285 2927 ,
1320 2860 1542 2914 maxime
1570 2868 1738 2915 autem
1761 2870 1809 2914 et
1840 2878 2000 2916 mem-

399 2950 609 3007 branas.
642 2952 757 3007 Non
789 2952 924 3007 dixit
954 2954 1205 3022 penulam
1236 2968 1415 3007 meam
1447 2968 1462 3007 :
1493 2954 1668 3022 potuit
1698 2952 1847 3009 enim
1872 2967 2001 3008 con-

399 3059 592 3101 versus
621 3046 812 3118 aliquis
840 3046 907 3103 ad
929 3046 1095 3119 pedes
1117 3048 1234 3117 ejus
1250 3089 1265 3117 ,
1292 3046 1435 3102 inter
1452 3056 1649 3104 czctera
1673 3047 2000 3117 imposuisse

404 3137 762 3196 vendendam.

2092 1834 2468 1891 insidiantium
2499 1833 2859 1902 malignitate.

2164 1928 2233 1983 Et
2261 1928 2457 1982 salvum
2483 1928 2637 1998 faciet
2660 1928 2715 1981 in
2740 1943 2953 1998 regnum
2975 1942 3124 1981 suum
3151 1926 3375 1983 caeleste.
3406 1926 3693 1996 Quomodo

2093 2021 2182 2077 hic
2209 2021 2435 2082 liberat,
2469 2020 2540 2075 ita
2573 2020 2625 2074 in
2658 2034 2882 2090 regnum
2912 2019 3081 2075 ducit.

2167 2113 2262 2169 Cui
2314 2114 2481 2185 gloria
2530 2115 2585 2167 in
2632 2113 2826 2167 stecula
2877 2112 3207 2168 swculorum.
3260 2112 3443 2168 Antea.
3503 2113 3696 2170 Saluta

2096 2206 2337 2262 Priscum
2368 2214 2416 2261 et
2458 2205 2733 2276 Aquilam,
2770 2219 2821 2262 et
2861 2205 3173 2278 Onesiphori
3215 2208 3448 2261 domum.
3481 2206 3700 2264 Erastus

2096 2302 2347 2356 remansit
2371 2300 2629 2356 Corinthi.
2658 2300 2740 2357 Ob
2770 2300 2889 2357 hate
2917 2301 3123 2357 omnia.

2171 2395 2512 2466 Trophimum
2552 2404 2726 2449 autem
2749 2396 2935 2467 reliqui
2962 2397 3229 2467 inﬁrmum
3258 2396 3447 2453 Mileti.
3478 2395 3697 2451 Festina

2098 2500 2216 2547 ante
2238 2491 2471 2561 hyemem
2499 2491 2691 2544 venire.
2718 2490 2965 2546 Salutant
2992 2500 3039 2546 te
3064 2491 3304 2546 Eubulus
3324 2534 3338 2558 ,
3371 2500 3421 2545 et
3449 2490 3696 2558 Pudens,

2099 2594 2144 2639 et
2176 2584 2370 2650 Linus,
2399 2593 2442 2636 et
2466 2582 2689 2637 Claudia
2709 2623 2724 2647 ,
2750 2592 2794 2637 et
2819 2585 3008 2654 fratres
3035 2600 3229 2638 omnes.
3256 2583 3392 2638 llinc
3414 2583 3696 2654 probatur,

2099 2676 2223 2748 quia
2256 2691 2362 2732 non
2396 2684 2630 2746 propter.
2649 2675 2939 2730 sanitatem
2984 2678 3255 2731 carnalem
3304 2684 3510 2731 tantum
3560 2689 3694 2745 apo-

2100 2769 2225 2823 stoli
2254 2767 2537 2834 curabant,
2567 2765 2662 2821 sed
2692 2767 2934 2821 utetiam
2965 2766 3119 2837 signa
3142 2774 3509 2821 monstrarent
3533 2784 3546 2821 :
3572 2764 3698 2836 quia

2103 2860 2192 2915 hic
2214 2876 2369 2915 suum
2400 2857 2726 2929 discipulum
2757 2873 2862 2912 non
2887 2857 3145 2923 curavit.,

2174 2954 2430 3010 Dominus
2449 2952 2483 3007 .I
2490 2970 2604 3007 esus
2631 2952 2871 3006 Christus
2898 2968 3013 3006 cum
3031 2951 3221 3023 spiritu
3249 2959 3355 3005 tuo.
3378 2948 3517 3019 Quia
3540 2962 3701 3006 carne

2106 3057 2351 3104 mortuus
2369 3087 2383 3112 ,
2415 3042 2777 3113 Spiritualiter
2804 3043 2966 3099 vivis.

2020 3133 2065 3196 C
2169 3137 2355 3193 Gratia
2380 3136 2659 3191 vobiscum.
2692 3134 2878 3190 Amen.

1250 3257 1375 3403 ΪΝ
1447 3318 2113 3403 EPISTOLAM
2188 3318 2346 3401 AD
2424 3315 2851 3400 TITUM.

924 3518 1152 3578 CAPUT
1191 3520 1475 3579 PRIMUM.

481 3612 682 3668 Paulus
719 3628 892 3667 servus
912 3610 1031 3667 Dei.
1065 3612 1181 3669 Non
1210 3617 1437 3685 peccati.

478 3702 758 3776 Apostolus
787 3714 956 3758 autem
999 3702 1128 3759 Jesu
1172 3707 1384 3765 Christi.
1430 3709 1550 3765 Non
1594 3711 1774 3767 omnis
1814 3726 2005 3768 servus

408 3798 726 3866 apostolus;
773 3795 894 3850 ideo
924 3806 1105 3851 autem
1135 3796 1367 3868 Christi,
1397 3802 1521 3872 quia
1549 3803 1618 3859 ab
1646 3804 1764 3874 ipso
1803 3805 2003 3862 missus

412 3888 594 3944 fuerat
626 3888 944 3959 praedicare.

485 3978 790 4037 Secundum
817 3980 973 4049 fidem
1007 3980 1280 4036 electorum
1308 3982 1439 4052 Dei,
1472 3993 1520 4039 et
1536 3987 1853 4058 agnitionem
1876 3991 2009 4045 veri-

414 4074 537 4129 tatis
558 4091 577 4127 :
601 4089 716 4145 qua:
741 4074 1021 4128 secundum
1046 4075 1283 4145 pietatem
1310 4085 1381 4132 est
1409 4078 1463 4131 in
1483 4096 1623 4147 spem
1646 4082 1763 4137 vita:
1781 4092 2006 4138 (sternte.

417 4165 724 4222 Secundum
773 4181 895 4221 eam
941 4166 1132 4235 tidem,
1179 4184 1284 4238 qua
1313 4170 1602 4227 credentes
1633 4173 1796 4230 electi
1836 4186 2007 4244 sunt,

414 4270 538 4311 cum
572 4267 961 4327 cognoscerent
999 4259 1333 4315 veritatem:
1378 4277 1497 4331 qum
1544 4265 1747 4335 agnitio
1791 4281 1901 4321 non
1942 4281 2010 4322 ex

418 4348 613 4404 merito
642 4358 754 4415 est,
787 4352 883 4406 sed
909 4367 977 4407 ex
1000 4351 1275 4408 Dominica
1305 4354 1559 4411 veritate.

2109 3522 2295 3578 Gratia
2324 3530 2371 3574 et
2400 3534 2532 3590 pax,
2571 3534 2605 3571 a
2629 3516 2740 3571 Deo
2768 3513 2929 3569 Patre
2954 3522 3003 3568 et
3038 3512 3245 3568 Christo
3281 3511 3409 3565 Jesu
3437 3509 3705 3567 Saluatore

2107 3626 2304 3670 nostro.
2338 3609 2648 3669 Secundum
2677 3607 2838 3662 tidem
2873 3606 3045 3669 illius,
3071 3620 3181 3660 non
3202 3613 3418 3659 natura.

2180 3706 2358 3776 Hujus
2378 3706 2452 3760 rei
2477 3705 2649 3775 gratia
2678 3700 2865 3771 reliqui
2895 3708 2943 3753 te
2969 3698 3161 3766 Creten,
3197 3708 3253 3752 ut
3279 3716 3338 3753 ea
3360 3714 3474 3768 qua:
3491 3698 3702 3762 desunt,

2110 3802 2340 3873 corrigas
2366 3816 2384 3853 :
2416 3807 2464 3852 et
2490 3796 2771 3851 constituas
2803 3810 2893 3862 per
2931 3793 3160 3846 civitates
3192 3791 3517 3862 presbyteros
3537 3832 3551 3855 ,
3579 3791 3705 3844 sicut

2109 3902 2155 3947 et
2200 3907 2294 3963 ego
2340 3889 2574 3961 disposui
2602 3886 2712 3942 tibi.
2754 3884 2889 3953 Quae
2916 3884 3145 3949 desunt,
3176 3893 3325 3939 recto
3370 3892 3565 3937 tenore
3590 3896 3705 3936 cor-

2112 3987 2228 4056 rige
2269 4000 2282 4038 :
2326 3991 2383 4039 et
2411 3993 2538 4037 tunc
2561 3980 2776 4036 demum
2808 3976 3155 4048 presbyteros
3178 3974 3384 4046 poteris
3413 3972 3698 4051 ordinare,

2112 4094 2235 4136 cum
2267 4091 2459 4133 omnes
2490 4076 2541 4131 in
2565 4072 2810 4131 Ecclesia
2837 4070 3037 4126 fuerint
3066 4068 3223 4125 recti.

2185 4173 2248 4229 Si
2265 4172 2379 4245 quis
2391 4173 2497 4228 sine
2517 4171 2730 4225 crimine
2750 4173 2856 4234 est,
2886 4168 3040 4220 unius
3069 4165 3250 4220 uxoris
3275 4166 3372 4222 vir.
3403 4162 3701 4220 Notandum

2113 4265 2257 4337 quod
2282 4267 2335 4320 in
2364 4264 2648 4321 sacerdote
2677 4262 2844 4318 etiam
2867 4260 2987 4314 aliis
3020 4259 3167 4315 licita
3189 4259 3568 4329 prohibentur.

2187 4355 2355 4411 Filios
2408 4356 2593 4409 habent
2622 4351 2833 4424 ﬁdeles,
2879 4367 2985 4406 non
3016 4352 3069 4405 in
3099 4351 3425 4405 accusatione
3448 4348 3665 4404 luxuria:
3685 4389 3701 4417 ,

494 4442 664 4509 Quam
703 4443 982 4515 promisit,
1025 4446 1113 4515 qui
1149 4462 1253 4500 non
1290 4448 1565 4515 mentitur,
1606 4447 1768 4503 Deus.
1821 4448 1878 4506 Si
1904 4466 2010 4508 non
2037 4431 2089 4492 D
2115 4458 2202 4502 aut
2251 4466 2356 4503 non
2392 4448 2647 4503 subditos.
2695 4445 2773 4501 Ne
2817 4459 2924 4499 non
2952 4445 3125 4515 possit
3152 4443 3420 4499 audenter
3443 4432 3704 4512 corripere

422 4536 679 4591 mentitur
704 4579 718 4603 ,
754 4552 861 4593 non
915 4537 1136 4595 exhibet
1164 4539 1338 4607 aliud,
1370 4556 1530 4611 quam
1562 4541 1704 4610 quod
1736 4544 2011 4611 promisit,

417 4629 611 4699 justis,
645 4628 884 4695 scilicet,
919 4643 972 4685 et
1008 4631 1219 4702 injustis
1253 4651 1266 4688 :
1299 4634 1543 4705 quamvis
1575 4632 1881 4691 hominibus
1910 4635 2013 4691 du-

420 4737 539 4777 rum
569 4735 689 4779 esse
716 4720 986 4779 videatur.

492 4816 626 4869 Ante
653 4824 884 4886 tempora
911 4817 1204 4872 swcularia.
1236 4818 1375 4873 Ante
1398 4819 1578 4875 omnia
1604 4829 1844 4891 tempora
1872 4820 2016 4893 apud

424 4920 484 4961 se
506 4908 789 4976 proposuit
819 4922 915 4978 per
936 4907 1131 4962 Filium
1162 4910 1372 4964 salvare
1394 4912 1702 4968 credentes.

498 4998 855 5069 Manifestavit
892 5009 1063 5054 autem
1103 5003 1416 5071 temporibus
1461 5004 1566 5057 suis
1612 5004 1817 5059 verbum
1845 5022 2012 5061 suum.

424 5089 574 5146 Tune
625 5089 991 5146 manilestavit
1035 5092 1320 5148 consilium
1372 5110 1562 5163 suum,
1609 5096 1823 5165 quando
1879 5113 2019 5169 pra:-

422 5185 624 5240 scierat
655 5184 857 5239 factum
905 5198 1056 5254 esse,
1087 5200 1305 5240 omnem
1348 5187 1558 5243 scilicet
1587 5189 1847 5244 mundum
1881 5205 1908 5243 a
1931 5190 2021 5261 ju-

422 5277 567 5334 stitia
597 5277 895 5333 diversum.

498 5368 566 5424 In
612 5369 1012 5440 praedicatione,
1059 5386 1176 5441 qutc
1219 5371 1416 5425 credita
1451 5380 1526 5426 est
1568 5374 1695 5427 mihi
1740 5375 2022 5429 secundum

426 5476 740 5535 prorceptum
788 5464 1071 5520 Salvatoris
1118 5465 1283 5518 nostri
1335 5464 1454 5521 Dei.
1520 5468 1637 5534 Quo
1687 5469 1911 5526 Paulum
1968 5480 2025 5526 ct

431 5556 732 5617 Barnabam
800 5574 1086 5632 segregare
1133 5562 1430 5634 prteccpit,
1482 5573 1539 5620 ut
1582 5565 1830 5635 gentibus
1885 5582 2023 5637 pra:-

430 5644 697 5705 dicarent.

509 5738 628 5795 Tito
678 5742 862 5797 dilecto
914 5740 1061 5809 ﬁlio,
1112 5740 1397 5797 secundum
1436 5762 1764 5809 communem
1813 5754 2026 5823 fidem:

2115 4542 2487 4612 delinquentes
2512 4557 2525 4593 :
2556 4539 2671 4595 sive
2713 4546 2775 4594 ut
2800 4537 3237 4609 experimentum
3268 4536 3386 4607 ejus
3412 4533 3703 4599 doctrinae,

2115 4634 2184 4690 de
2209 4633 2405 4689 domus
2430 4648 2542 4687 sua:
2576 4630 2863 4701 disciplina
2896 4638 3174 4685 noscatur.

2190 4727 2405 4797 Oportet
2427 4727 2563 4780 enim
2578 4725 2875 4795 episcopunt
2895 4723 3367 4779 sinecrimineesse.
3380 4719 3564 4790 Ipsum
3582 4719 3707 4775 dicit

2116 4819 2433 4891 episcopum
2458 4858 2472 4884 ,
2503 4832 2663 4889 quem
2697 4816 2949 4887 superius
2978 4815 3355 4885 presbyterum
3398 4810 3705 4867 nominavit.

2192 4917 2340 4973 Sicut
2401 4914 2498 4969 Dei
2553 4914 2982 4983 dispensatorem.
3053 4909 3113 4964 Si
3173 4923 3305 4978 ergo
3359 4906 3705 4962 humanarum

2120 5012 2301 5082 legum
2338 5009 2745 5078 dispensatores
2774 5003 3079 5075 presbyteri
3107 5009 3450 5073 qumruntur,
3478 5006 3533 5051 et
3574 4993 3704 5064 justi

2125 5105 2315 5176 quales
2338 5116 2462 5158 esse
2489 5100 2723 5166 debent,
2751 5098 2841 5169 qui
2873 5096 3055 5152 divina
3073 5095 3197 5165 jura
3223 5088 3565 5164 dispensant!

2196 5198 2319 5254 Non
2344 5194 2645 5268 superbum,
2660 5210 2763 5248 non
2780 5191 3111 5257 iracundum,
3135 5206 3239 5244 non
3259 5188 3595 5251 vinolentum,
3614 5200 3711 5237 non

2125 5308 2504 5367 percussorem,
2547 5306 2653 5345 non
2685 5287 2851 5359 turpis
2895 5287 3025 5341 lucri
3073 5284 3343 5357 cupidum.
3392 5279 3512 5336 Non
3560 5276 3715 5334 debet

2124 5388 2421 5458 discipulus
2448 5385 2650 5441 Christi
2680 5392 3000 5454 percutere:
3031 5381 3123 5452 qui
3151 5390 3451 5450 percussus
3502 5382 3621 5434 est,
3666 5378 3717 5425 ct

2127 5498 2233 5537 non
2258 5476 2609 5550 repercussit.
2635 5476 2751 5532 Non
2778 5485 2933 5545 turpe
2960 5473 3169 5529 lucrum
3193 5468 3466 5525 adulando
3491 5465 3712 5528 sectari,

2128 5581 2401 5628 terrenum
2433 5568 2675 5636 scilicet,
2704 5569 2793 5639 qui
2820 5566 3062 5623 caelestia
3087 5571 3142 5619 et
3164 5562 3349 5617 divina
3379 5558 3675 5632 promittit.

2202 5663 2305 5719 Sed
2338 5660 2663 5732 hospitalem.
2693 5660 2876 5715 Primo
2904 5658 3029 5713 vitia
3053 5653 3367 5721 damnavit,
3401 5660 3461 5706 ut
3492 5650 3720 5704 virtutes

2135 5756 2440 5827 insereret,
2470 5753 2768 5814 secundum
2799 5749 3245 5811 consuetudinem
3294 5745 3720 5818 Scripturarunt.
