4008 6188
339 242 445 308 897

1077 248 1622 313 COMMENTARIUS
1664 248 1728 311 1N
1773 249 2159 312 EPISTOLUI
2200 251 2294 311 AD
2335 253 2580 315 TITUM.
2622 257 2776 316 CAP.
2821 255 2884 315 ll.
2951 297 2959 305 .

3533 257 3640 321 893

415 361 723 437 Benignum.
754 360 821 420 Ut
849 362 1098 435 lmSpites
1125 382 1233 423 non
1263 382 1387 424 cum
1412 368 1623 426 tristitia
1643 415 1656 440 ,
1688 368 1784 426 sed
1811 383 1933 426 cum
1962 370 2016 433 Α
2040 369 2235 425 ordine
2267 381 2494 441 possunt
2520 373 2774 444 intelligi,
2797 373 3060 431 Ecclesia:
3080 376 3350 449 praecipue
3369 377 3642 450 seniores,

342 454 724 512 benevolentia
753 458 1036 529 suscipiat.

415 549 658 605 Sobrium
683 591 698 616 ,
720 553 927 623 justum
952 596 967 620 ,
999 560 1235 606 sanctum
1260 597 1274 623 ,
1304 554 1662 609 continentem.
1698 554 1938 612 lnconli-

342 641 616 710 nentiam,
669 644 752 698 vel
794 643 1216 712 continentiam,
1275 663 1563 718 numquam
1611 651 1938 720 Apostolus,

341 735 446 792 nisi
491 737 543 791 in
573 751 735 793 causa
765 738 1026 807 luxuriae,
1060 739 1190 795 dicit
1217 758 1230 795 :
1260 740 1465 811 justum
1492 743 1728 813 judicio,
1759 745 1940 800 conti-

343 831 526 886 nentia
554 837 802 885 sanctum
829 848 844 884 :
893 847 962 887 ne
990 832 1115 902 quia
1155 834 1312 889 unius
1341 835 1523 890 uxoris
1554 835 1758 892 fecerat
1784 851 1938 891 men-

346 919 550 976 tionem
570 963 586 989 ,
619 921 794 978 locum
837 923 1244 981 incontinentia:
1271 925 1490 982 dedisse
1520 936 1822 998 putaretur.

414 1015 820 1085 Amplectentem
855 1034 1004 1085 eum,
1047 1021 1140 1090 qui
1169 1021 1453 1075 secundum
1500 1023 1788 1076 doctrinam
1823 1033 1897 1078 est
1920 1064 1937 1091 ,

341 1104 548 1175 ﬁdelem
577 1123 884 1163 sermonem.
920 1109 1242 1181 Diligentem
1275 1110 1581 1167 doctrinam
1604 1155 1618 1178 ,
1646 1124 1697 1167 et
1725 1127 1941 1184 semper

341 1199 470 1255 inde
501 1201 811 1272 loquentem
841 1222 854 1259 :
883 1219 992 1259 non
1018 1204 1233 1263 fabulas
1260 1209 1551 1264 szeculares
1579 1215 1633 1262 et
1662 1223 1850 1264 vanas.

418 1294 488 1351 Ut
531 1308 709 1370 potens
748 1299 816 1353 sit
861 1299 1122 1354 exhortari
1169 1301 1222 1354 in
1268 1302 1505 1355 doctrina
1547 1318 1708 1367 sana,
1762 1312 1809 1357 et
1853 1321 1942 1359 eos

339 1390 430 1460 qui
480 1393 841 1447 contradicunt
899 1411 1133 1467 arguere.
1189 1395 1335 1450 Talis
1376 1395 1655 1467 eligendus
1695 1404 1809 1463 est,
1849 1399 1943 1469 qui

344 1482 624 1541 exhortari
666 1487 864 1556 possit,
892 1495 950 1543 et
997 1487 1428 1543 contradicentes
1472 1504 1700 1560 arguere
1746 1491 1799 1544 in
1841 1490 1942 1545 do-

339 1574 514 1631 ctrina
560 1593 720 1647 sana,
766 1595 889 1650 quae
938 1590 1093 1636 sanat
1139 1581 1450 1650 audientes,
1495 1584 1612 1640 sive
1638 1599 1758 1655 quas
1797 1584 1943 1640 nulla

339 1665 572 1725 falsitate
594 1681 850 1740 corrupta
872 1681 975 1728 est.

2045 463 2242 534 quibus
2271 466 2525 521 omnibus
2553 467 2781 522 formam
2817 469 3061 538 prtebere
3087 487 3312 528 necesse
3338 482 3441 530 est.

2115 555 2259 611 Anus
2278 557 2532 612 similiter.
2561 559 2693 626 Qua:
2724 559 2792 615 ad
2812 560 3040 618 aliarum
3067 561 3404 636 eligebantur
3450 579 3641 623 exem-

2050 647 2221 719 p!um.

2114 739 2182 794 In
2203 739 2382 796 habitu
2407 750 2626 797 sancto:
2657 758 2761 796 non
2791 741 3187 802 criminatrices.
3232 746 3457 806 Habitus
3493 753 3637 810 enim

2043 847 2150 887 non
2173 846 2393 889 sanctus
2419 843 2536 902 est,
2563 833 2632 891 de
2657 847 2764 906 quo
2801 834 2930 890 alibi
2973 835 3105 892 dicit
3132 855 3146 892 :
3191 836 3308 894 Non
3349 842 3504 899 tortis
3533 845 3638 900 cri-

2044 926 2224 993 nibus,
2249 936 2304 982 et
2323 927 2554 998 reliqua.

2118 1019 2241 1072 Non
2270 1020 2433 1074 multa
2461 1022 2578 1076 vino
2600 1023 2893 1078 servientes.
2929 1022 3036 1080 Sed
3059 1039 3230 1096 parvo
3256 1035 3493 1085 utentes.

2114 1106 2253 1163 Bene
2310 1110 2574 1177 docentes,
2630 1120 2687 1166 ut
2743 1114 3070 1184 prudentiam
3133 1115 3374 1196 doceant.
3432 1119 3639 1180 Docere

2044 1197 2153 1254 illis
2181 1202 2454 1270 permisit,
2489 1203 2584 1258 sed
2617 1204 2842 1262 feminas
2869 1225 2883 1262 :
2915 1215 2970 1264 et
3003 1210 3104 1264 hoc
3135 1225 3240 1266 non
3273 1211 3326 1267 in
3363 1212 3631 1285 Ecclesia,

2044 1289 2140 1346 Sed
2170 1292 2441 1360 privatim.

2117 1383 2562 1454 Adolescentutas,
2596 1393 2652 1440 ut
2677 1387 2811 1442 viros
2840 1404 2961 1443 suos
2983 1399 3182 1460 ament,
3211 1393 3350 1463 ﬁlios
3371 1412 3490 1452 suos
3508 1399 3636 1453 dili-

2045 1485 2168 1546 gant
2194 1519 2208 1542 ,
2240 1479 2549 1548 prudentes,
2583 1489 2752 1536 castas
2777 1521 2792 1547 ,
2816 1483 3030 1537 sobrias.
3067 1485 3182 1540 Non
3221 1488 3426 1545 alienos
3459 1507 3472 1544 :
3523 1493 3641 1549 sive

2046 1567 2170 1624 ideo
2193 1570 2350 1638 dicit,
2387 1588 2454 1627 ne
2482 1573 2634 1641 aliae,
2663 1589 2783 1645 quae
2811 1577 3152 1634 continentes
3176 1590 3361 1650 erant,
3392 1599 3497 1637 non
3520 1585 3644 1641 dili-

2045 1674 2234 1734 gerent
2257 1665 2401 1720 viros
2423 1682 2550 1721 suos
2573 1709 2587 1733 ,
2607 1678 2662 1723 et
2685 1669 2912 1724 verbum
2939 1669 3034 1726 Dei
3065 1680 3335 1744 tamquam
3361 1674 3642 1733 dissidium

419 1759 556 1816 Sunt
589 1762 722 1816 enim
768 1762 919 1817 multi
955 1765 1108 1819 etiam
1156 1765 1500 1822 inobedientes
1521 1810 1536 1836 ,
1579 1770 1842 1841 vaniloqui
1890 1778 1938 1823 et
1970 1770 2015 1831 B
2044 1756 2346 1827 ρνωάὶεθηε
2369 1799 2383 1824 ι
2415 1759 2747 1828 culparetur-

335 1855 655 1909 seductores.
687 1855 1013 1932 Apostoljcac
1038 1856 1299 1914 doctrinae
1325 1874 1432 1914 non
1456 1859 1898 1932 obtemperantes
1915 1902 1931 1928 ,

334 1955 390 2001 et
420 1945 487 2000 ad
520 1945 726 2000 nullum
757 1948 1055 2018 profectum
1087 1949 1394 2021 loquentes.

408 2037 644 2096 Maxime
656 2051 850 2107 autem,
866 2044 957 2114 qui
978 2043 1040 2097 de
1060 2045 1448 2100 circumcisione
1467 2055 1605 2102 sunt.
1630 2046 1729 2116 Qui
1746 2047 1935 2103 huma-

332 2146 433 2187 nas
447 2134 624 2202 potius
638 2135 952 2191 traditiones
966 2135 1272 2203 observant,
1290 2155 1446 2208 quam
1466 2139 1647 2194 divina
1662 2142 1930 2196 mandata.

409 2225 553 2292 Quos
575 2236 776 2297 oportet
798 2230 1078 2302 redargui,
1106 2233 1193 2297 qui
1221 2232 1481 2288 universas
1503 2233 1680 2288 domos
1720 2234 1933 2289 subver-

335 2328 486 2390 tunt,
533 2322 770 2377 docentes
806 2340 922 2392 quae
959 2341 1060 2379 non
1103 2335 1334 2395 oportet,
1367 2328 1533 2398 turpis
1578 2326 1712 2382 lucri
1739 2330 1931 2399 gratia.

335 2413 468 2483 Qua:
485 2414 599 2486 jam
625 2415 906 2487 superﬂua
929 2419 1262 2488 temporibus
1292 2421 1492 2477 Christi
1525 2439 1538 2476 :
1577 2423 1932 2480 caaremonias

335 2519 518 2563 autem
542 2507 856 2565 .ludxcorum
887 2510 958 2565 ab
989 2511 1068 2566 eis
1090 2511 1270 2568 doceri
1299 2512 1451 2569 dicit.

408 2599 774 2672 Dixitquidam
788 2619 852 2657 ea:
875 2603 980 2657 illis
1000 2604 1238 2676 proprius
1264 2606 1491 2678 ipsorum
1516 2609 1790 2680 propheta.
1814 2607 1936 2663 Cal-

338 2691 603 2748 limachus
635 2693 864 2750 scilicet.
897 2694 1032 2751 Vide
1061 2698 1246 2767 quales
1272 2707 1430 2766 sunt,
1465 2700 1556 2770 qui
1581 2701 1744 2756 etiam
1769 2715 1796 2754 a
1822 2699 1935 2755 suis

346 2787 456 2842 tale
486 2787 856 2843 testimonium
887 2801 1285 2859 promerentur.
1640 2853 1645 2858 κ

409 2880 674 2937 Cretenses
741 2899 940 2954 semper
1016 2886 1308 2939 mendaces.
1363 2887 1626 2941 Amantcs
1679 2886 1931 2957 mentiri,

338 2971 489 3028 noxii
520 2982 803 3042 oratores,
836 2975 1037 3045 pariter
1063 2976 1246 3032 otiosi.

409 3063 571 3119 Mala:
598 3064 808 3132 bestiat,
870 3076 1066 3122 ventres
1109 3069 1270 3142 pigri.
1318 3068 1446 3126 Ideo
1496 3069 1658 3126 ferias
1725 3080 1782 3126 et
1823 3072 1934 3129 otia

337 3153 578 3212 libenter
602 3158 916 3215 admittunt.

412 3245 776 3305 Testimonium
823 3251 920 3307 hoc
947 3269 1118 3308 verum
1143 3263 1238 3309 est.
1272 3254 1439 3322 Quam
1478 3253 1539 3309 ob
1570 3273 1811 3324 causam,
1852 3258 1935 3311 in-

335 3358 491 3415 crepa
527 3344 641 3399 illos
671 3346 830 3411 dare,
872 3355 929 3400 ut
955 3349 1070 3402 sani
1097 3349 1199 3403 sint
1228 3351 1281 3403 in
1312 3350 1418 3419 ﬁde
1438 3365 1458 3406 :
1486 3368 1589 3405 non
1617 3353 1936 3408 intendentes

332 3433 576 3492 Judaicis
628 3439 817 3510 fabulis
856 3448 901 3494 et
934 3442 1192 3497 mandatis
1217 3441 1504 3498 hominum.
1528 3445 1935 3504 Traditionibus

335 3527 624 3602 humanis,
663 3533 730 3590 de
774 3536 969 3606 quibus
1015 3537 1271 3594 Dominus
1313 3540 1366 3594 in
1411 3540 1705 3612 Evangelia
1735 3542 1936 3598 Judacis

333 3621 614 3694 loquitur:
641 3629 939 3684 secundum
970 3628 1183 3698 Isaiam,
1213 3631 1501 3688 Dominum
1527 3649 1634 3689 non
1661 3633 1716 3689 in
1747 3635 1933 3704 corde,

334 3717 436 3773 sed
461 3717 515 3773 in
547 3719 703 3775 labiis
732 3720 1084 3780 honorantes.

410 3808 769 3868 Aversantium
790 3833 845 3870 se
874 3832 907 3869 a
927 3821 1157 3872 veritate.
1189 3817 1324 3874 Novi
1348 3818 1555 3876 scilicet
1581 3819 1934 3876 Testamenti.

415 3902 606 3959 Omnia
669 3907 864 3963 munda
921 3910 1151 3965 mundis.
1212 3910 1345 3978 Quia
1405 3913 1586 3970 adhuc
1636 3914 1936 3970 secundum

333 3996 540 4069 Legem
570 3999 848 4058 immunda
882 4003 1172 4059 vocabant.

411 4092 766 4163 Coinquinatis
794 4105 966 4150 autem
991 4109 1039 4151 et
1091 4097 1407 4166 infidelibus.
1469 4097 1814 4170 Coinquinati
1883 4108 1938 4155 ct

333 4185 591 4241 inﬁdeles
621 4196 774 4255 sunt,
805 4188 895 4258 qui
927 4205 1034 4244 non
1061 4190 1290 4245 credunt
1312 4190 1501 4262 jugum
1533 4190 1692 4262 Legis
1733 4209 1762 4245 a
1791 4193 1936 4248 collo

329 4276 674 4332 credentium
709 4273 1300 4338 Dominumabstulissc
1338 4299 1351 4335 :
1382 4283 1434 4338 id
1457 4291 1568 4352 est,
1601 4284 1782 4338 omnia
1817 4299 1938 4355 qua:

331 4369 713 4440 temporaliter
741 4371 952 4427 fuerant
979 4373 1244 4429 instituta.

410 4463 520 4518 Sed
545 4463 830 4534 inquinata:
851 4474 967 4519 sunt
997 4481 1175 4521 eorum
1221 4477 1269 4522 et
1322 4483 1459 4522 mens
1504 4475 1551 4522 et
1600 4466 1932 4524 conscientia.

333 4557 431 4613 Eti
453 4574 522 4612 :m
554 4559 606 4613 in
638 4557 742 4615 hoc
768 4559 908 4632 ipso.

412 4651 736 4720 Conﬁtentur
778 4669 833 4708 se
886 4671 1035 4709 nosse
1063 4651 1250 4721 Deum,
1306 4656 1460 4726 factis
1503 4666 1675 4712 autem
1720 4665 1931 4730 negant.

334 4743 410 4799 Se
440 4744 634 4801 melius
660 4744 933 4802 Christum
964 4747 1150 4803 dicunt
1198 4763 1390 4815 nosse,
1421 4759 1477 4805 ut
1517 4749 1660 4820 Lege
1705 4752 1938 4820 promis-

336 4852 462 4891 snm
497 4855 507 4888 :
532 4838 627 4893 sed
649 4837 826 4907 factis,
852 4839 969 4909 ejus
993 4840 1282 4895 adventmn
1313 4851 1510 4912 negant
1535 4860 1546 4894 :
1577 4857 1701 4896 cum
1730 4857 1790 4898 se
1818 4843 1937 4898 sine

334 4929 478 5000 legis
504 4933 702 4988 auxilio
726 4942 915 5004 putant
936 4933 1220 5004 justillcari
1251 4952 1356 4988 non
1383 4949 1563 5004 posse.

411 5031 545 5087 Cum
564 5030 666 5085 sint
688 5031 969 5084 abominati
995 5039 1043 5084 et
1071 5029 1393 5084 incredibiles
1415 5075 1429 5098 ,
1461 5039 1509 5084 et
1541 5029 1607 5083 ad
1630 5045 1779 5083 omne
1805 5047 1938 5103 Opus

333 5131 528 5187 tonum
566 5126 790 5200 reprobi.
815 5124 873 5179 In
909 5123 1024 5179 sola
1051 5121 1394 5177 confessione
1417 5122 1550 5191 legis
1572 5121 1938 5192 religiosiores

333 5241 399 5282 se
429 5224 645 5290 dicunt,
674 5235 798 5277 cum
824 5217 916 5274 illa
948 5231 1056 5272 non
1083 5213 1311 5283 faciant,
1343 5229 1462 5285 quae
1490 5221 1827 5285 qumruntur.

947 5357 1207 5435 CAPUT
1247 5373 1310 5432 ll.

412 5497 496 5555 Tu
537 5505 708 5552 autem
754 5493 993 5566 loquere,
1031 5506 1148 5563 qum
1191 5490 1371 5546 decent
1399 5505 1582 5545 sanam
1619 5488 1931 5545 doctrinam.

333 5593 479 5663 Qua:
507 5590 574 5644 ad
603 5589 766 5645 vitam
794 5585 1066 5657 pertinent
1103 5583 1325 5640 Christi.

414 5685 604 5750 Senes,
663 5691 718 5736 ut
774 5679 930 5735 sobrii
974 5681 1106 5745 sint,
1153 5678 1362 5748 pudici,
1406 5678 1709 5748 prudentes,
1740 5678 1854 5734 sani
1883 5677 1936 5732 in

334 5781 474 5855 ﬁde,
507 5778 561 5835 in
590 5775 861 5833 dilectione
884 5815 899 5845 ,
929 5775 983 5830 in
1011 5773 1279 5846 patientia.
1311 5771 1408 5828 llic
1433 5787 1594 5831 senes
1635 5779 1792 5829 actate
1818 5812 1833 5842 ,
1883 5777 1940 5828 et

2107 1851 2304 1905 Domus
2335 1867 2514 1906 curam
2553 1853 2817 1910 habentes.
2867 1850 2946 1911 Ne
2990 1855 3138 1913 viros
3180 1873 3312 1916 suos
3357 1858 3410 1916 in
3459 1860 3646 1933 aliquo

2034 1945 2445 2000 contristarcnt.

2105 2032 2386 2104 Benignas,
2419 2036 2654 2092 subditas
2679 2037 2803 2093 viris
2830 2038 2938 2094 suis
2966 2054 2984 2094 :
3029 2049 3084 2096 ut
3126 2059 3228 2097 non
3258 2041 3643 2114 blasphemetur

2035 2125 2241 2180 verbum
2265 2127 2380 2181 Dei.
2397 2127 2474 2183 Ne
2495 2131 2583 2186 vel
2609 2130 2740 2202 ipsae
2762 2132 3161 2204 blasphement,
3177 2137 3220 2191 si
3242 2137 3476 2208 gentiles
3491 2150 3642 2208 sunt,

2033 2217 2121 2272 vel
2151 2217 2244 2271 alii
2271 2218 2515 2275 videntes
2559 2236 2651 2278 eas
2700 2222 2917 2293 pejores
2946 2224 3189 2294 cll‘ectas,
3219 2242 3385 2299 quam
3417 2227 3637 2286 fuerant

2035 2319 2164 2366 ante
2195 2309 2378 2366 tidem.

2106 2402 2328 2458 Juvenes
2371 2403 2606 2460 similiter
2634 2404 2862 2477 hortare,
2895 2417 2948 2462 ut
2972 2409 3132 2465 sobrii
3156 2411 3282 2468 sint.
3314 2411 3640 2472 Auferentes

2037 2497 2105 2553 ab
2135 2498 2215 2554 eis
2243 2513 2462 2554 causam
2487 2499 2735 2559 luxuriae.

2109 2591 2176 2648 In
2203 2595 2462 2651 onmibus.
2504 2597 2636 2664 Quae
2675 2597 2999 2670 junguntur,
3030 2601 3143 2660 sive
3170 2619 3278 2661 non
3307 2605 3484 2662 solum
3514 2621 3638 2665 eor—

2036 2704 2190 2760 pore,
2217 2691 2312 2745 sed
2341 2699 2394 2746 et
2425 2701 2624 2750 mente.

2112 2781 2354 2853 Teipsum
2405 2786 2572 2857 prwbe
2622 2788 2910 2860 exemplum
2958 2788 3206 2846 bonorum
3261 2809 3496 2865 operum.
3552 2794 3633 2852 Ne

2037 2876 2288 2946 exemplo
2319 2877 2570 2934 deSIruas
2600 2881 2846 2950 verbum,
2876 2891 2928 2938 et
2977 2893 3036 2937 ut
3064 2883 3330 2942 audenter
3370 2886 3636 2959 corripias

2040 2965 2438 3035 delinquentes.
3622 3008 3636 3042 α

2112 3059 2178 3114 In
2207 3061 2461 3130 doctrina,
2495 3063 2547 3118 in
2569 3063 2885 3138 integritate,
2911 3065 2965 3122 in
2989 3068 3260 3138 gravitate.
3287 3069 3404 3138 Quo
3433 3073 3638 3131 solum-

1961 3159 2006 3224 ρ
2040 3154 2200 3208 modo
2229 3154 2412 3211 doceri
2447 3156 2652 3226 p0tcst“;
2687 3159 2968 3230 integritas
3001 3176 3131 3217 vero
3173 3178 3273 3219 nec
3320 3167 3634 3224 muneribus

2037 3249 2427 3319 corrumpitur,
2456 3265 2554 3306 nec
2581 3252 2898 3322 acceptione
2922 3268 3192 3323 personae.

2118 3342 2337 3398 Verbum
2359 3362 2565 3414 sanum,
2590 3346 3049 3417 irreprehensibile.
3078 3349 3284 3407 Nullius
3309 3351 3639 3411 adulationis

2037 3438 2360 3492 accensionc
2392 3437 2674 3508 languens.

2114 3529 2183 3586 Ut
2204 3533 2266 3598 is,
2292 3530 2379 3601 qui
2407 3547 2470 3585 ea:
2497 3530 2710 3585 adverso
2735 3540 2832 3600 est,
2861 3543 3114 3605 vereatur,
3148 3535 3280 3590 nihil
3308 3535 3498 3594 habens
3527 3555 3640 3595 ma-

2041 3623 2148 3678 lum
2177 3623 2345 3678 dicere
2372 3624 2434 3678 de
2462 3623 2620 3679 vobis.
2651 3624 2751 3693 Qui
2800 3624 2894 3682 tibi
2920 3635 3102 3697 potest
3149 3631 3550 3702 contradicere,
3585 3633 3632 3690 si

2040 3715 2167 3786 quid
2195 3717 2247 3769 in
2283 3727 2335 3772 te
2366 3716 2473 3772 tale
2503 3716 2796 3773 notaverit.

2113 3809 2297 3866 Servos
2345 3812 2569 3866 dominis
2607 3813 2715 3867 suis
2751 3812 2988 3868 subditos
3012 3829 3142 3884 esse,
3173 3814 3228 3870 in
3256 3815 3488 3873 omnibus
3517 3818 3637 3890 pla-

2039 3911 2221 3957 centes.
2250 3902 2381 3971 Quze
2407 3904 2674 3972 imperant
2697 3904 2864 3974 justa.

2116 3991 2238 4048 Non
2255 3994 2677 4050 contradicentes.
2709 3995 2788 4053 Ne
2809 3997 3308 4056 murmurationem
3351 3999 3638 4072 facientes,

2039 4098 2096 4146 et
2123 4090 2374 4147 mercede
2403 4092 2715 4162 privemini,
2761 4102 2816 4148 et
2849 4093 3098 4150 homines
3125 4095 3370 4151 existatis
3413 4097 3637 4167 ingrati.

2112 4181 2236 4238 Non
2264 4184 2588 4255 fraudantes,
2619 4184 2710 4239 sed
2731 4185 2784 4240 in
2811 4186 3045 4241 omnibus
3073 4185 3228 4256 ﬁdem
3252 4187 3436 4240 bonam
3471 4197 3642 4243 osten-

2042 4275 2239 4332 dentes.
2273 4277 2396 4333 Sive
2425 4277 2478 4332 in
2510 4276 2596 4332 his
2623 4292 2745 4348 qua:
2775 4277 2886 4334 illis
2916 4277 3308 4346 cenceduntur,
3341 4278 3457 4333 sive
3482 4287 3542 4333 ut
3583 4279 3638 4335 in

2042 4385 2211 4441 opere
2239 4371 2528 4426 ostendant
2557 4371 2756 4427 bonum
2787 4387 2912 4428 esse
2941 4370 3084 4442 quod
3110 4370 3358 4426 credunt.

2119 4462 2185 4518 Ut
2208 4463 2498 4518 doctrinam
2527 4463 2819 4520 Salvatoris
2839 4465 3003 4518 nostri
3044 4461 3141 4517 Dei
3178 4474 3360 4519 ornent
3386 4464 3441 4520 in
3474 4467 3643 4522 omni-

1965 4557 2014 4619 D
2040 4557 2154 4612 bus.
2187 4559 2321 4613 Dum
2353 4573 2540 4613 eorum
2563 4557 2820 4628 operibus
2850 4555 3160 4611 laudantur.

2112 4648 2373 4722 Apparuit
2401 4651 2537 4704 enim
2561 4650 2732 4721 gratia
2759 4647 2856 4703 Dei
2886 4656 2933 4702 et
2973 4646 3262 4704 Saluatoris
3283 4648 3446 4704 nostri
3473 4649 3641 4704 omni-

2042 4744 2134 4798 bus
2162 4741 2474 4796 hmninibus.
2506 4739 2718 4796 Nullam
2750 4739 3117 4796 conditionem
3148 4739 3369 4811 excipit.

2113 4833 2376 4889 Erudiens
2397 4849 2511 4901 nos,
2537 4842 2593 4888 ut
2612 4833 2916 4904 abnegantes
2937 4833 3254 4903 impietatem
3299 4842 3347 4889 et
3371 4833 3642 4890 sacularia

2042 4926 2323 4982 desideria.
2357 4924 2629 4980 Saeculare
2656 4933 2739 4979 est
2768 4939 2929 4980 omne
2958 4922 3289 4979 desiderium
3315 4923 3559 4994 carnale,
3583 4933 3639 4980 et

2042 5019 2218 5075 omnis
2249 5015 2512 5071 habitatio
2540 5016 2872 5086 temporalis.

2114 5109 2318 5166 Sobrie.
2361 5107 2630 5177 Perfecto,
2667 5109 2893 5164 Domino
2941 5107 3155 5166 dicente
3185 5126 3198 5161 :
3231 5107 3534 5176 Attendite,
3563 5123 3634 5165 ne

2040 5213 2331 5279 graventur
2357 5203 2520 5260 corda
2565 5211 2745 5260 vestra
2794 5203 2848 5258 in
2889 5204 3129 5276 crapula,
3171 5212 3231 5262 et
3261 5203 3549 5270 ebrietate,
3580 5209 3640 5260 et

2040 5299 2186 5356 curis
2213 5297 2372 5368 hujus
2396 5297 2544 5352 vitae.

2112 5390 2182 5446 Et
2212 5394 2356 5464 juste
2383 5399 2430 5446 et
2464 5390 2549 5461 pie
2575 5389 2799 5444 vivamus
2828 5389 2884 5444 in
2911 5389 3007 5444 hoc
3031 5387 3239 5444 steculo.
3281 5385 3496 5444 Justitia
3526 5397 3639 5444 non

2043 5493 2392 5554 temperatur,
2423 5482 2528 5536 nisi
2555 5481 2725 5551 pietas
2750 5482 3096 5553 adjnngatur.

2110 5578 2481 5648 Exspectantes
2511 5575 2711 5631 beatam
2752 5591 2914 5646 spem.
2946 5573 3052 5642 Qui
3083 5573 3202 5645 ejus
3228 5570 3483 5630 mandata
3512 5583 3638 5629 ser-

2039 5672 2309 5729 vaverint.

2114 5763 2184 5822 Et
2207 5765 2482 5821 adventum
2523 5762 2705 5836 gloria:
2739 5761 2916 5838 magni
2946 5760 3040 5821 Dei
3066 5769 3116 5819 et
3149 5758 3440 5820 Saluatoris
3478 5755 3644 5817 nostri
