4012 6192
505 232 643 287 1025

501 359 706 414 cret'iant.
730 353 859 404 inter
876 365 953 414 se,
967 349 1077 400 252.
1096 346 1356 414 Humilitas
1379 346 1610 414 Mattlttei,
1629 347 1708 398 57.
1727 347 1782 396 In
1807 347 2088 398 Matthzeum

506 409 677 462 Hilarii
700 422 751 463 et
769 409 1000 464 Victorini
1023 411 1390 467 commentaria,
1417 409 1531 460 246.

507 474 822 586 IvMfztsuritas
844 488 1028 525 morum
1054 474 1239 536 pariter
1265 479 1316 521 et
1338 475 1496 522 astatis
1517 475 1565 520 in
1584 472 1785 522 senibus
1805 471 2087 535 spectanda,

582 577 596 586 .
703 546 747 586 et
771 551 902 586 sena.
1823 579 1830 586 .

703 546 747 588 et
771 551 902 597 seqq.

582 577 596 600 ,
619 551 681 586 48
703 551 747 588 et
771 551 902 601 seqq.
1245 599 1254 607 .

573 600 792 650 Mavorte
817 608 869 649 et
897 599 1106 648 Masorte
1132 604 1284 646 vestis
1307 610 1485 655 genus,
1510 596 1550 659 Ι,
1575 595 1654 646 97.

573 662 745 723 Mauri,
775 663 880 710 vatti
905 662 1150 721 dicuntur,
1176 659 1285 717 VII,
1309 659 1418 708 416.

575 723 628 772 In
653 718 940 772 Mauritania
963 718 1185 773 Christus
1203 724 1513 782 praedtcatus,
1534 719 1642 779 VII,
1668 718 1776 770 265.

573 785 821 834 Mausolea
845 785 977 835 unde
1001 785 1166 834 dicta?
1190 784 1252 844 Il,
1278 784 1386 834 510.

576 847 820 896 Mausolus
837 850 906 896 vir
934 849 1230 908 Artemisiae,
1261 848 1319 903 ll.
1344 847 1450 897 510.

575 909 766 974 Maxilla
783 913 849 974 de
871 910 1079 974 victimis
1096 906 1432 974 sacerdotibus
1450 909 1551 957 dari
1573 906 1714 956 solita
1737 907 1852 970 quid
1872 914 2029 969 notet,
2051 907 2092 966 I,

647 971 841 1020 Maxilla
869 987 956 1032 pro
978 971 1279 1032 eloquentia,
1305 971 1370 1021 ib.

510 1035 916 1146 “Maximianus,
956 1037 1048 1084 sub
1077 1031 1175 1096 Quo
1200 1035 1477 1096 persecutio
1509 1035 1556 1082 iu
1589 1037 1692 1082 toto
1724 1032 1843 1081 orbe
1866 1031 1984 1085 fuit.
2021 1032 2092 1093 V,

571 1159 981 1222 Maximianopolis
1004 1159 1192 1222 civitas,
1217 1158 1306 1221 VI,
1327 1159 1436 1210 904.

575 1218 939 1271 Maximillteet
976 1218 1207 1270 Priscillae
1256 1218 1484 1275 haeresis.
1519 1219 1579 1278 Ι,
1614 1220 1723 1267 857.
1751 1218 2018 1267 Maximilla
2045 1227 2096 1269 et

725 1284 1047 1346 proiihetasse
1074 1322 1088 1342 ,
1135 1284 1428 1333 daemoniaco
1475 1284 1723 1345 inspiratae
1762 1283 1975 1343 Spiritu,
2021 1281 2089 1338 V,

574 1349 619 1383 ἢ.

509 1409 864 1522 v1lliggisminus
907 1414 1200 1471 persecutor
1220 1409 1436 1456 omnium
1468 1408 1782 1467 szevissituus,
1808 1405 1893 1468 IV,
1915 1407 2025 1465 954,
2051 1412 2096 1456 el

574 1511 890 1593 Maximus
909 1533 1178 1583 cunctando
1201 1535 1418 1582 restituit
1442 1545 1570 1592 rem,
1593 1529 1637 1592 Ι,
1661 1529 2094 1593 458.Hannihalem

511 1591 746 1656 patientia
774 1609 859 1644 sua
892 1595 1060 1658 fregit,
1077 1597 1186 1644 659.
1208 1594 1445 1658 Nonnulla
1469 1596 1534 1658 de
1560 1591 1769 1642 Maximo
1795 1591 2094 1652 referuntur,

511 1659 620 1709 544.
647 1656 1135 1708 Maximorumvirtus
1159 1659 1202 1705 in
1230 1657 1357 1705 luctu
1385 1656 1584 1714 laudata,
1613 1660 1638 1706 3
1647 1658 1726 1705 55.

575 1723 812 1772 Maximus
832 1731 1086 1782 tyrannus,
1108 1719 1172 1777 Il,
1198 1719 1307 1769 947.

575 1786 815 1833 Maximus
842 1781 1173 1845 philosophus,
1204 1783 1268 1845 Il,
1290 1781 1400 1832 945.

578 1847 815 1896 Maximus
833 1841 1177 1894 Alexandrina:
1203 1844 1431 1893 Iicclesire
1450 1843 1737 1904 Epismpus,
1754 1841 1864 1889 9l5.

577 1911 758 1957 Mazaca
788 1907 1120 1967 Cappadocum
1157 1905 1437 1968 metropolis
1460 1902 1700 1954 a‘Czesare
1725 1902 1959 1965 Augusto
1993 1902 2098 1953 Ca9-

510 1983 651 2019 sarea
674 1970 937 2032 appellata,
958 1969 1040 2027 IV,
1057 1969 1165 2020 817.

573 2029 816 2082 Mazuroth
849 2029 1105 2079 Zodiacum
1131 2036 1282 2088 notat,
1309 2029 1350 2089 Ι,
1375 2029 1486 2084 567.

579 2094 763 2144 Mecltir
784 2093 1031 2142 undecimi
1055 2096 1238 2143 mensis
1258 2094 1382 2154 apud
1405 2092 1557 2153 Aigyp

572 2131 1306 2217 ttat:adgesszstagstatt
1322 2131 1577 2211 ἶῑῑξῖτῖἶ
1602 2131 1770 2201 Matio;
1799 2131 2100 2204 'v'licat'béﬁé

509 2217 830 2268 sanctiﬁcatos
853 2231 988 2279 suos,
1017 2228 1068 2267 et
1089 2217 1530 2267 Nabuchodonosor
1553 2229 1749 2279 servum
1779 2230 1919 2265 suum
1943 2226 1994 2266 et
2015 2230 2100 2264 co-

511 2281 722 2330 lumbam
741 2319 753 2335 ,
789 2283 895 2331 170.
933 2277 1184 2329 Medorum
1209 2281 1374 2340 gentis
1401 2287 1569 2327 auctor
1595 2277 1766 2340 Matlai,
1792 2279 1901 2328 245.
1931 2279 2099 2328 Medo-

511 2355 617 2391 rum
642 2355 696 2392 ac
721 2344 980 2392 Persarum
1004 2344 1051 2391 in
1074 2339 1368 2405 Babylbnem
1385 2343 1618 2405 impetus,
1647 2339 1753 2389 175.
1781 2341 2030 2405 Medorum
2050 2349 2102 2391 et

513 2405 774 2454 Persarum
816 2419 965 2454 unum
997 2407 1088 2453 sub
1127 2403 1272 2454 Dario
1293 2441 1307 2464 ,
1345 2413 1396 2454 et
1437 2403 1560 2467 Cyro
1579 2415 1812 2467 regnum,
1843 2403 1904 2464 V,
1939 2405 2101 2467 67561

511 2480 611 2530 seq.
639 2468 888 2517 Medorum
912 2479 1119 2528 regnum
1142 2467 1297 2528 majus
1322 2473 1398 2530 est
1412 2464 1556 2530 gu'arn
1579 2464 1981 2530 Persarutn.656.
1999 2466 2102 2530 Me-

513 2527 687 2580 dorum
729 2539 776 2580 et
805 2527 1066 2579 Persarum
1091 2527 1298 2589 regnum
1322 2541 1349 2574 a
1387 2527 1731 2576 Macedonibus
1752 2529 1992 2584 deletum,
2010 2528 2098 2589 Vl,

513 2591 620 2655 825.
648 2593 790 2655 Apud
817 2593 982 2642 Medos
1006 2599 1187 2639 versari
1214 2594 1440 2641 dicuntur
1475 2589 1772 2655 Hieronymo
1799 2590 1974 2655 Israel,
1995 2593 2098 2640 sive

512 2652 705 2705 decem'
729 2656 914 2713 tribus,
937 2655 1044 2704 798.
1070 2655 1320 2704 Medorum
1350 2662 1483 2702 terra
1514 2652 1766 2714 latissima,
1792 2653 1869 2701 45.
1897 2653 2025 2702 Medi
2052 2661 2102 2703 ot

516 2715 706 2774 Persae.
744 2732 893 2767 unum
911 2731 1118 2777 regnum
1143 2718 1342 2776 faciunt,
1367 2715 1480 2765 790.

578 2780 814 2829 Medicina
848 2781 899 2828 in
925 2775 1015 2828 tria
1056 2780 1302 2838 dividitur,
1332 2775 1400 2840 Il,
1439 2777 1547 2828 717.
1575 2775 1905 2840 Medicjnalia
1953 2776 2099 2840 multa

513 2841 856 2890 describuntur
885 2879 897 2901 ,
945 2841 1056 2890 ⁸551.
1084 2841 1320 2891 Medicina
1349 2837 1462 2889 vera
1508 2856 1532 2888 a
1572 2839 1708 2895 Deo,
1751 2837 1833 2895 IV,
1858 2840 1968 2890 962.
1996 2839 2101 2888 Non

512 2905 806 2964 spernenda.
832 2903 938 2954 552.
968 2904 1167 2964 Absque
1197 2906 1283 2953 Dei
1309 2904 1639 2952 misericordia
1665 2914 1741 2948 ars
1758 2902 1984 2951 medendi
2006 2915 2099 2950 uou

517 2965 675 3025 valet,
706 2965 815 3015 475.
841 2966 1078 3013 Medicina
1105 2975 1326 3014 extrema
1354 2965 1391 3014 X
1422 2968 1653 3022 tribuum,
1675 2972 1726 3012 et
1747 2968 1959 3014 omnium
1984 2978 2100 3026 pcc-

517 3034 754 3087 eatorum,
778 3041 906 3089 quas,
935 3026 1017 3086 IX,
1046 3029 1152 3076 276.
1177 3028 1429 3076 Medicina;
1453 3041 1550 3085 ars,
1573 3026 1652 3076 6‘1.

580 3087 806 3138 Medicus
837 3091 876 3138 si
896 3087 1187 3138 cessaverit
1219 3102 1390 3137 curare
1410 3127 1423 3145 ,
1447 3091 1696 3148 desperat,
1727 3087 1767 3148 I,
1796 3087 1903 3139 409.
1926 3088 2099 3138 Medici

514 3149 766 3212 diligentia
806 3165 892 3200 nos
939 3164 1032 3200 non
1078 3152 1252 3200 liberat
1287 3155 1347 3198 ab
1373 3154 1502 3199 omni
1534 3150 1844 3210 inlirmitate,
1876 3150 1955 3209 II,
1984 3153 2094 3201 794.

520 3211 708 3272 Ρίιγδὶοἰ
734 3223 787 3262 et
811 3214 1007 3271 medici,
1032 3227 1140 3274 qua:
1177 3213 1236 3261 ad
1277 3215 1539 3274 utilitatem
1565 3214 1685 3261 artis
1710 3225 1812 3258 suae
1839 3213 2102 3265 referunt?

516 3276 626 3323 552.
654 3275 777 3334 Quid
801 3273 1060 3324 declarant
1080 3289 1247 3325 eorum
1275 3273 1407 3334 libri,
1428 3274 1490 3324 ib.
1520 3274 1859 3334 Imperitorum
1888 3275 2102 3323 Medico-

517 3352 625 3386 rum
644 3339 964 3394 cousnetudo.
992 3338 1101 3389 412.
1130 3337 1325 3386 Frustra
1351 3338 1568 3386 laborant
1604 3336 1795 3391 Medici,
1819 3337 1908 3384 nisi
1934 3337 2102 3386 Domi-

521 3411 611 3462 nus
629 3408 784 3460 curet,
809 3401 871 3449 IV
877 3438 891 3458 ,
911 3401 1019 3452 475.
1048 3401 1342 3450 Medicorum
1365 3413 1469 3462 mos
1485 3402 1533 3448 in
1555 3397 1806 3446 curatione
1821 3398 2098 3462 vulnerum,

517 3460 626 3517 VII.
651 3463 757 3514 268.
788 3464 1003 3513 Medicus
1026 3465 1302 3525 imperitus,
1332 3461 1479 3525 quis?
1499 3462 1607 3513 559.

583 3525 828 3576 Meditalio
845 3522 1122 3586 quotidiana
1144 3534 1193 3574 et
1209 3525 1448 3585 frequens
1473 3524 1620 3574 lectio
1643 3524 1816 3572 animae
1850 3522 1978 3572 solet
2001 3537 2104 3574 ma-

520 3587 750 3651 gis_labor
772 3602 883 3637 esse
906 3602 1051 3651 quam
1070 3588 1245 3651 cernis,
1280 3587 1362 3643 III,
1385 3588 1492 3651 595.

588 3649 660 3712 De
688 3649 1060 3712 MegarettSibus
1082 3650 1195 3712 quid
1215 3651 1391 3712 dicitur
1413 3650 1437 3700 ?
1464 3649 1502 3710 l,
1528 3649 1637 3712 912.

585 3711 681 3759 Mel
709 3709 800 3760 uoti
819 3711 1023 3760 offertur
1047 3709 1374 3766 in'sacrillciis.
1392 3709 1544 3773 quare
1563 3711 1589 3761 ‘I
1611 3711 1649 3768 Ι,
1674 3710 1785 3760 962.
1805 3709 1902 3759 Mel
1926 3712 2108 3759 saturi-

523 3779 624 3821 tate
661 3775 802 3822 nimia
827 3777 1032 3823 vertitur
1061 3775 1109 3822 in
1134 3775 1446 3834 absinthium,
1489 3773 1548 3833 V,
1576 3776 1686 3824 515.
1712 3773 1808 3822 Mel
1843 3787 1937 3822 non
1959 3773 2108 3823 oiler-

525 3841 607 3882 tur
634 3836 680 3882 iu
704 3836 974 3891 sacrificiis,
1002 3835 1083 3891 VI.
1114 3835 1218 3885 175.

588 3895 827 3953 Melania.
857 3897 898 3946 Il
921 3935 932 3955 ,
956 3901 1034 3959 14,
1061 3898 1136 3946 87.
1174 3897 1291 3957 Ejus
1315 3899 1442 3947 inter
1465 3896 1760 3949 Christianos
1782 3910 1898 3959 vera
1933 3898 2109 3946 nobili-

523 3963 627 4024 t_a_s.
659 3961 765 4009 185.
796 3960 908 4024 Ejus
952 3958 1185 4024 patientia
1216 3969 1266 4008 et
1289 3962 1554 4024 constantia
1576 4000 1588 4016 .
1624 3959 1742 4024 ibid.
1778 3958 1893 4024 Ejus
1916 3959 2104 4024 laudes,

525 4018 630 4072 196.
661 4024 710 4071 ln
731 4018 1014 4084 quoRon'tte
1039 4022 1243 4071 fabulam
1269 4024 1516 4085 praebuit?
1536 4021 1599 4072 ib.
1629 4018 1851 4071 Melaniae
1873 4030 1924 4071 et
1947 4018 2111 4072 Paula)

522 4085 618 4131 vita
639 4087 871 4144 strictior,
894 4085 1003 4134 197.

571 4146 863 4209 Melanthius
886 4147 1135 4209 respondit
1158 4147 1351 4207 Gorgia:
1374 4148 1579 4209 rhetori,
1603 4146 1666 4204 ll.
1690 4147 1802 4196 516.

573 4208 934 4261 Melchisedech
945 4208 1225 4272 ἀγινιιλότητος
1237 4213 1433 4270 dicitur,
1449 4208 1487 4267 I,
1500 4210 1529 4257 4
1541 4210 1585 4258 41
1597 4210 1816 4272 .Putatur
1829 4208 2113 4272 quibusdam

521 4269 641 4320 Sem
667 4272 793 4322 (ilius
814 4273 941 4336 Noe,
968 4269 1075 4324 441.
1103 4269 1176 4336 Att
1198 4275 1263 4336 sit
1284 4269 1499 4336 Spiritus
1517 4275 1738 4336 Sanctus,
1773 4269 1881 4336 441.
1905 4272 1977 4319 Ab
2002 4271 2114 4336 O_ri-

526 4347 658 4395 gene
683 4335 902 4397 Angelus
923 4331 1116 4388 dicitur,
1159 4331 1282 4384 ibid.
1309 4334 1419 4382 Fuit
1441 4333 1995 4397 sacerdosibtjabsque
2016 4334 2114 4397 cir-

526 4394 843 4456 cumcisione,
877 4407 928 4448 et
963 4397 1226 4458 Legalibus
1259 4398 1585 4452 caeremoniis,
1610 4396 1720 4444 446.
1748 4395 1863 4455 Ejus
1885 4394 2112 4458 palatium

526 4461 575 4504 in
599 4459 761 4508 Salem
787 4457 1121 4518 monstratum,
1146 4460 1254 4508 445.
1284 4458 1648 4507 Melchisedech
1669 4459 1807 4516 juxta
1831 4457 2108 4513 Opinionem

527 4518 847 4571 Hebraeorum
875 4524 964 4573 fuit
986 4524 1100 4572 Sem
1127 4524 1248 4571 lilius
1286 4521 1391 4569 Noe
1413 4560 1425 4577 .
1463 4521 1531 4570 III
1555 4559 1568 4582 ,
1609 4522 1717 4570 528.
1745 4519 2107 4569 Melchisedech

527 4595 702 4648 panem
730 4595 782 4634 et
805 4588 966 4648 viuuut
992 4586 1186 4648 obtulit,
1205 4584 1316 4646 VII,
1341 4583 1446 4632 181.

525 4642 824 4757 ὸῖξειοιιοηι
857 4647 1036 4698 idolum
1076 4642 1487 4708 Ammouitarum,
1515 4644 1611 4706 III,
1644 4645 1756 4704 250,
1798 4651 1843 4694 ει
1869 4642 1955 4704 νι,
1996 4642 2108 4704 256,

591 4770 819 4835 Meletius
843 4772 1177 4824 Antiochenus
1197 4773 1470 4835 episcotius,
1489 4770 1530 4827 I,
1556 4771 1635 4830 59,
1657 4771 1737 4820 45.

591 4832 706 4882 Meli
732 4837 880 4885 vestis
903 4835 1236 4894 sacerdotalis,
1267 4835 1304 4895 Ι,
1331 4832 1442 4884 565.

588 4895 757 4946 Melito
793 4898 1053 4948 Sardensis
1087 4893 1364 4959 episcopus,
1409 4895 1459 4958 I,
1498 4897 1608 4946 428.
1649 4894 1818 4944 Melito
1856 4893 2112 4944 Sardensis

526 4961 803 5021 episcouus.
828 4961 893 5024 lI,
915 4961 1023 5012 865.
1049 4961 1219 5010 Melito
1242 4962 1292 5010 in
1309 4961 1494 5023 Spiritu
1513 4966 1679 5008 sancto
1701 4959 1960 5007 eunuchus
1980 4960 2108 5019 posi-

527 5027 608 5071 tus
631 5031 706 5074 est
731 5025 779 5072 in
805 5024 984 5072 Sardis.
1009 5025 1118 5074 885.

589 5084 844 5149 Mellorum
865 5087 1093 5149 exempla
1110 5085 1382 5148 sequenda,
1405 5085 1448 5148 Ι,
1473 5083 1581 5134 122.

589 5148 766 5198 Melius
783 5161 976 5209 semper
993 5145 1052 5197 ad
1073 5145 1477 5210 comparationem
1496 5145 1762 5210 deterioris
1777 5146 2002 5210 respicit,
2017 5157 2111 5194 non

527 5206 969 5273 ad'sitnplicitatem
993 5206 1379 5272 incomparabilis
1403 5225 1490 5273 per
1514 5224 1570 5257 se
1596 5209 1708 5257 boui
1733 5245 1746 5266 ,
1775 5206 1812 5267 l,
1833 5207 1941 5258 229.

587 5273 797 5323 Melotes
816 5275 964 5322 vestis
989 5287 1170 5334 genus,
1191 5273 1254 5334 Il,
1281 5276 1356 5324 55.

594 5337 888 5385 Membrana;
915 5331 1044 5384 unde
1067 5331 1208 5384 dicite
1235 5331 1592 5396 pergamenm?
1617 5332 1654 5389 I.
1687 5331 1758 5381 18.

591 5400 806 5448 Membra
829 5400 1039 5447 hominis
1056 5393 1357 5459 aﬂ'ectusque
1381 5397 1570 5445 humani
1592 5393 1832 5458 quomodo
1841 5393 1948 5443 Deo
1965 5396 2114 5444 ascri-

527 5462 724 5516 bantur.
753 5461 835 5522 VI,
860 5464 953 5511 515
975 5468 1020 5510 et
1055 5473 1153 5520 seq.
1182 5460 1401 5509 Membra
1436 5460 1725 5509 alterutrqu
1748 5469 1843 5505 non
1865 5466 1996 5517 sunt,
2023 5460 2113 5506 nisi

531 5525 702 5573 lideles
726 5532 929 5578 tantum.
953 5523 1061 5580 VII,
1088 5525 1196 5574 627.

593 5586 841 5634 Memoria.
875 5585 1000 5634 Nihil
1028 5587 1224 5646 prodest
1261 5584 1433 5634 vidisse
1459 5590 1512 5633 et
1535 5584 1724 5631 audisse
1749 5621 1764 5641 ,
1793 5583 1883 5630 nisi
1924 5594 1982 5630 ea
2006 5594 2115 5642 qua:

530 5649 752 5756 ζῇάῗιᾶἓπ
786 5657 840 5697 et
870 5649 1148 5708 audiuntur,
1190 5650 1236 5695 in
1269 5646 1513 5696 Memoriae
1533 5645 1764 5694 thesauro
1790 5652 2114 5706 reponantur,

593 5769 833 5829 Memphis
857 5777 909 5818 et
925 5768 1142 5831 'I’apbnls
1162 5770 1315 5820 urbes
1331 5768 1541 5833 Egypti,
1567 5769 1651 5829 IV,
1669 5768 1778 5818 848.
1805 5767 1934 5816 Urbs
1950 5767 2117 5817 dedita

1561 2091 1653 2139 tios
1669 2104 1866 2153 nomen,
1889 2091 2093 2153 VI,785.

1143 230 1354 288 INDEX
1394 230 1921 289 ALPHABETICUS
1965 232 2031 288 IN
2070 231 2289 288 OMNIA
2329 230 2562 286 OPEIIA
2605 230 2664 286 S.
2710 228 3111 286 HIERONYMI.

3653 228 3801 284 1024

2195 347 2401 410 magicis
2432 347 2620 396 artibus
2641 386 2654 409 ,
2679 346 2796 410 205.
2828 348 2880 398 In
2905 346 3146 409 Memphis
3182 344 3420 410 templum
3433 355 3544 410 gest,
3558 345 3706 410 Apis,
3737 344 3801 410 V,

2195 408 2305 458 557.
2343 408 2395 457 1η
2434 423 2494 459 eo
2528 408 2722 472 oracula
2763 410 2979 460 consulta
3003 408 3334 471 respondent,
3370 408 3805 472 5572Metr0polis

2192 473 2577 583 gulierstitiunis,
2613 469 2681 522 ib.
2716 473 2955 536 Memphis
2992 468 3108 520 oliui
3143 468 3430 534 metropolis
3461 468 3687 535 Egypti,
3709 471 3802 531 VI,

2259 595 2556 660 Memphitici
2585 604 2723 646 vates
2745 610 2770 643 a
2798 597 3071 660 Pythagora
3097 597 3296 660 visitati,
3323 595 3368 645 II
3387 635 3399 650 .
3424 595 3534 645 270.

2256 658 2525 707 Menander
2541 659 2806 720 discipulus
2829 658 3040 708 Simonis
3065 663 3213 717 magi,
3242 659 3306 718 Il,
3336 660 3442 709 197.

2255 720 2521 785 Menander
2549 732 2708 783 poeta.
2731 721 2837 785 VII,
2863 724 2975 779 6W.
2995 721 3106 771 648.
3130 721 3379 785 'l‘rintet‘er
3398 722 3638 772 iambicus
3665 723 3803 785 ejus-

2191 783 2324 840 dem,
2347 785 2454 848 471.
2483 784 2744 848 Menandri
2767 783 3038 848 _COmmdia,
3068 784 3177 834 707.
3207 783 3388 833 Paulus
3411 798 3474 832 ex
3505 798 3563 833 ea
3587 783 3806 848 sumpsit

2193 859 2390 896 versum
2415 847 2686 907 iambicum,
2707 845 2830 896 ibid.

2257 908 2523 957 Mendaces
2546 908 2744 969 faciunt,
2783 924 2836 959 ut
2857 922 2950 958 nec
2971 910 3064 958 sibi
3088 921 3202 958 vera
3235 909 3515 958 dicentibus
3539 910 3798 969 credatur,

2196 970 2236 1034 Ι,
2263 971 2332 1034 16.
2365 969 2626 1019 Meudaces
2649 985 2894 1021 memores
2915 986 3029 1034 esse
3051 973 3257 1034 debent,
3283 970 3349 1034 II,
3373 973 3484 1020 545.

2258 1033 2562 1082 Mendacium
2595 1041 2819 1094 tempore
2863 1033 3165 1094 roburattun,
3205 1033 3244 1092 Ι,
3283 1033 3390 1085 580.
3429 1033 3802 1083 Mendaciomm

2194 1094 2320 1159 linis,
2345 1097 2570 1159 interitus
2600 1106 2694 1152 est,
2719 1096 2829 1148 606.
2849 1097 3153 1159 Mendacium
3175 1109 3264 1144 non
3293 1098 3450 1145 haeret
3475 1098 3706 1159 interque.
3732 1096 3800 1159 II,

2196 1155 2312 1209 556.
2350 1155 2614 1218 Impudens
2652 1172 2744 1204 non
2779 1158 3127 1214 refellendum,
3167 1159 3214 1206 5.
3257 1158 3561 1206 Mendacium
3607 1155 3804 1208 licitum

2189 1221 2330 1281 juxta
2365 1220 2613 1281 quosdam,
2639 1220 2748 1271 474.
2787 1220 3024 1269 Professae
3044 1222 3314 1272 ,iuimicitite
3346 1221 3680 1280 suspicionem
3710 1223 3801 1268 ha-

2197 1286 2317 1346 bent
2352 1283 2588 1346 mendacii
2613 1321 2624 1340 .
2654 1285 2760 1333 470.
2792 1284 3093 1332 Mendacium
3130 1283 3342 1332 imitatur
3384 1284 3669 1346 veritatem,
3713 1283 3806 1346 IV,

2200 1345 2337 1396 1006.
2365 1345 2502 1393 1059.
2531 1345 2762 1394 Meudacii
2790 1348 3108 1394 inconstantia
3149 1354 3201 1394 et
3224 1358 3464 1394 set-monts
3487 1345 3578 1393 Dei
3600 1345 3806 1394 stabili;

2197 1416 2288 1466 tas,
2312 1405 2418 1456 266.
2463 1407 2664 1465 Quidam
2705 1409 2754 1457 in
2787 1407 3002 1456 Ecclesia
3042 1421 3130 1467 per
3169 1410 3491 1468 ignorantiam
3523 1407 3810 1457 defendunt

2196 1469 2504 1518 mendacium
2529 1484 2613 1530 pro
2638 1473 2864 1526 veritate,
2882 1469 2987 1518 144.
3011 1468 3320 1520 Consuetudo
3343 1470 3611 1519 mentiendi
3637 1470 3684 1517 in
3710 1485 3809 1517 na-

2199 1539 2354 1580 turam
2381 1544 2541 1588 versa,
2561 1531 2672 1583 905.
2694 1532 2933 1581 Meudacii
2961 1542 3145 1594 reatus,
3169 1531 3278 1590 VII,
3305 1531 3417 1581 592.

2262 1594 2636 1643 Mentlicantium
2677 1597 2866 1643 exitum
2892 1595 3113 1643 habuere
3150 1595 3289 1642 mulll
3315 1595 3495 1642 divites
3527 1595 3662 1643 inter
3687 1597 3805 1644 auri

2203 1657 2500 1720 argentique
2520 1658 2740 1720 pondera
2758 1665 2982 1719 egestate
3004 1656 3231 1716 confecti,
3252 1656 3316 1720 V,
3340 1658 3419 1706 76.

2213 1757 2217 1762 .
2265 1719 2496 1780 Menites,
2520 1717 2582 1780 II,
2605 1719 2714 1769 642.

2264 1781 2404 1829 Mens
2425 1778 2614 1830 Christo
2638 1781 2824 1839 dedita,
2874 1783 2922 1828 in
2952 1781 3224 1830 minoribus
3257 1786 3335 1829 est
3365 1781 3578 1841 intenta,
3617 1781 3658 1840 Ῐ,
3683 1782 3806 1832 540.

2197 1841 2304 1905 Non
2332 1851 2406 1890 est
2434 1843 2571 1905 culpa
2594 1845 2676 1893 ubi
2696 1844 2877 1892 desunt
2897 1857 3089 1897 sensus,
3109 1846 3389 1904 mentisque
3413 1844 3664 1904 judicium,
3679 1847 3800 1894 794.

2200 1904 2340 1969 Meus
2364 1905 2484 1969 cibis
2508 1904 2707 1969 onerata
2733 1908 2986 1969 premitur,
3016 1905 3120 1954 195.
3141 1967 3146 1969 _
3169 1905 3321 1969 Multo
3365 1905 3547 1954 melius
3571 1915 3650 1955 est
3690 1915 3808 1956 sto-

2199 1968 2422 2014 machum
2445 1968 2636 2022 dolere.
2662 1967 2806 2030 quam
2827 1967 3212 2030 tnetttetlt,7507.
3246 1967 3578 2030 Nonisanatur
3604 1971 3809 2018 (333011.38

2199 2030 2397 2089 mentis,
2440 2031 2536 2077 nisi
2575 2029 2792 2092 doctrina
2825 2030 3023 2087 Christi,
3066 2029 3149 2092 IV,
3197 2029 3302 2080 120.
3332 2029 3474 2092 Mens
3498 2030 3664 2087 iuncta
3689 2032 3808 2080 Deo

2200 2101 2430 2201 Erovocat
2470 2092 2580 2153 ejus
2615 2091 2950 2148 clementiam,
2992 2105 3084 2140 non
3129 2090 3352 2142 vicinitas
3391 2090 3684 2150 Ecclesiam,
3735 2095 3798 2156 ν,

2233 2153 2309 2201 25.
2340 2153 2516 2201 Mentis
2537 2156 2822 2201 obscuritas.
2869 2162 2921 2201 et
2962 2157 3150 2201 vanitas
3188 2168 3366 2201 sensus
3400 2153 3620 2201 bifariam
3644 2158 3798 2201 divisa

2233 2153 2309 2201 25.
2340 2153 2516 2202 Mentis
2537 2156 2822 2208 obscuritas,
2869 2162 2921 2203 et
2962 2157 3150 2202 vanitas
3188 2168 3366 2202 Sensus
3400 2153 3620 2202 bifariam
3644 2153 3810 2205 divisa

2201 2214 2269 2273 in,
2291 2225 2412 2275 etc.,
2441 2216 2549 2276 VII,
2572 2219 2680 2267 621.
2712 2215 2836 2266 Vide
2857 2215 3078 2273 Animus,
3109 2217 3388 2277 Ingenium,
3416 2215 3623 2265 Pectus.

2269 2277 2486 2327 Mensam
2507 2282 2627 2329 varii
2648 2281 2853 2342 generis
2875 2278 3036 2339 epulis
3053 2280 3306 2342 refertam,
3320 2287 3373 2326 et
3393 2279 3618 2339 poculum
3642 2279 3811 2328 mulso

2201 2339 2698 2452 mixlttiirtnponlgléant
2740 2341 2970 2404 IEgyptii,
3013 2355 3244 2391 annorum
3288 2341 3600 2389 fertilitatem
3631 2346 3809 2404 auspi-

2201 2412 2290 2449 can
2317 2417 2388 2452 es.
2486 2441 2498 2452 .
2557 2412 2584 2451 '.
2626 2442 2633 2450 .

2201 2409 2388 2462 cantes,
2417 2407 2498 2462 IV,
2525 2407 2633 2454 7:28.

2267 2441 2774 2526 Menstebe'tiedictio.
2803 2472 2854 2515 et
2875 2467 3140 2526 gratiarum
3168 2465 3309 2522 actio,
3341 2463 3379 2520 l,
3407 2463 3518 2514 121.

2268 2525 2467 2577 Menses
2489 2529 2794 2578 Phamenotlt
2825 2525 2894 2577 et,
2919 2528 3220 2587 Pharmutlti,
3260 2527 3300 2584 Ι,
3324 2527 3436 2578 650.
3464 2527 3672 2578 Menses
3691 2530 3810 2579 Me-

2200 2589 2307 2637 chir
2333 2597 2384 2639 et
2408 2592 2705 2648 Pharmuthi,
2744 2592 2854 2640 609.
2893 2591 3076 2639 Mensis
3115 2591 3383 2638 secundum
3432 2589 3564 2637 luna
3602 2604 3816 2641 cursum

2202 2661 2492 2711 supputatur
2511 2655 2635 2713 apud
2666 2654 2918 2710 Hebraeos,
2944 2652 3008 2712 V,
3035 2654 3144 2702 555.
3173 2653 3369 2701 Menses
3390 2651 3596 2700 Hebrei
3625 2668 3819 2703 unme-

2201 2715 2462 2774 rantjuxta
2488 2715 2612 2764 lunae
2636 2729 2852 2774 cursum,
2903 2715 2982 2765 68.
3025 2714 3266 2764 Mensiutu
3292 2716 3434 2774 ratio,
3458 2714 3507 2763 6.
3551 2714 3818 2765 Meusium

2203 2773 2482 2838 Judgeorum
2510 2779 2715 2835 initium,
2736 2773 2847 2838 VII,
2869 2777 2981 2828 556.

2267 2823 2715 2900 amisiaiatgiaitnt
2732 2823 3044 2898 assumit...
3071 2823 3154 2900 vl,
3181 2839 3290 2887 907.

2266 2897 2760 3014 Melavsniraglcbratce
2788 2909 2846 2952 et
2879 2897 3053 2952 Latine
3089 2897 3262 2951 eodem
3308 2898 3584 2964 appellatur
3633 2904 3819 2952 uomi-

2266 2983 2289 3014 ι.
2387 3004 2399 3014 .
2457 2979 2485 3011 ι)
2523 3002 2534 3012 .

2204 2965 2399 3024 ne,,lV,
2428 2965 2534 3014 154.

2268 3022 2493 3074 MenSura
2519 3028 2870 3076 misericordia:
2903 3027 3099 3080 divinae,
3121 3024 3207 3086 IV,
3230 3025 3338 3074 272.

2270 3086 2465 3152 Meutiri
2489 3090 2799 3152 sacrilegium
2827 3097 2959 3152 puta,
2987 3089 3025 3152 I,
3057 3089 3181 3152 688_._
3218 3088 3312 3137 Ubi
3351 3087 3404 3135 lit
3443 3086 3570 3148 quod
3596 3087 3818 3152 dicitur,

2205 3151 2479 3257 gggttiendi
2521 3166 2615 3201 non
2663 3150 2741 3203 est
2783 3150 2935 3212 locus,
2983 3151 3095 3200 774.
3141 3150 3298 3200 Nemo
3330 3153 3578 3200 mentiens
3618 3151 3815 3212 plorat,

2270 3273 2589 3334 Mercatores,
2613 3278 2718 3324 sive
2745 3277 3083 3338 negotiatores
3107 3276 3267 3338 curiin
3297 3274 3429 3338 mille
3454 3287 3698 3325 annorum
3723 3291 3818 3326 rc-

2207 3348 2305 3396 guo
2330 3339 2597 3386 secundum
2615 3335 2869 3389 Chiliastas
2893 3353 2986 3386 non
3010 3340 3176 3394 futuri,
3203 3337 3287 3393 IV,
3313 3335 3426 3387 828.

2274 3397 2542 3448 Mercatum
2587 3402 2969 3450 celeberrimum
3018 3400 3306 3450 Terebintlti
3355 3399 3667 3448 exsecrabile
3697 3409 3819 3452 erat

2205 3456 2391 3528 Judzeis
2410 3464 2592 3528 visere,
2619 3470 2672 3512 et
2691 3477 2802 3528 cur,
2829 3462 2915 3521 IV,
2955 3464 3092 3528 1065.
3117 3463 3385 3528 _Mercatt_ts
3409 3463 3542 3528 idem
3562 3464 3812 3528 celeber-

2206 3523 2360 3633 gisrgus
2409 3538 2497 3586 per
2542 3527 2763 3587 singulos
2804 3537 2954 3573 annos
2989 3527 3036 3574 in
3071 3523 3384 3574 tabernaculo
3424 3523 3665 3584 Abrahae,
3709 3525 3812 3584 VI,

2273 3647 2465 3697 Merccs
2484 3650 2814 3712 quantaapud
2834 3649 3015 3712 Deum,
3044 3651 3082 3698 si
3118 3650 3167 3697 in
3207 3649 3437 3711 presenti
3463 3651 3681 3708 pretium
3707 3662 3816 3697 non

2208 3710 2514 3770 speraretur,
2535 3710 2574 3769 I,
2602 3711 2712 3760 261.
2741 3712 2884 3771 Major
2899 3715 2938 3760 is
2962 3710 3040 3762 ρει
3066 3710 3328 3771 mercedis,
3370 3712 3497 3771 quod
3545 3725 3643 3759 non
3667 3713 3811 3773 mgi-

2211 3778 2384 3883 ξι
2406 3773 2634 3883 figatur,
2669 3774 2774 3824 104.
2817 3773 3082 3824 Praesentis
3121 3773 3300 3822 laboris
3339 3786 3532 3821 merces
3572 3774 3814 3822 conside-

2210 3838 2375 3894 randa,
2406 3838 2510 3887 125.

2276 3897 2610 3948 Merceuarius
2629 3906 2838 3954 notatur,
2864 3896 2947 3959 IV,
2974 3897 3080 3949 276.

2275 3959 2569 4010 Meretrices
2591 3975 2654 4010 ne
2683 3967 2912 4022 putentur
2936 3957 3182 4022 innuptas.
3220 3958 3282 4018 II,
3323 3959 3430 4010 260.
3478 3957 3813 4009 Meretricum

2215 4029 2277 4084 et
2305 4023 2633 4072 adulterarum
2673 4037 2696 4070 a
2739 4022 2848 4071 Deo
2873 4025 3190 4084 peculiariter
3220 4033 3509 4084 evectarunt
3545 4027 3806 4084 exempla,

2212 4082 2382 4150 VI,_19
2403 4092 2444 4134 et
2467 4097 2565 4150 seq.
2592 4084 2837 4150 Meretrix
2857 4079 3191 4150 Atheniensis,
3216 4083 3466 4150 Υ11ε545.
3524 4144 3565 4150 __
3643 4079 3661 4094 “

2284 4144 2671 4196 Meretrix'lavat
2696 4146 2892 4196 lletibns
2918 4150 3071 4208 pedes
3091 4147 3302 4206 Domiui,
3327 4146 3367 4205 I,
3388 4147 3497 4196 451.
3524 4144 3816 4208 Ungueutis

2214 4208 2451 4257 bonorum
2475 4224 2680 4270 Oltel‘llln
2706 4206 3072 4270 corporis'illius
3097 4210 3288 4257 dedicat
3320 4206 3647 4270 Sepulturant,
3678 4206 3806 4257 ibid.

2215 4271 2341 4335 Quid
2364 4274 2412 4321 in
2433 4280 2596 4335 typum
2627 4272 2853 4320 Ecclesiae
2877 4281 3097 4335 meretur
3120 4271 3323 4320 audire?
3347 4271 3457 4335 897.

2279 4331 2598 4383 MeritaI'Non
2619 4340 2693 4382 est
2717 4335 2766 4382 in
2788 4334 3020 4396 praesenti
3069 4335 3330 4382 retributio
3379 4334 3685 4389 Meritorum,
3712 4331 3809 4380 sed

2218 4395 2268 4443 in
2293 4396 2473 4453 futuro,
2494 4397 2581 4452 lll.
2607 4397 2714 4444 465.
2743 4395 2798 4444 Si
2822 4396 2995 4445 Merita
3024 4405 3189 4445 nostra
3227 4397 3602 4445 consideremus
3618 4396 3810 4456 ἀεξιγυ-

2216 4458 2417 4506 randum
2444 4469 2537 4514 est.
2564 4459 2648 4519 IV,
2675 4457 2783 4507 765.

2218 4519 2542 4630 Πξκτυᾱπιι
2567 4518 2755 4584 patrem
2775 4519 3214 4569 Nabuchodonosor
3249 4519 3447 4569 Hebraei
3474 4519 3691 4575 tradunt,
3715 4518 3807 4576 IV,

2282 4643 2626 4706 MeSOpotamla
2644 4644 2758 4694 ideo
2781 4645 2972 4703 dicitur,
2994 4645 3123 4706 quod
3150 4645 3340 4695 duobus
3360 4644 3541 4702 ﬂuviis,
3583 4643 3810 4706 Euphra-

2219 4713 2269 4756 te
2294 4709 2548 4766 ambiatur,
2574 4717 2626 4756 et
2644 4708 2799 4769 Tigri,
2819 4706 2908 4767 III,
2941 4707 3046 4757 102.
3169 4767 3184 4769 Ν
3311 4719 3314 4722 '

2282 4769 2502 4833 Messalae
2520 4782 2644 4818 uxor
2664 4767 2775 4832 qua:
2789 4767 2960 4833 nupsit
2984 4770 3133 4833 tertio
3149 4767 3381 4833 ,Corvlno.
3402 4767 3609 4833 [1,516.

2283 4831 2578 4943 Messalbiagi,
2606 4831 2827 4882 haeretici
2849 4831 3020 4897 Syriae,
3049 4832 3089 4892 l,
3141 4831 3276 4881 1042.
3327 4832 3428 4882 Hos
3468 4831 3628 4883 Graeci
3665 4843 3807 4891 enim

2283 4907 2364 4941 can
2394 4908 2446 4943 ,ι
2481 4909 2494 4943 ι
2542 4934 2551 4943 .

2218 4902 2406 4950 vocant.
2430 4902 2551 4944 ποια.

2282 4957 2451 5020 Messit
2471 4971 2556 5018 pro
2578 4957 2817 5020 supplicio
2841 4956 3203 5020 accipiturLVI,
3231 4957 3290 5006 67
3313 4962 3360 5005 et
3381 4956 3457 5005 68.

2279 5017 2501 5070 Messore
2523 5017 2707 5069 mensis
2729 5034 2906 5083 nomen
2931 5017 3057 5083 apud
3079 5019 3349 5083 Egyptios,
3364 5021 3440 5067 cui
3466 5019 3596 5082 apud
3609 5017 3809 5067 Latinos

2216 5081 2471 5139 Augustus
2493 5083 2779 5144 Γεδρθιιόθι,
2810 5082 2873 5143 II,
2897 5081 2972 5131 55.

2282 5141 2590 5206 Metallorum
2630 5141 2827 5206 species
2864 5141 2968 5193 non
3005 5143 3144 5194 facile
3189 5145 3482 5205 dignoscunt
3519 5145 3710 5204 rustici,
3743 5141 3809 5202 V,

2217 5209 2326 5259 257.
2349 5205 2546 5255 Metalla
2570 5205 2726 5255 omnia
2754 5207 2860 5256 Deo
2885 5215 3071 5266 creata,
3091 5206 3175 5262 VI.
3203 5208 3313 5256 758.

2282 5268 2660 5330 Metallofenum,
2677 5270 2966 5330 locusjuxta
2985 5272 3167 5330 Aurea,
3190 5268 3407 5329 111,199.
3429 5268 3537 5319 211.
3566 5267 3702 5318 Idem
3718 5268 3809 5328 qui

2221 5331 2413 5392 Fenon,
2441 5345 2530 5379 st-u
2559 5331 2736 5390 I’inon,
2762 5329 2882 5381 ibid.

2283 5394 2726 5454 Metatnorpltoseos
2746 5394 2950 5443 Nasonis
2972 5392 3200 5455 |ibri,Vl,
3224 5393 3333 5443 406.

2285 5457 2521 5504 Metanira
2545 5458 2893 5505 monasterium
2918 5459 2982 5505 de
3004 5454 3216 5516 Canobo,
3241 5456 3304 5513 ll,
3326 5456 3402 5505 55.

2283 5518 2592 5580 Metapltorte
2609 5520 2869 5579 elegantes
2894 5531 2919 5563 a
2942 5518 3085 5566 simili
3110 5521 3287 5578 ductae,
3315 5518 3352 5577 I,
3373 5517 3485 5580 605.
3512 5516 3806 5580 Metapbora

2220 5583 2263 5631 si
2275 5580 2344 5627 '(Ie
2369 5580 2460 5643 alia
2489 5578 2708 5643 iugalium,
2735 5582 2948 5643 linguam
2973 5580 3029 5627 ad
3045 5581 3258 5643 rvcrbutn
3286 5578 3604 5640 transfertur,
3630 5578 3808 5628 obscu-

2223 5653 2375 5700 ratur,
2404 5639 2466 5698 II,
2489 5641 2596 5690 476.
2623 5639 2907 5702 Μειδιιὶῐοισδ
2929 5651 2979 5691 et
2997 5642 3228 5702 allegoria
3255 5643 3470 5690 historlze
3493 5639 3810 5702 nonst-mper

2223 5709 2506 5760 consonant.
2526 5703 2610 5763 VI,
2630 5705 2741 5754 658.
2757 5701 3037 5764 Metaphora
3062 5701 3119 5753 ad
3146 5707 3348 5754 verbum
3371 5706 3606 5754 translata
3628 5701 3807 5753 olm-

2225 5781 2304 5816 ros
2327 5778 2503 5814 sensus
2519 5766 2687 5827 habet,
2712 5767 2821 5827 Vll,
2845 5767 2953 5817 620.
